<html lang="en-US" xmlns:fb="https://www.facebook.com/2008/fbml" xmlns:addthis="https://www.addthis.com/help/api-spec" prefix="og: http://ogp.me/ns#"><head><script src="https://connect.facebook.net/en_US/sdk.js?hash=4a90b5eb3c508c9f582019334f79cb81&amp;ua=modern_es6" async="" crossorigin="anonymous"></script><script type="text/javascript" src="https://m.addthis.com/live/red_lojson/300lo.json?si=5e50a49b50239966&amp;bkl=0&amp;bl=1&amp;pdt=750&amp;sid=5e50a49b50239966&amp;pub=SOSCuisine&amp;rev=v8.28.3-wp&amp;ln=en&amp;pc=wpp&amp;cb=0&amp;ab=-&amp;dp=www.soscuisine.com&amp;fp=grocery-flyers%2F&amp;fr=&amp;of=0&amp;pd=0&amp;irt=1&amp;vcl=1&amp;md=0&amp;ct=1&amp;tct=0&amp;abt=0&amp;cdn=0&amp;pi=1&amp;rb=0&amp;gen=100&amp;chr=UTF-8&amp;colc=1582343323519&amp;wpv=wpp-6.1.7&amp;wpbv=4.9.8&amp;addthis_plugin_info=%7B%22info_status%22%3A%22enabled%22%2C%22cms_name%22%3A%22WordPress%22%2C%22plugin_name%22%3A%22Share%20Buttons%20by%20AddThis%22%2C%22plugin_version%22%3A%226.1.7%22%2C%22plugin_mode%22%3A%22WordPress%22%2C%22anonymous_profile_id%22%3A%22wp-9c7386656930881e2a47c81c3951069f%22%2C%22page_info%22%3A%7B%22template%22%3A%22pages%22%2C%22post_type%22%3A%22%22%7D%2C%22sharing_enabled_on_post_via_metabox%22%3Afalse%7D&amp;jsl=1&amp;uvs=5e50a2f5bd90d242024&amp;skipb=1&amp;callback=addthis.cbs.jsonp__6430509594312490"></script><script id="facebook-jssdk" src="//connect.facebook.net/en_US/sdk.js#xfbml=1&amp;version=v2.5"></script><script type="text/javascript" src="https://z.moatads.com/addthismoatframe568911941483/moatframe.js"></script>
		<!-- set the encoding of your site -->
	<meta charset="UTF-8">
	<!-- set the viewport width and initial-scale on mobile devices -->
	<meta name="viewport" content="width=device-width, initial-scale=1">
	<title>
		Flyer Specials	</title>
	<meta property="og:image" content="">	<link rel="apple-touch-icon" href="https://www.soscuisine.com/wp-content/themes/soscuisinewp/images/favicon.ico">
	<!-- include the site stylesheet -->
	<link media="all" rel="stylesheet" type="text/css" href="https://www.soscuisine.com/wp-content/themes/soscuisinewp/css/all.css">
		<link media="all" rel="stylesheet" type="text/css" href="https://www.soscuisine.com/wp-content/themes/soscuisinewp/css/bootstrap.min.css">
	<link rel="stylesheet" href="https://use.fontawesome.com/releases/v5.6.3/css/all.css" integrity="sha384-UHRtZLI+pbxtHCWp1t77Bi1L4ZtiqrqD80Kn4Z8NTSRyMA2Fd33n5dQ8lWUE00s/" crossorigin="anonymous">
	<link media="all" rel="stylesheet" type="text/css" href="https://www.soscuisine.com/wp-content/themes/soscuisinewp/style.css">
	<link media="all" rel="stylesheet" type="text/css" href="https://www.soscuisine.com/wp-content/themes/soscuisinewp/soswpresponsive.css">
	<link media="all" rel="stylesheet" type="text/css" href="https://www.soscuisine.com/wp-content/themes/soscuisinewp/container.css">
	<link media="all" rel="stylesheet" type="text/css" href="https://www.soscuisine.com/wp-content/themes/soscuisinewp/hockey.css">
	<link href="https://fonts.googleapis.com/css?family=Source+Sans+Pro:400,200italic,200,300,300italic,400italic,600,600italic,700,700italic,900,900italic" rel="stylesheet" type="text/css">
	<link href="https://fonts.googleapis.com/css?family=Open+Sans" rel="stylesheet" type="text/css">
	<link rel="stylesheet" type="text/css" href="https://www.soscuisine.com/wp-content/themes/soscuisinewp/css/jquery-ui-1.10.4.custom.css">
	<link rel="apple-touch-icon" href="/media/images/tomato.png">
	<link rel="stylesheet" type="text/css" href="/wp-content/themes/soscuisinewp/css/header-enhanced.css">
	<link rel="stylesheet" type="text/css" href="/wp-content/themes/soscuisinewp/css/footer-enhanced.css">
	<script async="" src="//www.google-analytics.com/analytics.js"></script><script type="text/javascript">
        var pathInfo = {
            base: 'https://www.soscuisine.com/wp-content/themes/soscuisinewp/',
            css: 'css/',
            js: 'js/',
            swf: 'swf/'
        }
        document.addEventListener("DOMContentLoaded", function (event) {
            // Gets a reference to the form element, assuming
            // it contains the id attribute "signup-form".
            var form = document.getElementById('siteSearchForm');

            // Adds a listener for the "submit" event.
            form.addEventListener('submit', function(event) {

                // Prevents the browser from submiting the form
                // and thus unloading the current page.
                event.preventDefault();

                // Sends the event to Google Analytics and
                // resubmits the form once the hit is done.
                ga('send', 'event', 'Search', 'Main Search', {
                    hitCallback: function() {
                        form.submit();
                    }
                });
            });
        });
	</script>
		<link rel="alternate" hreflang="fr-fr" href="https://www.soscuisine.com/speciaux-circulaires/?lang=fr">
<link rel="alternate" hreflang="en-us" href="https://www.soscuisine.com/grocery-flyers/">

<!-- This site is optimized with the Yoast SEO plugin v8.4 - https://yoast.com/wordpress/plugins/seo/ -->
<meta name="description" content="Compare side-by-side the Grocery Flyers of your preferred supermarkets. See which items on sale ones are TRUE bargains, and which ones are not!">
<link rel="canonical" href="https://www.soscuisine.com/grocery-flyers/">
<meta property="og:locale" content="en_US">
<meta property="og:type" content="article">
<meta property="og:url" content="https://www.soscuisine.com/grocery-flyers/">
<meta property="og:site_name" content="SOSCuisine">
<meta property="article:publisher" content="https://www.facebook.com/soscuisine/">
<meta property="fb:app_id" content="144645645559356">
<meta name="twitter:card" content="summary">
<meta name="twitter:title" content="Flyer Specials">
<meta name="twitter:site" content="@SOSCuisine">
<meta name="twitter:creator" content="@SOSCuisine">
<script type="application/ld+json">{"@context":"https:\/\/schema.org","@type":"BreadcrumbList","itemListElement":[{"@type":"ListItem","position":1,"item":{"@id":"https:\/\/www.soscuisine.com\/","name":"Home"}},{"@type":"ListItem","position":2,"item":{"@id":"https:\/\/www.soscuisine.com\/grocery-flyers\/","name":"Grocery Flyers Wizard &#8211; Find the TRUE bargains"}}]}</script>
<!-- / Yoast SEO plugin. -->

<link rel="dns-prefetch" href="//ajax.googleapis.com">
<link rel="dns-prefetch" href="//s.w.org">
<link rel="alternate" type="application/rss+xml" title="SOSCuisine » Feed" href="https://www.soscuisine.com/feed/">
<link rel="alternate" type="application/rss+xml" title="SOSCuisine » Comments Feed" href="https://www.soscuisine.com/comments/feed/">
		<script type="text/javascript">
			window._wpemojiSettings = {"baseUrl":"https:\/\/s.w.org\/images\/core\/emoji\/11\/72x72\/","ext":".png","svgUrl":"https:\/\/s.w.org\/images\/core\/emoji\/11\/svg\/","svgExt":".svg","source":{"concatemoji":"https:\/\/www.soscuisine.com\/wp-includes\/js\/wp-emoji-release.min.js?ver=4.9.8"}};
			!function(a,b,c){function d(a,b){var c=String.fromCharCode;l.clearRect(0,0,k.width,k.height),l.fillText(c.apply(this,a),0,0);var d=k.toDataURL();l.clearRect(0,0,k.width,k.height),l.fillText(c.apply(this,b),0,0);var e=k.toDataURL();return d===e}function e(a){var b;if(!l||!l.fillText)return!1;switch(l.textBaseline="top",l.font="600 32px Arial",a){case"flag":return!(b=d([55356,56826,55356,56819],[55356,56826,8203,55356,56819]))&&(b=d([55356,57332,56128,56423,56128,56418,56128,56421,56128,56430,56128,56423,56128,56447],[55356,57332,8203,56128,56423,8203,56128,56418,8203,56128,56421,8203,56128,56430,8203,56128,56423,8203,56128,56447]),!b);case"emoji":return b=d([55358,56760,9792,65039],[55358,56760,8203,9792,65039]),!b}return!1}function f(a){var c=b.createElement("script");c.src=a,c.defer=c.type="text/javascript",b.getElementsByTagName("head")[0].appendChild(c)}var g,h,i,j,k=b.createElement("canvas"),l=k.getContext&&k.getContext("2d");for(j=Array("flag","emoji"),c.supports={everything:!0,everythingExceptFlag:!0},i=0;i<j.length;i++)c.supports[j[i]]=e(j[i]),c.supports.everything=c.supports.everything&&c.supports[j[i]],"flag"!==j[i]&&(c.supports.everythingExceptFlag=c.supports.everythingExceptFlag&&c.supports[j[i]]);c.supports.everythingExceptFlag=c.supports.everythingExceptFlag&&!c.supports.flag,c.DOMReady=!1,c.readyCallback=function(){c.DOMReady=!0},c.supports.everything||(h=function(){c.readyCallback()},b.addEventListener?(b.addEventListener("DOMContentLoaded",h,!1),a.addEventListener("load",h,!1)):(a.attachEvent("onload",h),b.attachEvent("onreadystatechange",function(){"complete"===b.readyState&&c.readyCallback()})),g=c.source||{},g.concatemoji?f(g.concatemoji):g.wpemoji&&g.twemoji&&(f(g.twemoji),f(g.wpemoji)))}(window,document,window._wpemojiSettings);
		</script><script src="https://www.soscuisine.com/wp-includes/js/wp-emoji-release.min.js?ver=4.9.8" type="text/javascript" defer=""></script>
		<style type="text/css">
img.wp-smiley,
img.emoji {
	display: inline !important;
	border: none !important;
	box-shadow: none !important;
	height: 1em !important;
	width: 1em !important;
	margin: 0 .07em !important;
	vertical-align: -0.1em !important;
	background: none !important;
	padding: 0 !important;
}
</style>
<link rel="stylesheet" id="socialite-css-css" href="https://www.soscuisine.com/wp-content/plugins/wpsocialite/lib/wpsocialite.css?ver=4.9.8" type="text/css" media="all">
<link rel="stylesheet" id="sb_instagram_styles-css" href="https://www.soscuisine.com/wp-content/plugins/instagram-feed/css/sb-instagram-2-1.min.css?ver=2.1" type="text/css" media="all">
<link rel="stylesheet" id="ts_fab_css-css" href="https://www.soscuisine.com/wp-content/plugins/fancier-author-box/css/ts-fab.min.css?ver=1.4" type="text/css" media="all">
<link rel="stylesheet" id="dashicons-css" href="https://www.soscuisine.com/wp-includes/css/dashicons.min.css?ver=4.9.8" type="text/css" media="all">
<link rel="stylesheet" id="post-views-counter-frontend-css" href="https://www.soscuisine.com/wp-content/plugins/post-views-counter/css/frontend.css?ver=1.3.1" type="text/css" media="all">
<link rel="stylesheet" id="ewd-ufaq-style-css" href="https://www.soscuisine.com/wp-content/plugins/ultimate-faqs/css/ewd-ufaq-styles.css?ver=4.9.8" type="text/css" media="all">
<link rel="stylesheet" id="ewd-ufaq-rrssb-css" href="https://www.soscuisine.com/wp-content/plugins/ultimate-faqs/css/rrssb-min.css?ver=4.9.8" type="text/css" media="all">
<link rel="stylesheet" id="wpml-legacy-dropdown-0-css" href="//www.soscuisine.com/wp-content/plugins/sitepress-multilingual-cms/templates/language-switchers/legacy-dropdown/style.css?ver=1" type="text/css" media="all">
<style id="wpml-legacy-dropdown-0-inline-css" type="text/css">
.wpml-ls-statics-shortcode_actions, .wpml-ls-statics-shortcode_actions .wpml-ls-sub-menu, .wpml-ls-statics-shortcode_actions a {border-color:#cdcdcd;}.wpml-ls-statics-shortcode_actions a {color:#444444;background-color:#ffffff;}.wpml-ls-statics-shortcode_actions a:hover,.wpml-ls-statics-shortcode_actions a:focus {color:#000000;background-color:#eeeeee;}.wpml-ls-statics-shortcode_actions .wpml-ls-current-language>a {color:#444444;background-color:#ffffff;}.wpml-ls-statics-shortcode_actions .wpml-ls-current-language:hover>a, .wpml-ls-statics-shortcode_actions .wpml-ls-current-language>a:focus {color:#000000;background-color:#eeeeee;}
</style>
<link rel="stylesheet" id="if-menu-site-css-css" href="https://www.soscuisine.com/wp-content/plugins/if-menu/assets/if-menu-site.css?ver=4.9.8" type="text/css" media="all">
<link rel="stylesheet" id="msl-main-css" href="https://www.soscuisine.com/wp-content/plugins/master-slider/public/assets/css/masterslider.main.css?ver=3.5.1" type="text/css" media="all">
<link rel="stylesheet" id="msl-custom-css" href="https://www.soscuisine.com/wp-content/uploads/master-slider/custom.css?ver=24.5" type="text/css" media="all">
<link rel="stylesheet" id="addthis_all_pages-css" href="https://www.soscuisine.com/wp-content/plugins/addthis/frontend/build/addthis_wordpress_public.min.css?ver=4.9.8" type="text/css" media="all">
<link rel="stylesheet" id="jquery.lightbox.min.css-css" href="https://www.soscuisine.com/wp-content/plugins/wp-jquery-lightbox/styles/lightbox.min.css?ver=1.4.6" type="text/css" media="all">
<script type="text/javascript" src="https://ajax.googleapis.com/ajax/libs/jquery/2.1.4/jquery.min.js?ver=2.1.4"></script>
<script type="text/javascript" src="https://www.soscuisine.com/wp-content/themes/soscuisinewp/js/comment-reply.js?ver=4.9.8"></script>
<script type="text/javascript" src="https://www.soscuisine.com/wp-content/plugins/fancier-author-box/js/ts-fab.min.js?ver=1.4"></script>
<script type="text/javascript" src="https://www.soscuisine.com/wp-content/plugins/zingtree/js/iframeResizerSmart.js?ver=4.9.8"></script>
<script type="text/javascript" src="//www.soscuisine.com/wp-content/plugins/sitepress-multilingual-cms/templates/language-switchers/legacy-dropdown/script.js?ver=1"></script>
<link rel="https://api.w.org/" href="https://www.soscuisine.com/wp-json/">
<link rel="EditURI" type="application/rsd+xml" title="RSD" href="https://www.soscuisine.com/xmlrpc.php?rsd">
<link rel="wlwmanifest" type="application/wlwmanifest+xml" href="https://www.soscuisine.com/wp-includes/wlwmanifest.xml"> 
<link rel="shortlink" href="https://www.soscuisine.com/?p=36815">
<link rel="alternate" type="application/json+oembed" href="https://www.soscuisine.com/wp-json/oembed/1.0/embed?url=https%3A%2F%2Fwww.soscuisine.com%2Fgrocery-flyers%2F">
<link rel="alternate" type="text/xml+oembed" href="https://www.soscuisine.com/wp-json/oembed/1.0/embed?url=https%3A%2F%2Fwww.soscuisine.com%2Fgrocery-flyers%2F&amp;format=xml">
<meta name="generator" content="WPML ver:4.0.7 stt:1,4,27;">
	<style>
	.ts-fab-list li a { background-color: #fff; border: 1px solid #fff; color: #666; }
	.ts-fab-list li.active a { background-color: #A0C963; border: 1px solid #fff; color: #fff; }
	.ts-fab-tab { background-color: #fff; border: 2px solid #fff; color: #555; }
	</style>
	<script>var ms_grabbing_curosr = 'https://www.soscuisine.com/wp-content/plugins/master-slider/public/assets/css/common/grabbing.cur', ms_grab_curosr = 'https://www.soscuisine.com/wp-content/plugins/master-slider/public/assets/css/common/grab.cur';</script>
<meta name="generator" content="MasterSlider 3.5.1 - Responsive Touch Image Slider | avt.li/msf">
    <script type="text/javascript">
        var ajaxurl = 'https://www.soscuisine.com/wp-admin/admin-ajax.php';
    </script>
<script data-cfasync="false" type="text/javascript">if (window.addthis_product === undefined) { window.addthis_product = "wpp"; } if (window.wp_product_version === undefined) { window.wp_product_version = "wpp-6.1.7"; } if (window.wp_blog_version === undefined) { window.wp_blog_version = "4.9.8"; } if (window.addthis_share === undefined) { window.addthis_share = {"passthrough":{"twitter":{"via":"soscuisine"}}}; } if (window.addthis_config === undefined) { window.addthis_config = {"data_track_clickback":true,"ignore_server_config":true,"data_ga_property":"145148","data_ga_social":true,"ui_atversion":"300"}; } if (window.addthis_layers === undefined) { window.addthis_layers = {}; } if (window.addthis_layers_tools === undefined) { window.addthis_layers_tools = []; } else {  } if (window.addthis_plugin_info === undefined) { window.addthis_plugin_info = {"info_status":"enabled","cms_name":"WordPress","plugin_name":"Share Buttons by AddThis","plugin_version":"6.1.7","plugin_mode":"WordPress","anonymous_profile_id":"wp-9c7386656930881e2a47c81c3951069f","page_info":{"template":"pages","post_type":""},"sharing_enabled_on_post_via_metabox":false}; } 
                    (function() {
                      var first_load_interval_id = setInterval(function () {
                        if (typeof window.addthis !== 'undefined') {
                          window.clearInterval(first_load_interval_id);
                          if (typeof window.addthis_layers !== 'undefined' && Object.getOwnPropertyNames(window.addthis_layers).length > 0) {
                            window.addthis.layers(window.addthis_layers);
                          }
                          if (Array.isArray(window.addthis_layers_tools)) {
                            for (i = 0; i < window.addthis_layers_tools.length; i++) {
                              window.addthis.layers(window.addthis_layers_tools[i]);
                            }
                          }
                        }
                     },1000)
                    }());
                </script> <script data-cfasync="false" type="text/javascript" src="https://s7.addthis.com/js/300/addthis_widget.js#pubid=SOSCuisine" async="async"></script>	<meta name="google-site-verification" content="8Z3jBrjszK4QtEDohvgF1XCjDffgF27XR07uEGsyMT4">
	<script>
        (function(i,s,o,g,r,a,m){i['GoogleAnalyticsObject']=r;i[r]=i[r]||function(){
            (i[r].q=i[r].q||[]).push(arguments)},i[r].l=1*new Date();a=s.createElement(o),
            m=s.getElementsByTagName(o)[0];a.async=1;a.src=g;m.parentNode.insertBefore(a,m)
        })(window,document,'script','//www.google-analytics.com/analytics.js','ga');
        ga('create', 'UA-145148-1', 'auto');
        ga('send', 'pageview');
	</script>
<style type="text/css">.at-icon{fill:#fff;border:0}.at-icon-wrapper{display:inline-block;overflow:hidden}a .at-icon-wrapper{cursor:pointer}.at-rounded,.at-rounded-element .at-icon-wrapper{border-radius:12%}.at-circular,.at-circular-element .at-icon-wrapper{border-radius:50%}.addthis_32x32_style .at-icon{width:2pc;height:2pc}.addthis_24x24_style .at-icon{width:24px;height:24px}.addthis_20x20_style .at-icon{width:20px;height:20px}.addthis_16x16_style .at-icon{width:1pc;height:1pc}#at16lb{display:none;position:absolute;top:0;left:0;width:100%;height:100%;z-index:1001;background-color:#000;opacity:.001}#at_complete,#at_error,#at_share,#at_success{position:static!important}.at15dn{display:none}#at15s,#at16p,#at16p form input,#at16p label,#at16p textarea,#at_share .at_item{font-family:arial,helvetica,tahoma,verdana,sans-serif!important;font-size:9pt!important;outline-style:none;outline-width:0;line-height:1em}* html #at15s.mmborder{position:absolute!important}#at15s.mmborder{position:fixed!important;width:250px!important}#at15s{background:url(data:image/png;base64,iVBORw0KGgoAAAANSUhEUgAAAAoAAAAKCAYAAACNMs+9AAAAGXRFWHRTb2Z0d2FyZQBBZG9iZSBJbWFnZVJlYWR5ccllPAAAABtJREFUeNpiZGBgaGAgAjAxEAlGFVJHIUCAAQDcngCUgqGMqwAAAABJRU5ErkJggg==);float:none;line-height:1em;margin:0;overflow:visible;padding:5px;text-align:left;position:absolute}#at15s a,#at15s span{outline:0;direction:ltr;text-transform:none}#at15s .at-label{margin-left:5px}#at15s .at-icon-wrapper{width:1pc;height:1pc;vertical-align:middle}#at15s .at-icon{width:1pc;height:1pc}.at4-icon{display:inline-block;background-repeat:no-repeat;background-position:top left;margin:0;overflow:hidden;cursor:pointer}.addthis_16x16_style .at4-icon,.addthis_default_style .at4-icon,.at4-icon,.at-16x16{width:1pc;height:1pc;line-height:1pc;background-size:1pc!important}.addthis_32x32_style .at4-icon,.at-32x32{width:2pc;height:2pc;line-height:2pc;background-size:2pc!important}.addthis_24x24_style .at4-icon,.at-24x24{width:24px;height:24px;line-height:24px;background-size:24px!important}.addthis_20x20_style .at4-icon,.at-20x20{width:20px;height:20px;line-height:20px;background-size:20px!important}.at4-icon.circular,.circular .at4-icon,.circular.aticon{border-radius:50%}.at4-icon.rounded,.rounded .at4-icon{border-radius:4px}.at4-icon-left{float:left}#at15s .at4-icon{text-indent:20px;padding:0;overflow:visible;white-space:nowrap;background-size:1pc;width:1pc;height:1pc;background-position:top left;display:inline-block;line-height:1pc}.addthis_vertical_style .at4-icon,.at4-follow-container .at4-icon{margin-right:5px}html>body #at15s{width:250px!important}#at15s.atm{background:none!important;padding:0!important;width:10pc!important}#at15s_inner{background:#fff;border:1px solid #fff;margin:0}#at15s_head{position:relative;background:#f2f2f2;padding:4px;cursor:default;border-bottom:1px solid #e5e5e5}.at15s_head_success{background:#cafd99!important;border-bottom:1px solid #a9d582!important}.at15s_head_success a,.at15s_head_success span{color:#000!important;text-decoration:none}#at15s_brand,#at15sptx,#at16_brand{position:absolute}#at15s_brand{top:4px;right:4px}.at15s_brandx{right:20px!important}a#at15sptx{top:4px;right:4px;text-decoration:none;color:#4c4c4c;font-weight:700}#at15sptx:hover{text-decoration:underline}#at16_brand{top:5px;right:30px;cursor:default}#at_hover{padding:4px}#at_hover .at_item,#at_share .at_item{background:#fff!important;float:left!important;color:#4c4c4c!important}#at_share .at_item .at-icon-wrapper{margin-right:5px}#at_hover .at_bold{font-weight:700;color:#000!important}#at_hover .at_item{width:7pc!important;padding:2px 3px!important;margin:1px;text-decoration:none!important}#at_hover .at_item.athov,#at_hover .at_item:focus,#at_hover .at_item:hover{margin:0!important}#at_hover .at_item.athov,#at_hover .at_item:focus,#at_hover .at_item:hover,#at_share .at_item.athov,#at_share .at_item:hover{background:#f2f2f2!important;border:1px solid #e5e5e5;color:#000!important;text-decoration:none}.ipad #at_hover .at_item:focus{background:#fff!important;border:1px solid #fff}.at15t{display:block!important;height:1pc!important;line-height:1pc!important;padding-left:20px!important;background-position:0 0;text-align:left}.addthis_button,.at15t{cursor:pointer}.addthis_toolbox a.at300b,.addthis_toolbox a.at300m{width:auto}.addthis_toolbox a{margin-bottom:5px;line-height:initial}.addthis_toolbox.addthis_vertical_style{width:200px}.addthis_button_facebook_like .fb_iframe_widget{line-height:100%}.addthis_button_facebook_like iframe.fb_iframe_widget_lift{max-width:none}.addthis_toolbox a.addthis_button_counter,.addthis_toolbox a.addthis_button_facebook_like,.addthis_toolbox a.addthis_button_facebook_send,.addthis_toolbox a.addthis_button_facebook_share,.addthis_toolbox a.addthis_button_foursquare,.addthis_toolbox a.addthis_button_linkedin_counter,.addthis_toolbox a.addthis_button_pinterest_pinit,.addthis_toolbox a.addthis_button_tweet{display:inline-block}.addthis_toolbox span.addthis_follow_label{display:none}.addthis_toolbox.addthis_vertical_style span.addthis_follow_label{display:block;white-space:nowrap}.addthis_toolbox.addthis_vertical_style a{display:block}.addthis_toolbox.addthis_vertical_style.addthis_32x32_style a{line-height:2pc;height:2pc}.addthis_toolbox.addthis_vertical_style .at300bs{margin-right:4px;float:left}.addthis_toolbox.addthis_20x20_style span{line-height:20px}.addthis_toolbox.addthis_32x32_style span{line-height:2pc}.addthis_toolbox.addthis_pill_combo_style .addthis_button_compact .at15t_compact,.addthis_toolbox.addthis_pill_combo_style a{float:left}.addthis_toolbox.addthis_pill_combo_style a.addthis_button_tweet{margin-top:-2px}.addthis_toolbox.addthis_pill_combo_style .addthis_button_compact .at15t_compact{margin-right:4px}.addthis_default_style .addthis_separator{margin:0 5px;display:inline}div.atclear{clear:both}.addthis_default_style .addthis_separator,.addthis_default_style .at4-icon,.addthis_default_style .at300b,.addthis_default_style .at300bo,.addthis_default_style .at300bs,.addthis_default_style .at300m{float:left}.at300b img,.at300bo img{border:0}a.at300b .at4-icon,a.at300m .at4-icon{display:block}.addthis_default_style .at300b,.addthis_default_style .at300bo,.addthis_default_style .at300m{padding:0 2px}.at300b,.at300bo,.at300bs,.at300m{cursor:pointer}.addthis_button_facebook_like.at300b:hover,.addthis_button_facebook_like.at300bs:hover,.addthis_button_facebook_send.at300b:hover,.addthis_button_facebook_send.at300bs:hover{opacity:1}.addthis_20x20_style .at15t,.addthis_20x20_style .at300bs{overflow:hidden;display:block;height:20px!important;width:20px!important;line-height:20px!important}.addthis_32x32_style .at15t,.addthis_32x32_style .at300bs{overflow:hidden;display:block;height:2pc!important;width:2pc!important;line-height:2pc!important}.at300bs{overflow:hidden;display:block;background-position:0 0;height:1pc;width:1pc;line-height:1pc!important}.addthis_default_style .at15t_compact,.addthis_default_style .at15t_expanded{margin-right:4px}#at_share .at_item{width:123px!important;padding:4px;margin-right:2px;border:1px solid #fff}#at16p{background:url(data:image/png;base64,iVBORw0KGgoAAAANSUhEUgAAAAoAAAAKCAYAAACNMs+9AAAAGXRFWHRTb2Z0d2FyZQBBZG9iZSBJbWFnZVJlYWR5ccllPAAAABtJREFUeNpiZGBgaGAgAjAxEAlGFVJHIUCAAQDcngCUgqGMqwAAAABJRU5ErkJggg==);z-index:10000001;position:absolute;top:50%;left:50%;width:300px;padding:10px;margin:0 auto;margin-top:-185px;margin-left:-155px;font-family:arial,helvetica,tahoma,verdana,sans-serif;font-size:9pt;color:#5e5e5e}#at_share{margin:0;padding:0}#at16pt{position:relative;background:#f2f2f2;height:13px;padding:5px 10px}#at16pt a,#at16pt h4{font-weight:700}#at16pt h4{display:inline;margin:0;padding:0;font-size:9pt;color:#4c4c4c;cursor:default}#at16pt a{position:absolute;top:5px;right:10px;color:#4c4c4c;text-decoration:none;padding:2px}#at15sptx:focus,#at16pt a:focus{outline:thin dotted}#at15s #at16pf a{top:1px}#_atssh{width:1px!important;height:1px!important;border:0!important}.atm{width:10pc!important;padding:0;margin:0;line-height:9pt;letter-spacing:normal;font-family:arial,helvetica,tahoma,verdana,sans-serif;font-size:9pt;color:#444;background:url(data:image/png;base64,iVBORw0KGgoAAAANSUhEUgAAAAoAAAAKCAYAAACNMs+9AAAAGXRFWHRTb2Z0d2FyZQBBZG9iZSBJbWFnZVJlYWR5ccllPAAAABtJREFUeNpiZGBgaGAgAjAxEAlGFVJHIUCAAQDcngCUgqGMqwAAAABJRU5ErkJggg==);padding:4px}.atm-f{text-align:right;border-top:1px solid #ddd;padding:5px 8px}.atm-i{background:#fff;border:1px solid #d5d6d6;padding:0;margin:0;box-shadow:1px 1px 5px rgba(0,0,0,.15)}.atm-s{margin:0!important;padding:0!important}.atm-s a:focus{border:transparent;outline:0;transition:none}#at_hover.atm-s a,.atm-s a{display:block;text-decoration:none;padding:4px 10px;color:#235dab!important;font-weight:400;font-style:normal;transition:none}#at_hover.atm-s .at_bold{color:#235dab!important}#at_hover.atm-s a:hover,.atm-s a:hover{background:#2095f0;text-decoration:none;color:#fff!important}#at_hover.atm-s .at_bold{font-weight:700}#at_hover.atm-s a:hover .at_bold{color:#fff!important}.atm-s a .at-label{vertical-align:middle;margin-left:5px;direction:ltr}.at_PinItButton{display:block;width:40px;height:20px;padding:0;margin:0;background-image:url(//s7.addthis.com/static/t00/pinit00.png);background-repeat:no-repeat}.at_PinItButton:hover{background-position:0 -20px}.addthis_toolbox .addthis_button_pinterest_pinit{position:relative}.at-share-tbx-element .fb_iframe_widget span{vertical-align:baseline!important}#at16pf{height:auto;text-align:right;padding:4px 8px}.at-privacy-info{position:absolute;left:7px;bottom:7px;cursor:pointer;text-decoration:none;font-family:helvetica,arial,sans-serif;font-size:10px;line-height:9pt;letter-spacing:.2px;color:#666}.at-privacy-info:hover{color:#000}.body .wsb-social-share .wsb-social-share-button-vert{padding-top:0;padding-bottom:0}.body .wsb-social-share.addthis_counter_style .addthis_button_tweet.wsb-social-share-button{padding-top:40px}.body .wsb-social-share.addthis_counter_style .addthis_button_facebook_like.wsb-social-share-button{padding-top:21px}@media print{#at4-follow,#at4-share,#at4-thankyou,#at4-whatsnext,#at4m-mobile,#at15s,.at4,.at4-recommended{display:none!important}}@media screen and (max-width:400px){.at4win{width:100%}}@media screen and (max-height:700px) and (max-width:400px){.at4-thankyou-inner .at4-recommended-container{height:122px;overflow:hidden}.at4-thankyou-inner .at4-recommended .at4-recommended-item:first-child{border-bottom:1px solid #c5c5c5}}</style><style type="text/css">.at-branding-logo{font-family:helvetica,arial,sans-serif;text-decoration:none;font-size:10px;display:inline-block;margin:2px 0;letter-spacing:.2px}.at-branding-logo .at-branding-icon{background-image:url("data:image/png;base64,iVBORw0KGgoAAAANSUhEUgAAAAoAAAAKCAMAAAC67D+PAAAAGXRFWHRTb2Z0d2FyZQBBZG9iZSBJbWFnZVJlYWR5ccllPAAAAAZQTFRF////+GlNUkcc1QAAAB1JREFUeNpiYIQDBjQmAwMmkwEM0JnY1WIxFyDAABGeAFEudiZsAAAAAElFTkSuQmCC")}.at-branding-logo .at-branding-icon,.at-branding-logo .at-privacy-icon{display:inline-block;height:10px;width:10px;margin-left:4px;margin-right:3px;margin-bottom:-1px;background-repeat:no-repeat}.at-branding-logo .at-privacy-icon{background-image:url("data:image/png;base64,iVBORw0KGgoAAAANSUhEUgAAAAkAAAAKCAMAAABR24SMAAAAGXRFWHRTb2Z0d2FyZQBBZG9iZSBJbWFnZVJlYWR5ccllPAAAABhQTFRF8fr9ot/xXcfn2/P5AKva////////AKTWodjhjAAAAAd0Uk5T////////ABpLA0YAAAA6SURBVHjaJMzBDQAwCAJAQaj7b9xifV0kUKJ9ciWxlzWEWI5gMF65KUTv0VKkjVeTerqE/x7+9BVgAEXbAWI8QDcfAAAAAElFTkSuQmCC")}.at-branding-logo span{text-decoration:none}.at-branding-logo .at-branding-addthis,.at-branding-logo .at-branding-powered-by{color:#666}.at-branding-logo .at-branding-addthis:hover{color:#333}.at-cv-with-image .at-branding-addthis,.at-cv-with-image .at-branding-addthis:hover{color:#fff}a.at-branding-logo:visited{color:initial}.at-branding-info{display:inline-block;padding:0 5px;color:#666;border:1px solid #666;border-radius:50%;font-size:10px;line-height:9pt;opacity:.7;transition:all .3s ease;text-decoration:none}.at-branding-info span{border:0;clip:rect(0 0 0 0);height:1px;margin:-1px;overflow:hidden;padding:0;position:absolute;width:1px}.at-branding-info:before{content:'i';font-family:Times New Roman}.at-branding-info:hover{color:#0780df;border-color:#0780df}</style><style type="text/css">.js-slide-hidden{position:absolute !important;left:-9999px !important;top:-9999px !important;display:block !important}</style><style type="text/css">.fb_hidden{position:absolute;top:-10000px;z-index:10001}.fb_reposition{overflow:hidden;position:relative}.fb_invisible{display:none}.fb_reset{background:none;border:0;border-spacing:0;color:#000;cursor:auto;direction:ltr;font-family:"lucida grande", tahoma, verdana, arial, sans-serif;font-size:11px;font-style:normal;font-variant:normal;font-weight:normal;letter-spacing:normal;line-height:1;margin:0;overflow:visible;padding:0;text-align:left;text-decoration:none;text-indent:0;text-shadow:none;text-transform:none;visibility:visible;white-space:normal;word-spacing:normal}.fb_reset>div{overflow:hidden}@keyframes fb_transform{from{opacity:0;transform:scale(.95)}to{opacity:1;transform:scale(1)}}.fb_animate{animation:fb_transform .3s forwards}
.fb_dialog{background:rgba(82, 82, 82, .7);position:absolute;top:-10000px;z-index:10001}.fb_dialog_advanced{border-radius:8px;padding:10px}.fb_dialog_content{background:#fff;color:#373737}.fb_dialog_close_icon{background:url(https://static.xx.fbcdn.net/rsrc.php/v3/yq/r/IE9JII6Z1Ys.png) no-repeat scroll 0 0 transparent;cursor:pointer;display:block;height:15px;position:absolute;right:18px;top:17px;width:15px}.fb_dialog_mobile .fb_dialog_close_icon{left:5px;right:auto;top:5px}.fb_dialog_padding{background-color:transparent;position:absolute;width:1px;z-index:-1}.fb_dialog_close_icon:hover{background:url(https://static.xx.fbcdn.net/rsrc.php/v3/yq/r/IE9JII6Z1Ys.png) no-repeat scroll 0 -15px transparent}.fb_dialog_close_icon:active{background:url(https://static.xx.fbcdn.net/rsrc.php/v3/yq/r/IE9JII6Z1Ys.png) no-repeat scroll 0 -30px transparent}.fb_dialog_iframe{line-height:0}.fb_dialog_content .dialog_title{background:#6d84b4;border:1px solid #365899;color:#fff;font-size:14px;font-weight:bold;margin:0}.fb_dialog_content .dialog_title>span{background:url(https://static.xx.fbcdn.net/rsrc.php/v3/yd/r/Cou7n-nqK52.gif) no-repeat 5px 50%;float:left;padding:5px 0 7px 26px}body.fb_hidden{height:100%;left:0;margin:0;overflow:visible;position:absolute;top:-10000px;transform:none;width:100%}.fb_dialog.fb_dialog_mobile.loading{background:url(https://static.xx.fbcdn.net/rsrc.php/v3/ya/r/3rhSv5V8j3o.gif) white no-repeat 50% 50%;min-height:100%;min-width:100%;overflow:hidden;position:absolute;top:0;z-index:10001}.fb_dialog.fb_dialog_mobile.loading.centered{background:none;height:auto;min-height:initial;min-width:initial;width:auto}.fb_dialog.fb_dialog_mobile.loading.centered #fb_dialog_loader_spinner{width:100%}.fb_dialog.fb_dialog_mobile.loading.centered .fb_dialog_content{background:none}.loading.centered #fb_dialog_loader_close{clear:both;color:#fff;display:block;font-size:18px;padding-top:20px}#fb-root #fb_dialog_ipad_overlay{background:rgba(0, 0, 0, .4);bottom:0;left:0;min-height:100%;position:absolute;right:0;top:0;width:100%;z-index:10000}#fb-root #fb_dialog_ipad_overlay.hidden{display:none}.fb_dialog.fb_dialog_mobile.loading iframe{visibility:hidden}.fb_dialog_mobile .fb_dialog_iframe{position:sticky;top:0}.fb_dialog_content .dialog_header{background:linear-gradient(from(#738aba), to(#2c4987));border-bottom:1px solid;border-color:#043b87;box-shadow:white 0 1px 1px -1px inset;color:#fff;font:bold 14px Helvetica, sans-serif;text-overflow:ellipsis;text-shadow:rgba(0, 30, 84, .296875) 0 -1px 0;vertical-align:middle;white-space:nowrap}.fb_dialog_content .dialog_header table{height:43px;width:100%}.fb_dialog_content .dialog_header td.header_left{font-size:12px;padding-left:5px;vertical-align:middle;width:60px}.fb_dialog_content .dialog_header td.header_right{font-size:12px;padding-right:5px;vertical-align:middle;width:60px}.fb_dialog_content .touchable_button{background:linear-gradient(from(#4267B2), to(#2a4887));background-clip:padding-box;border:1px solid #29487d;border-radius:3px;display:inline-block;line-height:18px;margin-top:3px;max-width:85px;padding:4px 12px;position:relative}.fb_dialog_content .dialog_header .touchable_button input{background:none;border:none;color:#fff;font:bold 12px Helvetica, sans-serif;margin:2px -12px;padding:2px 6px 3px 6px;text-shadow:rgba(0, 30, 84, .296875) 0 -1px 0}.fb_dialog_content .dialog_header .header_center{color:#fff;font-size:16px;font-weight:bold;line-height:18px;text-align:center;vertical-align:middle}.fb_dialog_content .dialog_content{background:url(https://static.xx.fbcdn.net/rsrc.php/v3/y9/r/jKEcVPZFk-2.gif) no-repeat 50% 50%;border:1px solid #4a4a4a;border-bottom:0;border-top:0;height:150px}.fb_dialog_content .dialog_footer{background:#f5f6f7;border:1px solid #4a4a4a;border-top-color:#ccc;height:40px}#fb_dialog_loader_close{float:left}.fb_dialog.fb_dialog_mobile .fb_dialog_close_button{text-shadow:rgba(0, 30, 84, .296875) 0 -1px 0}.fb_dialog.fb_dialog_mobile .fb_dialog_close_icon{visibility:hidden}#fb_dialog_loader_spinner{animation:rotateSpinner 1.2s linear infinite;background-color:transparent;background-image:url(https://static.xx.fbcdn.net/rsrc.php/v3/yD/r/t-wz8gw1xG1.png);background-position:50% 50%;background-repeat:no-repeat;height:24px;width:24px}@keyframes rotateSpinner{0%{transform:rotate(0deg)}100%{transform:rotate(360deg)}}
.fb_iframe_widget{display:inline-block;position:relative}.fb_iframe_widget span{display:inline-block;position:relative;text-align:justify}.fb_iframe_widget iframe{position:absolute}.fb_iframe_widget_fluid_desktop,.fb_iframe_widget_fluid_desktop span,.fb_iframe_widget_fluid_desktop iframe{max-width:100%}.fb_iframe_widget_fluid_desktop iframe{min-width:220px;position:relative}.fb_iframe_widget_lift{z-index:1}.fb_iframe_widget_fluid{display:inline}.fb_iframe_widget_fluid span{width:100%}</style></head>
<body>
<noscript>
	<div>
		Javascript must be enabled for the correct page display	</div>
</noscript>
<div id="overlay"></div>

<!-- main container of all the page elements -->
<div id="wrapper" onclick="void(0)">
	<div id="notification-wrapper" class="hide">
		<i class="fa fa-times pull-right" aria-hidden="true"></i>
		<p>The text of the notification</p>
	</div>
	<!-- allow a user to go to the main content of the page -->
	<a class="accessibility" href="#main">
		Skip to Content	</a>
	<!-- header of the page -->
	<header id="mainHeader" class="not_printable">
		<div class="header-holder">
			<div class="topHeader">
				<!-- logo -->
				<a href="https://www.soscuisine.com" style="display: inline-block;">
					<div class="logo" tabindex="1" accesskey="1">
						<img src="/wp-content/uploads/2019/12/logo_SOSCuisine_com-1.jpg" alt="logo SOSCuisine" width="100%" height="auto">
					</div>
				</a>
				<!-- logo end -->
				<div class="mobileUserIcon">
                    <span class="connectedUserIcon">
                    						<i class="fas fa-user userIcon" tabindex="0" role="button" data-html="true" data-placement="bottom" data-content="
                            <span></span>
                            <div class=&quot;dropdown&quot; data-country=&quot;{{ country }}&quot; data-url=&quot;/menu-conn-legacy/?lang=fr&amp;country={{ country }}&quot;>
                        <ul id=&quot;menu-user-menu&quot; class=&quot;&quot;><li id=&quot;menu-item-137057&quot; class=&quot;menu-item menu-item-type-post_type menu-item-object-page active active current_page_parent current_page_ancestor menu-item-has-children menu-item-137057&quot;><a href=&quot;https://www.soscuisine.com/welcome-success-page/&quot;>[] My Dashboard</a>
<ul class=&quot;sub-menu&quot;>
	<li id=&quot;menu-item-230&quot; class=&quot;menu-item menu-item-type-custom menu-item-object-custom menu-item-has-children menu-item-230&quot;><a href=&quot;/meal-plan/&quot;>[] > My Meal Plan</a>
	<ul class=&quot;sub-menu&quot;>
		<li id=&quot;menu-item-135665&quot; class=&quot;menu-item menu-item-type-custom menu-item-object-custom menu-item-135665&quot;><a href=&quot;/meal-plan/recipe-list/&quot;>[] >> Recipe List</a></li>
		<li id=&quot;menu-item-232&quot; class=&quot;menu-item menu-item-type-custom menu-item-object-custom menu-item-232&quot;><a href=&quot;/meal-plan/grocery-list/&quot;>[] >> Grocery List</a></li>
	</ul>
</li>
	<li id=&quot;menu-item-141661&quot; class=&quot;menu-item menu-item-type-post_type menu-item-object-page active page_item page-item-36815 current_page_item menu-item-141661&quot;><a href=&quot;https://www.soscuisine.com/grocery-flyers/&quot;>[] > My Flyers Specials</a></li>
	<li id=&quot;menu-item-233&quot; class=&quot;menu-item menu-item-type-custom menu-item-object-custom menu-item-233&quot;><a href=&quot;/recipe/search/?action=search&amp;searchQuery=&amp;inFavourites=1&quot;>[] > My Cookbook</a></li>
	<li id=&quot;menu-item-136625&quot; class=&quot;menu-item menu-item-type-post_type menu-item-object-page menu-item-136625&quot;><a href=&quot;https://www.soscuisine.com/account/&quot;>[] > My Profile</a></li>
</ul>
</li>
<li id=&quot;menu-item-152&quot; class=&quot;deconnexionLink menu-item menu-item-type-custom menu-item-object-custom menu-item-152&quot;><a href=&quot;/logout&quot;>[] Sign Out</a></li>
</ul>                            </div>
                        " data-original-title="" title=""></i>
					                </span>
				</div>
				<div class="mobileUserIcon desktopHide">
					<div class="searchIcon">
						<i class="fas fa-search"></i>
					</div>
				</div>
				<!-- select country + Language -->
				<span class="mobileHide">
                        <a href="#changeRegion" class="changeRegion">
                            <div class="form-control country">
                                		                        <img style="height:28px;padding:3px;" src="/media/images/flag/QC.png">
		                        <i class="fas fa-sort-down"></i>
	                                                    </div>
                        </a>
                        					                        <select id="languageSelector" class="form-control" data-toggle="lang-dropdown">
                            <option selected="" value="https://www.soscuisine.com/grocery-flyers/" data-toggle="lang-dropdown">English</option><option value="https://www.soscuisine.com/speciaux-circulaires/?lang=fr" data-toggle="lang-dropdown">Français</option><option value="https://www.soscuisine.com/?lang=it" data-toggle="">Italiano</option>                        </select>

                                            </span>
				<!-- select country + Language end -->
				<!-- Sign In / Up button -->
								<!-- Signed in User Menu --->
				<!-- search form -->
                <form id="siteSearchForm" action="/recipe/search/" method="get" class="searchForm mobileHide" accesskey="4">
                    <fieldset>
                        <legend class="hidden">search form</legend>
                        <input type="hidden" name="lang" value="en">
                        <input type="hidden" name="action" value="search">
                        <div class="searchBox">
                            <input type="search" name="s" placeholder="search" class="searchInput" title="feedback-form">
                            <button type="submit" class="fa-input" value=" Input send"></button>

                        </div>
                    </fieldset>
                </form>
				<!-- search form end -->
			</div>
			<div class="header-slide">
				<strong class="opener-title"></strong>
				<!-- Main nav -->
				<nav id="nav">
					<a href="#" class="opener">
						<span>Menu</span>
					</a>
										<div class="slide-nav js-slide-hidden" id="navHeader">
						<div class="slide js-slide-hidden">
							<div>
                                <span class="desktopHide">
                                        <select id="mobileLanguageSelector" onchange="this.options[this.selectedIndex].value &amp;&amp; (window.location = this.options[this.selectedIndex].value);" class="form-control" data-toggle="lang-dropdown">
                                            <option selected="" value="https://www.soscuisine.com/grocery-flyers/" data-toggle="lang-dropdown">English</option><option value="https://www.soscuisine.com/speciaux-circulaires/?lang=fr" data-toggle="lang-dropdown">Français</option><option value="https://www.soscuisine.com/?lang=it" data-toggle="">Italiano</option>                                        </select>
                                            <a href="#changeRegion" class="changeRegion">
                                                <div class="form-control country">
                                                    		                        <img style="height:28px;padding:3px;" src="/media/images/flag/QC.png">
		                        <i class="fas fa-sort-down"></i>
	                                                                        </div>
                                            </a>
                                    </span>
								<ul id="menu-main-menu" class="nav"><li id="menu-item-186" class="home menu-item menu-item-type-custom menu-item-object-custom menu-item-186"><div class="item"><a href="/">Home</a></div></li>
<li id="menu-item-202" class="menu-item menu-item-type-custom menu-item-object-custom menu-item-202"><div class="item"><a href="/en/premium">Meal Plans</a></div></li>
<li id="menu-item-141559" class="menu-item menu-item-type-post_type menu-item-object-page active active current_page_parent current_page_ancestor menu-item-has-children menu-item-141559"><div class="item"><a href="https://www.soscuisine.com/grocery-flyers-savings/">Flyer Savings</a></div><div class="drop-slide-wrapper" style="height: 401px; width: 885px; position: absolute; overflow: hidden; top: 43px; left: 0px; display: none;"><div class="nav-drop" style="position: static; display: block; top: auto; left: auto; margin-top: -401px;"><ul class="list-drop">	<li id="menu-item-141663" class="drop_img menu-item menu-item-type-post_type menu-item-object-page active page_item page-item-36815 current_page_item menu-item-141663"><div class="item"><a href="https://www.soscuisine.com/grocery-flyers/">Grocery Flyers Wizard</a></div></li>
	<li id="menu-item-37337" class="drop_img menu-item menu-item-type-custom menu-item-object-custom menu-item-37337"><div class="item"><a title="Recipe Bargains Finder" href="/recipe/search/?action=search&amp;searchQuery=&amp;restrictDiet=1&amp;advantageousCost=1&amp;orderBy=savingPercent">Recipe Deals Finder</a></div></li>
	<li id="menu-item-37323" class="drop_img menu-item menu-item-type-custom menu-item-object-custom menu-item-37323"><div class="item"><a title="Grocery Price Checker" href="/grocery-price-checker">Grocery Price Checker</a></div></li>
	<li id="menu-item-37338" class="drop_img menu-item menu-item-type-custom menu-item-object-custom menu-item-37338"><div class="item"><a title="See which plans include these tools" href="/plans-pricing">See which plans include these tools</a></div></li>
</ul><div class="drop-visual">
						<div class="frame">
							<div class="col">
								<a href="https://www.soscuisine.com/grocery-flyers/"><img width="347" height="139" src="https://www.soscuisine.com/wp-content/uploads/2017/05/flyers.jpg" class="attachment-full size-full" alt="" srcset="https://www.soscuisine.com/wp-content/uploads/2017/05/flyers.jpg 347w, https://www.soscuisine.com/wp-content/uploads/2017/05/flyers-150x60.jpg 150w" sizes="(max-width: 347px) 100vw, 347px"><br><strong class="title">Grocery Flyers Wizard</strong>
								</a><br class="clear">
							</div><div class="col">
								<a href="/recipe/search/?action=search&amp;searchQuery=&amp;restrictDiet=1&amp;advantageousCost=1&amp;orderBy=savingPercent"><img width="500" height="200" src="https://www.soscuisine.com/wp-content/uploads/2015/10/autopromo_648x180_plus_en.jpg" class="attachment-full size-full" alt="" srcset="https://www.soscuisine.com/wp-content/uploads/2015/10/autopromo_648x180_plus_en.jpg 500w, https://www.soscuisine.com/wp-content/uploads/2015/10/autopromo_648x180_plus_en-150x60.jpg 150w, https://www.soscuisine.com/wp-content/uploads/2015/10/autopromo_648x180_plus_en-300x120.jpg 300w" sizes="(max-width: 500px) 100vw, 500px"><br><strong class="title">Recipe Deals Finder</strong>
								</a><br class="clear">
							</div><div class="col">
								<a href="/grocery-price-checker"><img width="347" height="139" src="https://www.soscuisine.com/wp-content/uploads/2017/05/price-checker.jpg" class="attachment-full size-full" alt="" srcset="https://www.soscuisine.com/wp-content/uploads/2017/05/price-checker.jpg 347w, https://www.soscuisine.com/wp-content/uploads/2017/05/price-checker-150x60.jpg 150w" sizes="(max-width: 347px) 100vw, 347px"><br><strong class="title">Grocery Price Checker</strong>
								</a><br class="clear">
							</div><div class="col">
								<a href="/plans-pricing"><img width="347" height="139" src="https://www.soscuisine.com/wp-content/uploads/2017/05/sosplus-pricing.jpg" class="attachment-full size-full" alt="" srcset="https://www.soscuisine.com/wp-content/uploads/2017/05/sosplus-pricing.jpg 347w, https://www.soscuisine.com/wp-content/uploads/2017/05/sosplus-pricing-150x60.jpg 150w" sizes="(max-width: 347px) 100vw, 347px"><br><strong class="title">See which plans include these tools</strong>
								</a><br class="clear">
							</div>
						</div>
					</div>
				</div></div></li>
<li id="menu-item-40831" class="menu-item menu-item-type-post_type menu-item-object-page menu-item-has-children menu-item-40831"><div class="item"><a href="https://www.soscuisine.com/plans-pricing/">Pricing</a></div><div class="drop-slide-wrapper" style="height: 401px; width: 885px; position: absolute; overflow: hidden; top: 43px; left: 0px; display: none;"><div class="nav-drop" style="position: static; display: block; top: auto; left: auto; margin-top: -401px;"><ul class="list-drop">	<li id="menu-item-169" class="drop_img menu-item menu-item-type-custom menu-item-object-custom menu-item-169"><div class="item"><a href="/en/plus">PLUS</a></div></li>
	<li id="menu-item-40833" class="drop_img menu-item menu-item-type-post_type menu-item-object-page menu-item-40833"><div class="item"><a href="https://www.soscuisine.com/meal-plans/">PREMIUM</a></div></li>
	<li id="menu-item-171" class="drop_img menu-item menu-item-type-custom menu-item-object-custom menu-item-171"><div class="item"><a href="/en/vip/dietitian">VIP</a></div></li>
	<li id="menu-item-40832" class="drop_img menu-item menu-item-type-post_type menu-item-object-page menu-item-40832"><div class="item"><a href="https://www.soscuisine.com/plans-pricing/">Compare Plans</a></div></li>
</ul><div class="drop-visual">
						<div class="frame">
							<div class="col">
								<a href="/en/plus"><img width="347" height="139" src="https://www.soscuisine.com/wp-content/uploads/2017/05/flyers.jpg" class="attachment-full size-full" alt="" srcset="https://www.soscuisine.com/wp-content/uploads/2017/05/flyers.jpg 347w, https://www.soscuisine.com/wp-content/uploads/2017/05/flyers-150x60.jpg 150w" sizes="(max-width: 347px) 100vw, 347px"><br><strong class="title">PLUS</strong>
								</a><br class="clear">
							</div><div class="col">
								<a href="https://www.soscuisine.com/meal-plans/"><img width="1098" height="440" src="https://www.soscuisine.com/wp-content/uploads/2018/12/coral-menu-pricing-premium-en2.jpg" class="attachment-full size-full" alt="" srcset="https://www.soscuisine.com/wp-content/uploads/2018/12/coral-menu-pricing-premium-en2.jpg 1098w, https://www.soscuisine.com/wp-content/uploads/2018/12/coral-menu-pricing-premium-en2-150x60.jpg 150w, https://www.soscuisine.com/wp-content/uploads/2018/12/coral-menu-pricing-premium-en2-768x308.jpg 768w" sizes="(max-width: 1098px) 100vw, 1098px"><br><strong class="title">PREMIUM</strong>
								</a><br class="clear">
							</div><div class="col">
								<a href="/en/vip/dietitian"><img width="347" height="139" src="https://www.soscuisine.com/wp-content/uploads/2018/12/coral-menu-pricing-vipn2.jpg" class="attachment-full size-full" alt="" srcset="https://www.soscuisine.com/wp-content/uploads/2018/12/coral-menu-pricing-vipn2.jpg 347w, https://www.soscuisine.com/wp-content/uploads/2018/12/coral-menu-pricing-vipn2-150x60.jpg 150w" sizes="(max-width: 347px) 100vw, 347px"><br><strong class="title">VIP</strong>
								</a><br class="clear">
							</div><div class="col">
								<a href="https://www.soscuisine.com/plans-pricing/"><img width="347" height="139" src="https://www.soscuisine.com/wp-content/uploads/2018/12/compare-plans.jpg" class="attachment-full size-full" alt="" srcset="https://www.soscuisine.com/wp-content/uploads/2018/12/compare-plans.jpg 347w, https://www.soscuisine.com/wp-content/uploads/2018/12/compare-plans-150x60.jpg 150w" sizes="(max-width: 347px) 100vw, 347px"><br><strong class="title">Compare Plans</strong>
								</a><br class="clear">
							</div>
						</div>
					</div>
				</div></div></li>
<li id="menu-item-40333" class="menu-item menu-item-type-post_type menu-item-object-page menu-item-has-children menu-item-40333"><div class="item"><a href="https://www.soscuisine.com/professionals/"><i class="fa fa-user-md fa-plus" aria-hidden="true"></i> Professionals</a></div><div class="drop-slide-wrapper" style="height: 401px; width: 885px; position: absolute; top: 43px; left: 0px; overflow: hidden; display: none;"><div class="nav-drop" style="position: static; display: block; top: auto; left: auto; margin-top: -401px;"><ul class="list-drop">	<li id="menu-item-40337" class="drop_img menu-item menu-item-type-post_type menu-item-object-page menu-item-40337"><div class="item"><a href="https://www.soscuisine.com/professionals/physicians/">Physicians</a></div></li>
	<li id="menu-item-40335" class="drop_img menu-item menu-item-type-post_type menu-item-object-page menu-item-40335"><div class="item"><a href="https://www.soscuisine.com/professionals/dietitians/">Dietitians</a></div></li>
	<li id="menu-item-40334" class="drop_img menu-item menu-item-type-post_type menu-item-object-page menu-item-40334"><div class="item"><a href="https://www.soscuisine.com/professionals/healthcare-providers/">Healthcare Providers</a></div></li>
	<li id="menu-item-40336" class="drop_img menu-item menu-item-type-post_type menu-item-object-page menu-item-40336"><div class="item"><a href="https://www.soscuisine.com/professionals/corporate-wellness/">HR Managers – Corporate Wellness</a></div></li>
</ul><div class="drop-visual">
						<div class="frame">
							<div class="col">
								<a href="https://www.soscuisine.com/professionals/physicians/"><img width="347" height="139" src="https://www.soscuisine.com/wp-content/uploads/2016/05/doctor-menu-tile.jpg" class="attachment-full size-full" alt="" srcset="https://www.soscuisine.com/wp-content/uploads/2016/05/doctor-menu-tile.jpg 347w, https://www.soscuisine.com/wp-content/uploads/2016/05/doctor-menu-tile-150x60.jpg 150w, https://www.soscuisine.com/wp-content/uploads/2016/05/doctor-menu-tile-300x120.jpg 300w" sizes="(max-width: 347px) 100vw, 347px"><br><strong class="title">Physicians</strong>
								</a><br class="clear">
							</div><div class="col">
								<a href="https://www.soscuisine.com/professionals/dietitians/"><img width="347" height="139" src="https://www.soscuisine.com/wp-content/uploads/2016/05/nutritionnist-tile.jpg" class="attachment-full size-full" alt="" srcset="https://www.soscuisine.com/wp-content/uploads/2016/05/nutritionnist-tile.jpg 347w, https://www.soscuisine.com/wp-content/uploads/2016/05/nutritionnist-tile-150x60.jpg 150w, https://www.soscuisine.com/wp-content/uploads/2016/05/nutritionnist-tile-300x120.jpg 300w" sizes="(max-width: 347px) 100vw, 347px"><br><strong class="title">Dietitians</strong>
								</a><br class="clear">
							</div><div class="col">
								<a href="https://www.soscuisine.com/professionals/healthcare-providers/"><img width="347" height="139" src="https://www.soscuisine.com/wp-content/uploads/2016/05/health-professionals-tile.jpg" class="attachment-full size-full" alt="" srcset="https://www.soscuisine.com/wp-content/uploads/2016/05/health-professionals-tile.jpg 347w, https://www.soscuisine.com/wp-content/uploads/2016/05/health-professionals-tile-150x60.jpg 150w, https://www.soscuisine.com/wp-content/uploads/2016/05/health-professionals-tile-300x120.jpg 300w" sizes="(max-width: 347px) 100vw, 347px"><br><strong class="title">Healthcare Providers</strong>
								</a><br class="clear">
							</div><div class="col">
								<a href="https://www.soscuisine.com/professionals/corporate-wellness/"><img width="347" height="139" src="https://www.soscuisine.com/wp-content/uploads/2016/05/corporate-menu-tile.jpg" class="attachment-full size-full" alt="" srcset="https://www.soscuisine.com/wp-content/uploads/2016/05/corporate-menu-tile.jpg 347w, https://www.soscuisine.com/wp-content/uploads/2016/05/corporate-menu-tile-150x60.jpg 150w, https://www.soscuisine.com/wp-content/uploads/2016/05/corporate-menu-tile-300x120.jpg 300w" sizes="(max-width: 347px) 100vw, 347px"><br><strong class="title">HR Managers - Corporate Wellness</strong>
								</a><br class="clear">
							</div>
						</div>
					</div>
				</div></div></li>
<li id="menu-item-56433" class="menu-item menu-item-type-post_type menu-item-object-page menu-item-has-children menu-item-56433"><div class="item"><a href="https://www.soscuisine.com/books/">Books</a></div><div class="drop-slide-wrapper" style="height: 224px; width: 885px; position: absolute; overflow: hidden; top: 43px; left: 0px; display: none;"><div class="nav-drop" style="position: static; display: block; top: auto; left: auto; margin-top: -224px;"><ul class="list-drop">	<li id="menu-item-56487" class="drop_img menu-item menu-item-type-post_type menu-item-object-page menu-item-56487"><div class="item"><a href="https://www.soscuisine.com/books/low-fodmap-solution/">The Low-FODMAP Solution</a></div></li>
</ul><div class="drop-visual">
						<div class="frame">
							<div class="col">
								<a href="https://www.soscuisine.com/books/low-fodmap-solution/"><img width="347" height="139" src="https://www.soscuisine.com/wp-content/uploads/2017/06/fodmap-solution-en.jpg" class="attachment-full size-full" alt="" srcset="https://www.soscuisine.com/wp-content/uploads/2017/06/fodmap-solution-en.jpg 347w, https://www.soscuisine.com/wp-content/uploads/2017/06/fodmap-solution-en-150x60.jpg 150w" sizes="(max-width: 347px) 100vw, 347px"><br><strong class="title">The Low-FODMAP Solution</strong>
								</a><br class="clear">
							</div>
						</div>
					</div>
				</div></div></li>
<li id="menu-item-204" class="menu-item menu-item-type-custom menu-item-object-custom menu-item-has-children menu-item-204"><div class="item"><a href="/recipe/category/">Recipes</a></div><div class="drop-slide-wrapper" style="height: 401px; width: 885px; position: absolute; overflow: hidden; top: 43px; left: 0px; display: none;"><div class="nav-drop" style="position: static; display: block; top: auto; left: auto; margin-top: -401px;"><ul class="list-drop">	<li id="menu-item-210" class="drop_img menu-item menu-item-type-custom menu-item-object-custom menu-item-210"><div class="item"><a title="Browse Search" href="/recipe/search/">Search</a></div></li>
	<li id="menu-item-33810" class="drop_img menu-item menu-item-type-custom menu-item-object-custom menu-item-33810"><div class="item"><a href="/recipe/category/">Recipe Categories</a></div></li>
	<li id="menu-item-207" class="menu-item menu-item-type-custom menu-item-object-custom menu-item-207"><div class="item"><a href="/recipe/search/?action=search&amp;searchQuery=&amp;inFavourites=1">My Cookbook</a></div></li>
	<li id="menu-item-28507" class="drop_img menu-item menu-item-type-custom menu-item-object-custom menu-item-28507"><div class="item"><a href="/recipe/search/?action=search&amp;searchQuery=&amp;restrictDiet=1&amp;advantageousCost=1&amp;orderBy=savingPercent">Best Deals this Week</a></div></li>
	<li id="menu-item-60273" class="menu-item menu-item-type-post_type menu-item-object-page menu-item-60273"><div class="item"><a href="https://www.soscuisine.com/food-dictionary/">Food Dictionary</a></div></li>
	<li id="menu-item-122053" class="menu-item menu-item-type-post_type menu-item-object-page menu-item-122053"><div class="item"><a href="https://www.soscuisine.com/cooking-techniques/">Cooking Techniques</a></div></li>
	<li id="menu-item-37339" class="menu-item menu-item-type-custom menu-item-object-custom menu-item-37339"><div class="item"><a href="/local_products_availability_table.php">Eat Local</a></div></li>
	<li id="menu-item-54577" class="drop_img menu-item menu-item-type-post_type menu-item-object-post menu-item-54577"><div class="item"><a href="https://www.soscuisine.com/blog/top-10-easy-weeknight-meals/">TOP 10: Easy Weeknight Meals</a></div></li>
</ul><div class="drop-visual">
						<div class="frame">
							<div class="col">
								<a href="/recipe/search/"><img width="347" height="139" src="https://www.soscuisine.com/wp-content/uploads/2016/09/categories-menu-img.jpg" class="attachment-full size-full" alt="" srcset="https://www.soscuisine.com/wp-content/uploads/2016/09/categories-menu-img.jpg 347w, https://www.soscuisine.com/wp-content/uploads/2016/09/categories-menu-img-150x60.jpg 150w, https://www.soscuisine.com/wp-content/uploads/2016/09/categories-menu-img-300x120.jpg 300w" sizes="(max-width: 347px) 100vw, 347px"><br><strong class="title">Search</strong>
								</a><br class="clear">
							</div><div class="col">
								<a href="/recipe/category/"><img width="347" height="139" src="https://www.soscuisine.com/wp-content/uploads/2016/03/food-kitchen-cutting-board-cooking-e1457636805806.jpg" class="attachment-full size-full" alt="" srcset="https://www.soscuisine.com/wp-content/uploads/2016/03/food-kitchen-cutting-board-cooking-e1457636805806.jpg 347w, https://www.soscuisine.com/wp-content/uploads/2016/03/food-kitchen-cutting-board-cooking-e1457636805806-150x60.jpg 150w, https://www.soscuisine.com/wp-content/uploads/2016/03/food-kitchen-cutting-board-cooking-e1457636805806-300x120.jpg 300w" sizes="(max-width: 347px) 100vw, 347px"><br><strong class="title">Recipe Categories</strong>
								</a><br class="clear">
							</div><div class="col">
								<a href="/recipe/search/?action=search&amp;searchQuery=&amp;restrictDiet=1&amp;advantageousCost=1&amp;orderBy=savingPercent"><img width="500" height="200" src="https://www.soscuisine.com/wp-content/uploads/2015/10/autopromo_648x180_plus_en.jpg" class="attachment-full size-full" alt="" srcset="https://www.soscuisine.com/wp-content/uploads/2015/10/autopromo_648x180_plus_en.jpg 500w, https://www.soscuisine.com/wp-content/uploads/2015/10/autopromo_648x180_plus_en-150x60.jpg 150w, https://www.soscuisine.com/wp-content/uploads/2015/10/autopromo_648x180_plus_en-300x120.jpg 300w" sizes="(max-width: 500px) 100vw, 500px"><br><strong class="title">Best Deals this Week</strong>
								</a><br class="clear">
							</div><div class="col">
								<a href="https://www.soscuisine.com/blog/top-10-easy-weeknight-meals/"><img width="347" height="139" src="https://www.soscuisine.com/wp-content/uploads/2017/06/week-knight-meals.jpg" class="attachment-full size-full" alt="" srcset="https://www.soscuisine.com/wp-content/uploads/2017/06/week-knight-meals.jpg 347w, https://www.soscuisine.com/wp-content/uploads/2017/06/week-knight-meals-150x60.jpg 150w" sizes="(max-width: 347px) 100vw, 347px"><br><strong class="title">TOP 10: Easy Weeknight Meals</strong>
								</a><br class="clear">
							</div>
						</div>
					</div>
				</div></div></li>
<li id="menu-item-21735" class="menu-item menu-item-type-post_type menu-item-object-page menu-item-has-children menu-item-21735"><div class="item"><a href="https://www.soscuisine.com/blog/">Blog</a></div><div class="drop-slide-wrapper" style="height: 433px; width: 885px; position: absolute; overflow: hidden; top: 43px; left: 0px; display: none;"><div class="nav-drop" style="position: static; display: block; top: auto; left: auto; margin-top: -433px;"><ul class="list-drop">	<li id="menu-item-28092" class="menu-item menu-item-type-taxonomy menu-item-object-category menu-item-28092"><div class="item"><a href="https://www.soscuisine.com/blog/category/what-s-cooking/">What’s Cooking?</a></div></li>
	<li id="menu-item-28086" class="menu-item menu-item-type-taxonomy menu-item-object-category menu-item-28086"><div class="item"><a href="https://www.soscuisine.com/blog/category/health-nutrition/">Health and Nutrition</a></div></li>
	<li id="menu-item-28132" class="menu-item menu-item-type-taxonomy menu-item-object-category menu-item-28132"><div class="item"><a href="https://www.soscuisine.com/blog/category/save-money/">Save Money</a></div></li>
	<li id="menu-item-28131" class="menu-item menu-item-type-taxonomy menu-item-object-category menu-item-28131"><div class="item"><a href="https://www.soscuisine.com/blog/category/our-tips/">Our Tips</a></div></li>
	<li id="menu-item-28085" class="menu-item menu-item-type-taxonomy menu-item-object-category menu-item-28085"><div class="item"><a href="https://www.soscuisine.com/blog/category/events/">Events</a></div></li>
	<li id="menu-item-28130" class="menu-item menu-item-type-taxonomy menu-item-object-category menu-item-28130"><div class="item"><a href="https://www.soscuisine.com/blog/category/library/">In our Library</a></div></li>
	<li id="menu-item-28088" class="menu-item menu-item-type-taxonomy menu-item-object-category menu-item-28088"><div class="item"><a href="https://www.soscuisine.com/blog/category/media-coverage/">Media Coverage</a></div></li>
	<li id="menu-item-44789" class="drop_img menu-item menu-item-type-post_type menu-item-object-page menu-item-44789"><div class="item"><a href="https://www.soscuisine.com/inspiration/mediterranean-diet/">The Mediterranean Diet</a></div></li>
	<li id="menu-item-44791" class="drop_img menu-item menu-item-type-post_type menu-item-object-page menu-item-44791"><div class="item"><a href="https://www.soscuisine.com/inspiration/">Find your inspiration with recipes, ideas, tips, and more!</a></div></li>
	<li id="menu-item-28108" class="drop_img menu-item menu-item-type-post_type menu-item-object-page menu-item-28108"><div class="item"><a href="https://www.soscuisine.com/about/">About Us</a></div></li>
	<li id="menu-item-36471" class="drop_img menu-item menu-item-type-custom menu-item-object-custom menu-item-36471"><div class="item"><a href="https://www.soscuisine.com/blog/the-fodmap-solution">Book: The FODMAP Solution</a></div></li>
</ul><div class="drop-visual">
						<div class="frame">
							<div class="col">
								<a href="https://www.soscuisine.com/inspiration/mediterranean-diet/"><img width="347" height="139" src="https://www.soscuisine.com/wp-content/uploads/2017/06/medi-wide.jpg" class="attachment-full size-full" alt="" srcset="https://www.soscuisine.com/wp-content/uploads/2017/06/medi-wide.jpg 347w, https://www.soscuisine.com/wp-content/uploads/2017/06/medi-wide-150x60.jpg 150w" sizes="(max-width: 347px) 100vw, 347px"><br><strong class="title">The Mediterranean Diet</strong>
								</a><br class="clear">
							</div><div class="col">
								<a href="https://www.soscuisine.com/inspiration/"><img width="347" height="139" src="https://www.soscuisine.com/wp-content/uploads/2016/10/inspiration-dossiers-menu-img.jpg" class="attachment-full size-full" alt="inspiration-dossiers-menu-img" srcset="https://www.soscuisine.com/wp-content/uploads/2016/10/inspiration-dossiers-menu-img.jpg 347w, https://www.soscuisine.com/wp-content/uploads/2016/10/inspiration-dossiers-menu-img-150x60.jpg 150w, https://www.soscuisine.com/wp-content/uploads/2016/10/inspiration-dossiers-menu-img-300x120.jpg 300w" sizes="(max-width: 347px) 100vw, 347px"><br><strong class="title">Find your inspiration with recipes, ideas, tips, and more!</strong>
								</a><br class="clear">
							</div><div class="col">
								<a href="https://www.soscuisine.com/about/"><img width="500" height="201" src="https://www.soscuisine.com/wp-content/uploads/2015/08/equipe-wide.jpg" class="attachment-full size-full" alt="" srcset="https://www.soscuisine.com/wp-content/uploads/2015/08/equipe-wide.jpg 500w, https://www.soscuisine.com/wp-content/uploads/2015/08/equipe-wide-150x60.jpg 150w, https://www.soscuisine.com/wp-content/uploads/2015/08/equipe-wide-300x121.jpg 300w" sizes="(max-width: 500px) 100vw, 500px"><br><strong class="title">About Us</strong>
								</a><br class="clear">
							</div><div class="col">
								<a href="https://www.soscuisine.com/blog/the-fodmap-solution"><img width="347" height="140" src="https://www.soscuisine.com/wp-content/uploads/2017/04/Say-bye-to-abdominal-pain.jpg" class="attachment-full size-full" alt="" srcset="https://www.soscuisine.com/wp-content/uploads/2017/04/Say-bye-to-abdominal-pain.jpg 347w, https://www.soscuisine.com/wp-content/uploads/2017/04/Say-bye-to-abdominal-pain-150x61.jpg 150w" sizes="(max-width: 347px) 100vw, 347px"><br><strong class="title">Book: The FODMAP Solution</strong>
								</a><br class="clear">
							</div>
						</div>
					</div>
				</div></div></li>
</ul>							</div>
						</div>
					</div>
				</nav>
				<!-- main nav end -->
			</div>
		</div>
	</header>
	<!-- Change region popup -->
    <div id="changeRegion" class="changeRegion">
        <div class="countryPopup">
            <div class="popupContent">
                <a class="close" href="#">×</a>
                <div id="change-region-content">
                    <div id="main-areas-wrapper" class="row">
                        <div class="col-md-6 column">
                            <div class="single-area-wrapper">
                                <h3 class="single-area-title">
									NORTH AMERICA                                </h3>
                                <div class="single-country singleCountryCanada">
                                    <h3 class="single-country-title canadaTitle">
                                        <img src="//d33wubrfki0l68.cloudfront.net/f4ced338a2b28fd1d5655d5400b332924f22d7a7/a68a9/assets/images/flags/countries/flag-of-canada.png" alt="Canada">
										Canada                                    </h3>
                                    <ul class="single-country-cities">
                                        <li>
                                            <a href="//www.soscuisine.com/?lang=en&amp;sos_r=CA-AB">
                                                <h4>
                                                    <img src="/media/images/flag/AB.png" alt="Canada" class="provinceImg">
                                                    Alberta                                                </h4>
                                            </a>
                                        </li>
                                        <li>
                                            <a href="//www.soscuisine.com/?lang=en&amp;sos_r=CA-BC">
                                                <h4>
                                                    <img src="/media/images/flag/BC.png" alt="Canada" class="provinceImg">
                                                    British Columbia                                                </h4>
                                            </a>
                                        </li>
                                        <li>
                                            <a href="//www.soscuisine.com/?lang=en&amp;sos_r=CA-MB">
                                                <h4>
                                                    <img src="/media/images/flag/MB.png" alt="Canada" class="provinceImg">
                                                    Manitoba                                                </h4>
                                            </a>
                                        </li>
                                        <li>
                                            <a href="//www.soscuisine.com/?lang=en&amp;sos_r=CA-NB">
                                                <h4>
                                                    <img src="/media/images/flag/NB.png" alt="Canada" class="provinceImg">
                                                    New Brunswick                                                </h4>
                                            </a>
                                        </li>
                                        <li>
                                            <a href="//www.soscuisine.com/?lang=en&amp;sos_r=CA-NL">
                                                <h4>
                                                    <img src="/media/images/flag/NL.png" alt="Canada" class="provinceImg">
                                                    Newfoundland Labrador                                                </h4>
                                            </a>
                                        </li>
                                        <li>
                                            <a href="//www.soscuisine.com/?lang=en&amp;sos_r=CA-NS">
                                                <h4>
                                                    <img src="/media/images/flag/NS.png" alt="Canada" class="provinceImg">
                                                    Nova Scotia                                                </h4>
                                            </a>
                                        </li>
                                        <li>
                                            <a href="//www.soscuisine.com/?lang=en&amp;sos_r=CA-ON">
                                                <h4>
                                                    <img src="/media/images/flag/ON.png" alt="Canada" class="provinceImg">
                                                    Ontario                                                </h4>
                                            </a>
                                        </li>
                                        <li>
                                            <a href="//www.soscuisine.com/?lang=en&amp;sos_r=CA-PE">
                                                <h4>
                                                    <img src="/media/images/flag/PE.png" alt="Canada" class="provinceImg">
                                                    Prince Edward Island                                                </h4>
                                            </a>
                                        </li>
                                        <li>
                                            <a href="//www.soscuisine.com/?lang=en&amp;sos_r=CA-QC">
                                                <h4>
                                                    <img src="/media/images/flag/QC.png" alt="Canada" class="provinceImg">
													Quebec                                                </h4>
                                            </a>
                                        </li>
                                        <li>
                                            <a href="//www.soscuisine.com/?lang=en&amp;sos_r=CA-SK">
                                                <h4>
                                                    <img src="/media/images/flag/SK.png" alt="Canada" class="provinceImg">
                                                    Saskatchewan                                                </h4>
                                            </a>
                                        </li>
                                    </ul>
                                </div>
                                <a href="//www.soscuisine.com/?lang=en&amp;sos_r=US">
                                    <div class="single-country">
                                        <h3 class="single-country-title">
                                            <img src="//d33wubrfki0l68.cloudfront.net/575bc53a18e6edad6f149dd59e4d9bdbf51e2f90/2ad07/assets/images/flags/countries/flag-of-united-states-of-america.png" alt="United States">
											United States                                        </h3>
                                    </div>
                                </a>
                            </div>
                        </div>
                        <div class="col-md-6 column">
                            <div class="single-area-wrapper">
                                <h3 class="single-area-title">
		                            Europe                                </h3>
                                <a href="//www.soscuisine.be/?lang=en">
                                    <div class="single-country">
                                        <h3 class="single-country-title">
                                            <img src="//d33wubrfki0l68.cloudfront.net/110806a8ac19962e8cc3ba2d42c4f71c130cf8c0/9e9cd/assets/images/flags/countries/flag-of-belgium.png" alt="Belgium">
											Belgium                                            <span></span>
                                        </h3>
                                    </div>
                                </a>
                                <a href="//www.soscuisine.fr/?lang=en">
                                    <div class="single-country">
                                        <h3 class="single-country-title">
                                            <img src="//d33wubrfki0l68.cloudfront.net/815586530c1527638811ce047a20f08a87c2cca3/e921f/assets/images/flags/countries/flag-of-france.png" alt="France">
											France                                        </h3>
                                    </div>
                                </a>
                                <a href="//www.soscuisine.it/?lang=en">
                                    <div class="single-country">
                                        <h3 class="single-country-title">
                                            <img src="//d33wubrfki0l68.cloudfront.net/78540c8c719c9ee26710e6a8d1e8f25c0234710f/07123/assets/images/flags/countries/flag-of-italy.png" alt="Italy">
											Italy                                        </h3>
                                    </div>
                                </a>
                                <a href="//www.soscuisine.ch/?lang=en">
                                    <div class="single-country">
                                        <h3 class="single-country-title">
                                            <img src="//d33wubrfki0l68.cloudfront.net/c935f6ad0ddf3a0510bbced2a4877237a78d1ff7/618dc/assets/images/flags/countries/flag-of-switzerland.png" alt="Switzerland">
											Switzerland                                        </h3>
                                    </div>
                                </a>

                            </div>
                            <div class="single-area-wrapper">
                                <h3 class="single-area-title">
									Elsewhere                                </h3>
                                <a href="//www.soscuisine.com/?lang=en&amp;sos_r=UNKNOWN">
                                    <div class="single-country">
                                        <h3 class="single-country-title">
                                            <img src="//i.imgur.com/qjrTYtt.png" alt="Elsewhere">
											Elsewhere                                            <span></span>
                                        </h3>
                                    </div>
                                </a>
                            </div>
                        </div>
                    </div>
                </div>
            </div>
        </div>
    </div>
	<!-- Change region popup end -->
	<main id="main-wide" role="main" class="AB0" data-lang="en">
		
<script src="/wp-content/themes/soscuisinewp/js/cookies/js.cookie.js"></script>

<link rel="stylesheet" type="text/css" href="https://cdn.datatables.net/t/dt/dt-1.10.11,b-1.1.2,b-print-1.1.2,fh-3.1.1,r-2.0.2/datatables.min.css">

<script type="text/javascript" src="https://cdn.datatables.net/t/dt/dt-1.10.11,b-1.1.2,b-print-1.1.2,fh-3.1.1,r-2.0.2/datatables.min.js"></script>
<!--link rel="stylesheet" type="text/css" href="https://cdn.datatables.net/1.10.11/css/jquery.dataTables.min.css" /-->
<link media="all" rel="stylesheet" type="text/css" href="https://www.soscuisine.com/wp-content/themes/soscuisinewp/css/sios.css?07=19">
<link media="all" rel="stylesheet" type="text/css" href="https://www.soscuisine.com/wp-content/themes/soscuisinewp/css/powertour/powertour.min.3.1.0.css">
<link media="all" rel="stylesheet" type="text/css" href="https://www.soscuisine.com/wp-content/themes/soscuisinewp/css/powertour/powertour-style-clean.min.css">
<link media="all" rel="stylesheet" type="text/css" href="https://www.soscuisine.com/wp-content/themes/soscuisinewp/css/powertour/animate.min.css">
<link media="all" rel="stylesheet" type="text/css" href="https://www.soscuisine.com/wp-content/themes/soscuisinewp/css/powertour/powertour-mobile.css">
<style>
    td.details-control {cursor: pointer;}
    table.dataTable.dtr-inline.collapsed > tbody > tr > td:first-child::before, table.dataTable.dtr-inline.collapsed > tbody > tr > th:first-child::before {display: none;}
    table.dataTable.dtr-inline.collapsed.compact > tbody > tr > td:first-child, table.dataTable.dtr-inline.collapsed.compact > tbody > tr > th:first-child {padding-left: 4px;white-space: nowrap;}
    .fa-thumbs-up {color: #588a0f}
    .fa-thumbs-down {color: #CF0000}
    .dt-buttons {margin: 25px}
    .modalSOSPlus button.ui-button {outline: 1px solid #EBAD56 !important}
    table#example, input, .select-all, .select-none {cursor: pointer;}
    .menu-sub-link .right {font-style: normal}
    td.child ul {padding-left: 80px !important}
    </style>
<style media="print">
    .dataTables_length, .dataTables_filter, .dataTables_info, .dataTables_paginate, .dt-buttons {display: none !important;}
    .col-xs-12.col-sm-10.col-md-10.col-lg-10 {padding: 0;}
</style>
<script type="text/javascript">
    var currentWidth = window.innerWidth - 10;
    var maxWidth = currentWidth;
    if (maxWidth > 750) {
        maxWidth = 750;
    } else {
        maxWidth = currentWidth * 0.9;
    }
    var html = '<div class="modalSOSPlus"><a href="/en/plus"><img src="/media/images/sosplus/go_sosplus_en.jpg" style="max-width:' + maxWidth + '" /></a><b>Already a PLUS, PREMIUM or VIP? <a href="/membre_connexion.php?from=httphttp%3A%2F%2Fwww.soscuisine.com%2Fflyer_specials.php%3Fsos_l%3Den">Sign in</a></b></div>';

    var canAddToGL = 1;
    var languageDataTable = {
        sProcessing: "<i class='fa fa-spinner fa-spin fa-5x'></i>",
        searchPlaceholder: "Search...",
        sSearch: "_INPUT_",
        sLengthMenu: "Show _MENU_ results",
        sInfo: "Showing _START_ to _END_ of _TOTAL_ results",
        sInfoEmpty: "No result",
        sInfoFiltered: "(filtered from _MAX_ total results)",
        sLoadingRecords: "Loading...",
        sZeroRecords: "No result",
        sEmptyTable: "No data to display",
        oPaginate: {
            sFirst: "First",
            sPrevious: "<<",
            sNext: ">>",
            sLast: "Last"
        }
    };

    var buttonsDataTable = [
        {
            text: '<i class="fa fa-print" title="Print"></i>',
            action: function () {
                window.print();
            }
        },
        {
            text: '<i class="fas fa-redo"  title="Reload"></i>',
            action: function () {
                location.reload(true);
            }
        },
        {
            text: '<i class="fa fa-expand"  title="Show details"></i>',
            action: function (e, dt) {
                $(dt.table().node()).find("tr:not(.parent)>td:first-child").trigger("click");
            }
        },
        {
            text: '<i class="fa fa-compress"  title="Hide details"></i>',
            action: function (e, dt) {
                $(dt.table().node()).find("tr.parent>td:first-child").trigger("click");
            }
        },

                {
          text: '<i class="fa fa-table"  title="View by merchants"></i>&nbsp;View by merchants',
            action: function () {
                window.location = "/flyers-specials-mosaic?ignoreMode=1"

       }
        },

        
        {
            text: '<i class="fa fa-question-circle" id="start-tutorial" title="Help"></i>&nbsp;Help ',
            action: function (event) {
                event.stopPropagation();
                var GAType = 'Free';
                if (canAddToGL){
                    GAType = 'Paid';
                }
                ga('send', 'event', 'SIOS', GAType, 'Help Button');
                if(window.location.hostname!= 'admin.soscuisine.com') {
                    $.powerTour('run', 1);
                }
            }
        }
    ];

    var language = 'en';
    var regionCode = 'CA-QC';
    var regionId = '11';
    var appendURL = '?showFull=1';
    var dataKey = '61d011ee50cc644c0e08ba04c7e98cb6';

    var groceryListAdded = "This item was added to your grocery list";
    var groceryListContinue = "Continue with items on sale";
    var groceryListGoTo = "Go to my grocery list";
    var analyticTag = 'Paid';

$(document).ready(function () {
        if (window.innerWidth < 1026) {
            $('.toggle').removeClass('fa-minus-circle').addClass('fa-plus-circle');
        }
});
</script>
<div class="container-fluid">
    <div class="row">
        
            <div class="at-above-post-page addthis_tool" data-url="https://www.soscuisine.com/grocery-flyers/"></div><div class="container-fluid">
<div class="container set-width">
<div class="row left-text">
<div class="col-md-12">
<p id="breadcrumbs grey splashBigText"><strong><span><span><a href="https://www.soscuisine.com/">Home</a> » <span class="breadcrumb_last">Grocery Flyers Wizard – Find the TRUE bargains</span></span></span></strong></p>
<h1 class="bigGrey left-text" style="padding: 0; text-align: left; margin-top: 15px; margin-bottom: 15px;">Grocery Flyers Comparison Wizard</h1>
</div></div>
</div>
</div>
<p>    <!-- end of breadcrumbs--></p>
<div id="flyerSpecial"></div>
<!-- AddThis Advanced Settings above via filter on the_content --><!-- AddThis Advanced Settings below via filter on the_content --><!-- AddThis Advanced Settings generic via filter on the_content --><!-- AddThis Share Buttons above via filter on the_content --><!-- AddThis Share Buttons below via filter on the_content --><div class="at-below-post-page addthis_tool" data-url="https://www.soscuisine.com/grocery-flyers/"></div><!-- AddThis Share Buttons generic via filter on the_content -->                                </div>
    <div class="row menu-tuto-sios" data-link-grocery-list="/meal-plan/grocery-list/">
        <div class="col-xs-12 col-sm-12 col-md-3 col-lg-2 not_printable">
            <div class="menu" id="menu">
                <ul>
                    <li><span class="list-header">
                            <i class="fa fa-shopping-basket"></i>
                            Aisles                        </span>
                        <i class="fa right toggle fa-plus-circle"></i>
                        <div class="link-well">
                            <ul>
                                <li class="menu-sub-link">
                                    <input type="checkbox" name="aisle" value="16" id="aisle16" checked="checked">
                                    <label for="aisle16">
                                        Fruits                                    </label>
                                </li>
                                <li class="menu-sub-link">
                                    <input type="checkbox" name="aisle" value="17" id="aisle17" checked="checked">
                                    <label for="aisle17">
                                        Vegetables                                    </label>
                                </li>
                                <li class="menu-sub-link">
                                    <input type="checkbox" name="aisle" value="15" id="aisle15" checked="checked">
                                    <label for="aisle15">
                                        Herbs                                    </label>
                                </li>
                                <li class="menu-sub-link">
                                    <input type="checkbox" name="aisle" value="5" id="aisle5" checked="checked">
                                    <label for="aisle5">
                                        Dairy Products                                    </label>
                                </li>
                                <li class="menu-sub-link">
                                    <input type="checkbox" name="aisle" value="6" id="aisle6" checked="checked">
                                    <label for="aisle6">
                                        Meat &amp; Poultry                                    </label>
                                </li>
                                <li class="menu-sub-link">
                                    <input type="checkbox" name="aisle" value="7" id="aisle7" checked="checked">
                                    <label for="aisle7">
                                        Fish &amp; Seafood                                    </label>
                                </li>
                                <li class="menu-sub-link">
                                    <input type="checkbox" name="aisle" value="13" id="aisle13" checked="checked">
                                    <label for="aisle13">
                                        Refrigerated Items                                    </label>
                                </li>
                                <li class="menu-sub-link">
                                    <input type="checkbox" name="aisle" value="8" id="aisle8" checked="checked">
                                    <label for="aisle8">
                                        Frozen Foods                                    </label>
                                </li>
                                <li class="menu-sub-link">
                                    <input type="checkbox" name="aisle" value="9" id="aisle9" checked="checked">
                                    <label for="aisle9">
                                        Pasta &amp; Rice                                    </label>
                                </li>
                                <li class="menu-sub-link">
                                    <input type="checkbox" name="aisle" value="22" id="aisle22" checked="checked">
                                    <label for="aisle22">
                                        Bakery                                    </label>
                                </li>
                                <li class="menu-sub-link">
                                    <input type="checkbox" name="aisle" value="24" id="aisle24" checked="checked">
                                    <label for="aisle24">
                                        Baking Products                                    </label>
                                </li>
                                <li class="menu-sub-link">
                                    <input type="checkbox" name="aisle" value="18" id="aisle18" checked="checked">
                                    <label for="aisle18">
                                        Spices                                    </label>
                                </li>
                                <li class="menu-sub-link">
                                    <input type="checkbox" name="aisle" value="19" id="aisle19" checked="checked">
                                    <label for="aisle19">
                                        Oil &amp; Vinegar                                    </label>
                                </li>
                                <li class="menu-sub-link">
                                    <input type="checkbox" name="aisle" value="20" id="aisle20" checked="checked">
                                    <label for="aisle20">
                                        Condiments                                    </label>
                                </li>
                                <li class="menu-sub-link">
                                    <input type="checkbox" name="aisle" value="21" id="aisle21" checked="checked">
                                    <label for="aisle21">
                                        Nuts                                    </label>
                                </li>
                                <li class="menu-sub-link">
                                    <input type="checkbox" name="aisle" value="23" id="aisle23" checked="checked">
                                    <label for="aisle23">
                                        Canned Food                                    </label>
                                </li>
                                <li class="menu-sub-link">
                                    <input type="checkbox" name="aisle" value="10" id="aisle10" checked="checked">
                                    <label for="aisle10">
                                        Dry Good                                    </label>
                                </li>
                                <li class="menu-sub-link">
                                    <input type="checkbox" name="aisle" value="26" id="aisle26" checked="checked">
                                    <label for="aisle26">
                                        Gluten Free                                    </label>
                                </li>
                                <li class="menu-sub-link">
                                    <input type="checkbox" name="aisle" value="11" id="aisle11" checked="checked">
                                    <label for="aisle11">
                                        Alcohol                                    </label>
                                </li>
                                <li class="menu-sub-link">
                                    <input type="checkbox" name="aisle" value="27" id="aisle27" checked="checked">
                                    <label for="aisle27">
                                        Non Food                                    </label>
                                </li>
                            </ul>
                            <b class="select-all">Select All</b> |
                            <b class="select-none">Select None</b>
                        </div>
                    </li>
                    <li>
                        <span class="list-header">
                            <i class="fa fa-shopping-cart"></i>
                            Merchants                        </span>
                        <i class="fa right toggle fa-plus-circle"></i>
                        <div class="link-well">
                            <ul id="merchantList" data-count="A19">
                                <li><input type="checkbox" checked="checked" style="display:none" name="merchant" value="0"></li>
                                <li class="menu-sub-link"><input type="checkbox" name="merchant" value="94" id="merchant94" checked="checked"><label for="merchant94">Avril</label></li><li class="menu-sub-link"><input type="checkbox" name="merchant" value="10" id="merchant10" checked="checked"><label for="merchant10">Bonichoix</label></li><li class="menu-sub-link"><input type="checkbox" name="merchant" value="75" id="merchant75" checked="checked"><label for="merchant75">Fruiterie 440</label></li><li class="menu-sub-link"><input type="checkbox" name="merchant" value="3" id="merchant3" checked="checked"><label for="merchant3">IGA</label></li><li class="menu-sub-link"><input type="checkbox" name="merchant" value="69" id="merchant69" checked="checked"><label for="merchant69">Intermarche (Provincial)</label></li><li class="menu-sub-link"><input type="checkbox" name="merchant" value="7" id="merchant7" checked="checked"><label for="merchant7">Intermarché (Saveurs intl.)</label></li><li class="menu-sub-link"><input type="checkbox" name="merchant" value="13" id="merchant13" checked="checked"><label for="merchant13">Jardin Mobile</label></li><li class="menu-sub-link"><input type="checkbox" name="merchant" value="63" id="merchant63" checked="checked"><label for="merchant63">Marché Adonis</label></li><li class="menu-sub-link"><input type="checkbox" name="merchant" value="95" id="merchant95" checked="checked"><label for="merchant95">Marchés Tau</label></li><li class="menu-sub-link"><input type="checkbox" name="merchant" value="6" id="merchant6" checked="checked"><label for="merchant6">Maxi</label></li><li class="menu-sub-link"><input type="checkbox" name="merchant" value="1" id="merchant1" checked="checked"><label for="merchant1">Metro</label></li><li class="menu-sub-link"><input type="checkbox" name="merchant" value="64" id="merchant64" checked="checked"><label for="merchant64">Mourelatos</label></li><li class="menu-sub-link"><input type="checkbox" name="merchant" value="2" id="merchant2" checked="checked"><label for="merchant2">Provigo</label></li><li class="menu-sub-link"><input type="checkbox" name="merchant" value="93" id="merchant93" checked="checked"><label for="merchant93">Rachelle Béry</label></li><li class="menu-sub-link"><input type="checkbox" name="merchant" value="12" id="merchant12" checked="checked"><label for="merchant12">Richelieu</label></li><li class="menu-sub-link"><input type="checkbox" name="merchant" value="5" id="merchant5" checked="checked"><label for="merchant5">Super C</label></li><li class="menu-sub-link"><input type="checkbox" name="merchant" value="62" id="merchant62" checked="checked"><label for="merchant62">Supermarché PA</label></li><li class="menu-sub-link"><input type="checkbox" name="merchant" value="11" id="merchant11" checked="checked"><label for="merchant11">Tradition</label></li><li class="menu-sub-link"><input type="checkbox" name="merchant" value="73" id="merchant73" checked="checked"><label for="merchant73">Walmart</label></li>                            </ul>
                            <b class="select-all">Select All</b> |
                            <b class="select-none">Select None</b>
                        </div>
                    </li>
                    <li>
                        <span class="list-header">
                            <i class="fa fa-thumbs-up" style="color: #000"></i>
                            Prices                        </span>
                        <i class="fa right toggle fa-plus-circle"></i>
                        <div class="link-well">
                            <ul>
                                <li class="menu-sub-link">
                                    <input type="checkbox" name="qualifier" value="GREAT_BARGAIN" id="GREAT_BARGAIN" checked="checked">
                                    <label for="GREAT_BARGAIN">
                                        Great Bargain                                        <i class="fa fa-thumbs-up"></i> <i class="fa fa-thumbs-up"></i>
                                    </label>
                                </li>
                                <li class="menu-sub-link">
                                    <input type="checkbox" name="qualifier" value="BARGAIN" id="BARGAIN" checked="checked">
                                    <label for="BARGAIN">
                                        Bargain                                        <i class="fa fa-thumbs-up"></i>
                                    </label>
                                </li>
                                <li class="menu-sub-link">
                                    <input type="checkbox" name="qualifier" value="NORMAL" id="NORMAL" checked="checked">
                                    <label for="NORMAL">
                                        So-So                                        <i class="fas fa-hand-rock"></i>
                                    </label>
                                </li>
                                <li class="menu-sub-link">
                                    <input type="checkbox" name="qualifier" value="BAD" id="BAD" checked="checked">
                                    <label for="BAD">
                                        Pricey                                        <i class="fa fa-thumbs-down"></i>
                                    </label>
                                </li>
                                <li class="menu-sub-link">
                                    <input type="checkbox" name="qualifier" value="UNKNOWN" id="UNKNOWN" checked="checked">
                                    <label for="UNKNOWN">
                                        Not Qualifiable                                        <i class="fas fa-exclamation"></i>
                                        <i class="fas fa-circle" style="padding-right: 5px"></i>
                                    </label>
                                </li>
                            </ul>
                            <b class="select-all">Select All</b> |
                            <b class="select-none">Select None</b>
                        </div>
                    </li>
                </ul>
            </div>
        </div>
        <div class="col-xs-12 col-sm-12 col-md-9 col-lg-10">
            <div>
                <i class="fa fa-spinner fa-spin fa-5x" style="display: none;"></i>
                <div class="sios-click-note"><p><i class="fa fa-info-circle" aria-hidden="true"></i>Click on rows to reveal more information</p></div><div id="example_wrapper" class="dataTables_wrapper no-footer" style="display: block;"><div class="dataTables_length" id="example_length"><label>Show <select name="example_length" aria-controls="example" class=""><option value="25">25</option><option value="50">50</option><option value="75">75</option><option value="100">100</option><option value="-1">ALL</option></select> results</label></div><div class="dt-buttons"><a class="dt-button" tabindex="0" aria-controls="example"><span><i class="fa fa-print" title="Print"></i></span></a><a class="dt-button" tabindex="0" aria-controls="example"><span><i class="fas fa-redo" title="Reload"></i></span></a><a class="dt-button" tabindex="0" aria-controls="example"><span><i class="fa fa-expand" title="Show details"></i></span></a><a class="dt-button" tabindex="0" aria-controls="example" style="display: none;"><span><i class="fa fa-compress" title="Hide details"></i></span></a><a class="dt-button" tabindex="0" aria-controls="example"><span><i class="fa fa-table" title="View by merchants"></i>&nbsp;View by merchants</span></a><a class="dt-button" tabindex="0" aria-controls="example"><span><i class="fa fa-question-circle" id="start-tutorial" title="Help"></i>&nbsp;Help </span></a></div><div id="example_filter" class="dataTables_filter"><label><input type="search" class="" placeholder="Search..." aria-controls="example"></label></div><div id="example_processing" class="dataTables_processing" style="display: none;"><i class="fa fa-spinner fa-spin fa-5x" style="display: none;"></i></div><div class="dataTables_paginate paging_simple_numbers" id="example_paginate"><a class="paginate_button previous disabled" aria-controls="example" data-dt-idx="0" tabindex="0" id="example_previous">&lt;&lt;</a><span><a class="paginate_button current" aria-controls="example" data-dt-idx="1" tabindex="0">1</a></span><a class="paginate_button next disabled" aria-controls="example" data-dt-idx="2" tabindex="0" id="example_next">&gt;&gt;</a></div><table id="example" class="cell-border compact hover order-column dataTable no-footer dtr-inline collapsed" cellspacing="0" width="100%" role="grid" aria-describedby="example_info" style="width: 100%;">
                    <thead>
                        <tr role="row"><th class="all sorting" id="colThumbs" tabindex="0" aria-controls="example" rowspan="1" colspan="1" aria-label=": activate to sort column descending" style="width: 16px;"><i class="fa fa-thumbs-up" style="color: #000"></i></th><th class="sosmobile sostablet sosdesktop not_printable sorting_disabled" id="addToGroceryList" rowspan="1" colspan="1" aria-label="" style="width: 17px;"></th><th class="all sorting_disabled" rowspan="1" colspan="1" aria-label="" style="width: 38px;"></th><th class="all sorting" id="thItem" tabindex="0" aria-controls="example" rowspan="1" colspan="1" aria-label="
                                Item                            : activate to sort column ascending" style="width: 232px;">
                                Item                            </th><th class="sostablet sosdesktop not_printable sorting_asc" tabindex="0" aria-controls="example" rowspan="1" colspan="1" aria-sort="ascending" aria-label="
                                Aisle                            : activate to sort column descending" style="width: 31px;">
                                Aisle                            </th><th class="all sorting" tabindex="0" aria-controls="example" rowspan="1" colspan="1" aria-label="
                                Merchant                            : activate to sort column ascending" style="width: 133px;">
                                Merchant                            </th><th class="all sorting" tabindex="0" aria-controls="example" rowspan="1" colspan="1" aria-label="
                                Selling Price                            : activate to sort column ascending" style="width: 105px;">
                                Selling Price                            </th><th class="sostablet sosdesktop sorting" id="compPrice" tabindex="0" aria-controls="example" rowspan="1" colspan="1" aria-label="
                                Comparison Price                            : activate to sort column ascending" style="width: 113px;">
                                Comparison Price                            </th><th class="sosdesktop sorting" tabindex="0" aria-controls="example" rowspan="1" colspan="1" aria-label="
                                Valid until                            : activate to sort column ascending" style="width: 0px; display: none;">
                                Valid until                            </th><th class="sosdesktop sorting" tabindex="0" aria-controls="example" rowspan="1" colspan="1" aria-label="
                                Origin                            : activate to sort column ascending" style="width: 0px; display: none;">
                                Origin                            </th><th class="sosdesktop sorting" tabindex="0" aria-controls="example" rowspan="1" colspan="1" aria-label="
                                Brand                            : activate to sort column ascending" style="width: 0px; display: none;">
                                Brand                            </th><th class="sosdesktop sorting" tabindex="0" aria-controls="example" rowspan="1" colspan="1" aria-label="
                                Size                            : activate to sort column ascending" style="width: 0px; display: none;">
                                Size                            </th><th class="sosdesktop sorting" tabindex="0" aria-controls="example" rowspan="1" colspan="1" aria-label="
                                Type                            : activate to sort column ascending" style="width: 0px; display: none;">
                                Type                            </th><th class="sosdesktop sorting" tabindex="0" aria-controls="example" rowspan="1" colspan="1" aria-label="
                                Quality                            : activate to sort column ascending" style="width: 0px; display: none;">
                                Quality                            </th><th class="sosdesktop sorting" tabindex="0" aria-controls="example" rowspan="1" colspan="1" aria-label="
                                Condition                            : activate to sort column ascending" style="width: 0px; display: none;">
                                Condition                            </th><th class="none sorting" tabindex="0" aria-controls="example" rowspan="1" colspan="1" aria-label="
                                Notes                            : activate to sort column ascending" style="width: 0px; display: none;">
                                Notes                            </th><th class="none sorting" tabindex="0" aria-controls="example" rowspan="1" colspan="1" aria-label=": activate to sort column ascending" style="width: 0px; display: none;"></th></tr>
                    </thead>
                    <tbody>
                                            <tr role="row" class="odd"><td tabindex="0"><i class="fa fa-thumbs-up"></i><i class="fa fa-thumbs-up"></i></td><td class=" not_printable"><div class="addToGL" data-soscuisine-aisle="16" data-soscuisine-sip="3939545"><i class="fa fa-cart-plus" title="Add to My Grocery List"></i><div></div></div></td><td><img class="storeItemImage" itemprop="image" alt="apples" src="/media/images/store_item/64.jpg"></td><td>apples</td><td class="not_printable sorting_1">fruits</td><td><img style="width:50%;" src="/media/images/logos/marchands/10.png" alt="Bonichoix"></td><td><span itemprop="price">$3.49</span><span itemprop="eligibleQuantity" itemscope="" itemtype="http://schema.org/QuantitativeValue">/<span itemprop="unitText">4.4lb (2kg)</span></span></td><td>$1.75/kg</td><td style="display: none;">2020-02-26</td><td style="display: none;">Quebec</td><td style="display: none;">house brand</td><td style="display: none;"></td><td style="display: none;">Cortland</td><td style="display: none;"></td><td style="display: none;"></td><td style="display: none;">Empire, McIntosh, Spartan</td><td style="display: none;"><a class="recipeLink" href="/recipe_ingredient_search_results.php?query=(_QU5E__1__________64__[]_1_1)">Recipes with apples</a></td></tr><tr role="row" class="even"><td tabindex="0"><i class="fa fa-thumbs-up"></i></td><td class=" not_printable"><div class="addToGL" data-soscuisine-aisle="16" data-soscuisine-sip="3937273"><i class="fa fa-cart-plus" title="Add to My Grocery List"></i><div></div></div></td><td><img class="storeItemImage" itemprop="image" alt="apples" src="/media/images/store_item/64.jpg"></td><td>apples</td><td class="not_printable sorting_1">fruits</td><td><img style="width:50%;" src="/media/images/logos/marchands/75.png" alt="Fruiterie 440"></td><td><span itemprop="price">$0.99</span><span itemprop="eligibleQuantity" itemscope="" itemtype="http://schema.org/QuantitativeValue">/<span itemprop="unitText">lb</span></span></td><td>$2.18/kg</td><td style="display: none;">2020-02-23</td><td style="display: none;">USA</td><td style="display: none;"></td><td style="display: none;"></td><td style="display: none;">Gala</td><td style="display: none;"></td><td style="display: none;"></td><td style="display: none;"></td><td style="display: none;"><a class="recipeLink" href="/recipe_ingredient_search_results.php?query=(_QU5E__1__________64__[]_1_1)">Recipes with apples</a></td></tr><tr role="row" class="odd"><td tabindex="0"><i class="fas fa-hand-rock"></i></td><td class=" not_printable"><div class="addToGL" data-soscuisine-aisle="16" data-soscuisine-sip="3939473"><i class="fa fa-cart-plus" title="Add to My Grocery List"></i><div></div></div></td><td><img class="storeItemImage" itemprop="image" alt="apples" src="/media/images/store_item/64.jpg"></td><td>apples</td><td class="not_printable sorting_1">fruits</td><td><img style="width:50%;" src="/media/images/logos/marchands/3.png" alt="IGA"></td><td><span itemprop="price">$5.99</span><span itemprop="eligibleQuantity" itemscope="" itemtype="http://schema.org/QuantitativeValue">/<span itemprop="unitText">4.4lb (2kg)</span></span></td><td>$2.99/kg</td><td style="display: none;">2020-02-26</td><td style="display: none;">Quebec</td><td style="display: none;">house brand</td><td style="display: none;"></td><td style="display: none;">Empire</td><td style="display: none;"></td><td style="display: none;"></td><td style="display: none;">or McIntosh, Spartan</td><td style="display: none;"><a class="recipeLink" href="/recipe_ingredient_search_results.php?query=(_QU5E__1__________64__[]_1_1)">Recipes with apples</a></td></tr><tr role="row" class="even"><td tabindex="0"><i class="fa fa-thumbs-down"></i></td><td class=" not_printable"><div class="addToGL" data-soscuisine-aisle="16" data-soscuisine-sip="3939513"><i class="fa fa-cart-plus" title="Add to My Grocery List"></i><div></div></div></td><td><img class="storeItemImage" itemprop="image" alt="apples" src="/media/images/store_item/64.jpg"></td><td>apples</td><td class="not_printable sorting_1">fruits</td><td><img style="width:50%;" src="/media/images/logos/marchands/3.png" alt="IGA"></td><td><span itemprop="price">$7.00</span><span itemprop="eligibleQuantity" itemscope="" itemtype="http://schema.org/QuantitativeValue">/<span itemprop="value">2</span>x<span itemprop="unitText">2lb (907g)</span></span></td><td>$3.86/kg</td><td style="display: none;">2020-02-26</td><td style="display: none;">Quebec</td><td style="display: none;">Les Croquantes</td><td style="display: none;"></td><td style="display: none;"></td><td style="display: none;"></td><td style="display: none;"></td><td style="display: none;"></td><td style="display: none;"><a class="recipeLink" href="/recipe_ingredient_search_results.php?query=(_QU5E__1__________64__[]_1_1)">Recipes with apples</a></td></tr><tr role="row" class="odd"><td tabindex="0"><i class="fa fa-thumbs-down"></i></td><td class=" not_printable"><div class="addToGL" data-soscuisine-aisle="16" data-soscuisine-sip="3939231"><i class="fa fa-cart-plus" title="Add to My Grocery List"></i><div></div></div></td><td><img class="storeItemImage" itemprop="image" alt="apples" src="/media/images/store_item/64.jpg"></td><td>apples</td><td class="not_printable sorting_1">fruits</td><td><img style="width:50%;" src="/media/images/logos/marchands/3.png" alt="IGA"></td><td><span itemprop="price">$1.99</span><span itemprop="eligibleQuantity" itemscope="" itemtype="http://schema.org/QuantitativeValue">/<span itemprop="unitText">lb</span></span></td><td>$4.39/kg</td><td style="display: none;">2020-02-26</td><td style="display: none;">Quebec</td><td style="display: none;"></td><td style="display: none;"></td><td style="display: none;">various types</td><td style="display: none;"></td><td style="display: none;"></td><td style="display: none;">or USA</td><td style="display: none;"><a class="recipeLink" href="/recipe_ingredient_search_results.php?query=(_QU5E__1__________64__[]_1_1)">Recipes with apples</a></td></tr><tr role="row" class="even"><td tabindex="0"><i class="fa fa-thumbs-down"></i></td><td class=" not_printable"><div class="addToGL" data-soscuisine-aisle="16" data-soscuisine-sip="3939277"><i class="fa fa-cart-plus" title="Add to My Grocery List"></i><div></div></div></td><td><img class="storeItemImage" itemprop="image" alt="apples" src="/media/images/store_item/64.jpg"></td><td>apples</td><td class="not_printable sorting_1">fruits</td><td><img style="width:50%;" src="/media/images/logos/marchands/3.png" alt="IGA"></td><td><span itemprop="price">$4.99</span><span itemprop="eligibleQuantity" itemscope="" itemtype="http://schema.org/QuantitativeValue">/<span itemprop="unitText">1,13kg</span></span></td><td>$4.42/kg</td><td style="display: none;">2020-02-26</td><td style="display: none;">Canada</td><td style="display: none;"></td><td style="display: none;"></td><td style="display: none;">Red Prince</td><td style="display: none;"></td><td style="display: none;"></td><td style="display: none;"></td><td style="display: none;"><a class="recipeLink" href="/recipe_ingredient_search_results.php?query=(_QU5E__1__________64__[]_1_1)">Recipes with apples</a></td></tr><tr role="row" class="odd"><td tabindex="0"><i class="fas fa-hand-rock"></i></td><td class=" not_printable"><div class="addToGL" data-soscuisine-aisle="16" data-soscuisine-sip="3938625"><i class="fa fa-cart-plus" title="Add to My Grocery List"></i><div></div></div></td><td><img class="storeItemImage" itemprop="image" alt="apples" src="/media/images/store_item/64.jpg"></td><td>apples</td><td class="not_printable sorting_1">fruits</td><td><img style="width:50%;" src="/media/images/logos/marchands/69.png" alt="Intermarche (Provincial)"></td><td><span itemprop="price">$1.49</span><span itemprop="eligibleQuantity" itemscope="" itemtype="http://schema.org/QuantitativeValue">/<span itemprop="unitText">lb</span></span></td><td>$3.28/kg</td><td style="display: none;">2020-02-26</td><td style="display: none;">USA</td><td style="display: none;">house brand</td><td style="display: none;"></td><td style="display: none;">Delicious</td><td style="display: none;"></td><td style="display: none;"></td><td style="display: none;">yellow or red</td><td style="display: none;"><a class="recipeLink" href="/recipe_ingredient_search_results.php?query=(_QU5E__1__________64__[]_1_1)">Recipes with apples</a></td></tr><tr role="row" class="even"><td tabindex="0"><i class="fas fa-hand-rock"></i></td><td class=" not_printable"><div class="addToGL" data-soscuisine-aisle="16" data-soscuisine-sip="3938495"><i class="fa fa-cart-plus" title="Add to My Grocery List"></i><div></div></div></td><td><img class="storeItemImage" itemprop="image" alt="apples" src="/media/images/store_item/64.jpg"></td><td>apples</td><td class="not_printable sorting_1">fruits</td><td><img style="width:50%;" src="/media/images/logos/marchands/7.png" alt="Intermarché (Saveurs intl.)"></td><td><span itemprop="price">$1.00</span><span itemprop="eligibleQuantity" itemscope="" itemtype="http://schema.org/QuantitativeValue">/<span itemprop="unitText">lb</span></span></td><td>$2.20/kg</td><td style="display: none;">2020-02-26</td><td style="display: none;">USA</td><td style="display: none;"></td><td style="display: none;"></td><td style="display: none;">Delicious</td><td style="display: none;"></td><td style="display: none;"></td><td style="display: none;">yellow or Gala</td><td style="display: none;"><a class="recipeLink" href="/recipe_ingredient_search_results.php?query=(_QU5E__1__________64__[]_1_1)">Recipes with apples</a></td></tr><tr role="row" class="odd"><td tabindex="0"><i class="fa fa-thumbs-up"></i></td><td class=" not_printable"><div class="addToGL" data-soscuisine-aisle="16" data-soscuisine-sip="3942011"><i class="fa fa-cart-plus" title="Add to My Grocery List"></i><div></div></div></td><td><img class="storeItemImage" itemprop="image" alt="apples" src="/media/images/store_item/64.jpg"></td><td>apples</td><td class="not_printable sorting_1">fruits</td><td><img style="width:50%;" src="/media/images/logos/marchands/13.png" alt="Jardin Mobile"></td><td><span itemprop="price">$0.99</span><span itemprop="eligibleQuantity" itemscope="" itemtype="http://schema.org/QuantitativeValue">/<span itemprop="unitText">lb</span></span></td><td>$2.18/kg</td><td style="display: none;">2020-02-26</td><td style="display: none;">USA</td><td style="display: none;"></td><td style="display: none;"></td><td style="display: none;">Honeycrisp</td><td style="display: none;"></td><td style="display: none;"></td><td style="display: none;"></td><td style="display: none;"><a class="recipeLink" href="/recipe_ingredient_search_results.php?query=(_QU5E__1__________64__[]_1_1)">Recipes with apples</a></td></tr><tr role="row" class="even"><td tabindex="0"><i class="fa fa-thumbs-down"></i></td><td class=" not_printable"><div class="addToGL" data-soscuisine-aisle="16" data-soscuisine-sip="3939181"><i class="fa fa-cart-plus" title="Add to My Grocery List"></i><div></div></div></td><td><img class="storeItemImage" itemprop="image" alt="apples" src="/media/images/store_item/64.jpg"></td><td>apples</td><td class="not_printable sorting_1">fruits</td><td><img style="width:50%;" src="/media/images/logos/marchands/63.png" alt="Marché Adonis"></td><td><span itemprop="price">$1.99</span><span itemprop="eligibleQuantity" itemscope="" itemtype="http://schema.org/QuantitativeValue">/<span itemprop="unitText">lb</span></span></td><td>$4.39/kg</td><td style="display: none;">2020-02-26</td><td style="display: none;">USA</td><td style="display: none;"></td><td style="display: none;"></td><td style="display: none;">Honeycrisp</td><td style="display: none;"></td><td style="display: none;"></td><td style="display: none;"></td><td style="display: none;"><a class="recipeLink" href="/recipe_ingredient_search_results.php?query=(_QU5E__1__________64__[]_1_1)">Recipes with apples</a></td></tr><tr role="row" class="odd"><td tabindex="0"><i class="fa fa-thumbs-up"></i><i class="fa fa-thumbs-up"></i></td><td class=" not_printable"><div class="addToGL" data-soscuisine-aisle="16" data-soscuisine-sip="3937419"><i class="fa fa-cart-plus" title="Add to My Grocery List"></i><div></div></div></td><td><img class="storeItemImage" itemprop="image" alt="apples" src="/media/images/store_item/64.jpg"></td><td>apples</td><td class="not_printable sorting_1">fruits</td><td><img style="width:50%;" src="/media/images/logos/marchands/6.png" alt="Maxi"></td><td><span itemprop="price">$2.00</span><span itemprop="eligibleQuantity" itemscope="" itemtype="http://schema.org/QuantitativeValue">/<span itemprop="unitText">3lb (1,37kg)</span></span></td><td>$1.47/kg</td><td style="display: none;">2020-02-26</td><td style="display: none;">Quebec</td><td style="display: none;"></td><td style="display: none;"></td><td style="display: none;">various types</td><td style="display: none;"></td><td style="display: none;"></td><td style="display: none;"></td><td style="display: none;"><a class="recipeLink" href="/recipe_ingredient_search_results.php?query=(_QU5E__1__________64__[]_1_1)">Recipes with apples</a></td></tr><tr role="row" class="even"><td tabindex="0"><i class="fa fa-thumbs-down"></i></td><td class=" not_printable"><div class="addToGL" data-soscuisine-aisle="16" data-soscuisine-sip="3937673"><i class="fa fa-cart-plus" title="Add to My Grocery List"></i><div></div></div></td><td><img class="storeItemImage" itemprop="image" alt="apples" src="/media/images/store_item/64.jpg"></td><td>apples</td><td class="not_printable sorting_1">fruits</td><td><img style="width:50%;" src="/media/images/logos/marchands/1.png" alt="Metro"></td><td><span itemprop="price">$1.99</span><span itemprop="eligibleQuantity" itemscope="" itemtype="http://schema.org/QuantitativeValue">/<span itemprop="unitText">lb</span></span></td><td>$4.39/kg</td><td style="display: none;">2020-02-26</td><td style="display: none;">Washington</td><td style="display: none;"></td><td style="display: none;"></td><td style="display: none;">various types</td><td style="display: none;"></td><td style="display: none;"></td><td style="display: none;">Quebec, or Ontario</td><td style="display: none;"><a class="recipeLink" href="/recipe_ingredient_search_results.php?query=(_QU5E__1__________64__[]_1_1)">Recipes with apples</a></td></tr><tr role="row" class="odd"><td tabindex="0"><i class="fa fa-thumbs-up"></i></td><td class=" not_printable"><div class="addToGL" data-soscuisine-aisle="16" data-soscuisine-sip="3938875"><i class="fa fa-cart-plus" title="Add to My Grocery List"></i><div></div></div></td><td><img class="storeItemImage" itemprop="image" alt="apples" src="/media/images/store_item/64.jpg"></td><td>apples</td><td class="not_printable sorting_1">fruits</td><td><img style="width:50%;" src="/media/images/logos/marchands/64.png" alt="Mourelatos"></td><td><span itemprop="price">$0.97</span><span itemprop="eligibleQuantity" itemscope="" itemtype="http://schema.org/QuantitativeValue">/<span itemprop="unitText">lb</span></span></td><td>$2.14/kg</td><td style="display: none;">2020-02-25</td><td style="display: none;"></td><td style="display: none;"></td><td style="display: none;"></td><td style="display: none;">Gala</td><td style="display: none;"></td><td style="display: none;"></td><td style="display: none;"></td><td style="display: none;"><a class="recipeLink" href="/recipe_ingredient_search_results.php?query=(_QU5E__1__________64__[]_1_1)">Recipes with apples</a></td></tr><tr role="row" class="even"><td tabindex="0"><i class="fa fa-thumbs-down"></i></td><td class=" not_printable"><div class="addToGL" data-soscuisine-aisle="16" data-soscuisine-sip="3938155"><i class="fa fa-cart-plus" title="Add to My Grocery List"></i><div></div></div></td><td><img class="storeItemImage" itemprop="image" alt="apples" src="/media/images/store_item/64.jpg"></td><td>apples</td><td class="not_printable sorting_1">fruits</td><td><img style="width:50%;" src="/media/images/logos/marchands/2.png" alt="Provigo"></td><td><span itemprop="price">$6.99</span><span itemprop="eligibleQuantity" itemscope="" itemtype="http://schema.org/QuantitativeValue">/<span itemprop="unitText">4lb (1,81kg)</span></span></td><td>$3.85/kg</td><td style="display: none;">2020-02-26</td><td style="display: none;">Quebec</td><td style="display: none;">house brand</td><td style="display: none;"></td><td style="display: none;">Gala</td><td style="display: none;"></td><td style="display: none;"></td><td style="display: none;">McIntosh, or Red Delicious</td><td style="display: none;"><a class="recipeLink" href="/recipe_ingredient_search_results.php?query=(_QU5E__1__________64__[]_1_1)">Recipes with apples</a></td></tr><tr role="row" class="odd"><td tabindex="0"><i class="fa fa-thumbs-down"></i></td><td class=" not_printable"><div class="addToGL" data-soscuisine-aisle="16" data-soscuisine-sip="3937991"><i class="fa fa-cart-plus" title="Add to My Grocery List"></i><div></div></div></td><td><img class="storeItemImage" itemprop="image" alt="apples" src="/media/images/store_item/64.jpg"></td><td>apples</td><td class="not_printable sorting_1">fruits</td><td><img style="width:50%;" src="/media/images/logos/marchands/2.png" alt="Provigo"></td><td><span itemprop="price">$2.49</span><span itemprop="eligibleQuantity" itemscope="" itemtype="http://schema.org/QuantitativeValue">/<span itemprop="unitText">lb</span></span></td><td>$5.49/kg</td><td style="display: none;">2020-02-26</td><td style="display: none;">Quebec</td><td style="display: none;"></td><td style="display: none;"></td><td style="display: none;">Honeycrisp</td><td style="display: none;"></td><td style="display: none;"></td><td style="display: none;"></td><td style="display: none;"><a class="recipeLink" href="/recipe_ingredient_search_results.php?query=(_QU5E__1__________64__[]_1_1)">Recipes with apples</a></td></tr><tr role="row" class="even"><td tabindex="0"><i class="fa fa-thumbs-up"></i></td><td class=" not_printable"><div class="addToGL" data-soscuisine-aisle="16" data-soscuisine-sip="3940851"><i class="fa fa-cart-plus" title="Add to My Grocery List"></i><div></div></div></td><td><img class="storeItemImage" itemprop="image" alt="apples" src="/media/images/store_item/64.jpg"></td><td>apples</td><td class="not_printable sorting_1">fruits</td><td><img style="width:50%;" src="/media/images/logos/marchands/12.png" alt="Richelieu"></td><td><span itemprop="price">$0.99</span><span itemprop="eligibleQuantity" itemscope="" itemtype="http://schema.org/QuantitativeValue">/<span itemprop="unitText">lb</span></span></td><td>$2.18/kg</td><td style="display: none;">2020-02-26</td><td style="display: none;">Quebec</td><td style="display: none;"></td><td style="display: none;"></td><td style="display: none;">various types</td><td style="display: none;"></td><td style="display: none;"></td><td style="display: none;"></td><td style="display: none;"><a class="recipeLink" href="/recipe_ingredient_search_results.php?query=(_QU5E__1__________64__[]_1_1)">Recipes with apples</a></td></tr><tr role="row" class="odd"><td tabindex="0"><i class="fas fa-hand-rock"></i></td><td class=" not_printable"><div class="addToGL" data-soscuisine-aisle="16" data-soscuisine-sip="3940477"><i class="fa fa-cart-plus" title="Add to My Grocery List"></i><div></div></div></td><td><img class="storeItemImage" itemprop="image" alt="apples" src="/media/images/store_item/64.jpg"></td><td>apples</td><td class="not_printable sorting_1">fruits</td><td><img style="width:50%;" src="/media/images/logos/marchands/5.png" alt="Super C"></td><td><span itemprop="price">$3.99</span><span itemprop="eligibleQuantity" itemscope="" itemtype="http://schema.org/QuantitativeValue">/<span itemprop="unitText">4lb (1,81kg)</span></span></td><td>$2.20/kg</td><td style="display: none;">2020-02-26</td><td style="display: none;">Quebec</td><td style="display: none;"></td><td style="display: none;"></td><td style="display: none;">McIntosh</td><td style="display: none;"></td><td style="display: none;"></td><td style="display: none;">or Cortland</td><td style="display: none;"><a class="recipeLink" href="/recipe_ingredient_search_results.php?query=(_QU5E__1__________64__[]_1_1)">Recipes with apples</a></td></tr><tr role="row" class="even"><td tabindex="0"><i class="fas fa-hand-rock"></i></td><td class=" not_printable"><div class="addToGL" data-soscuisine-aisle="16" data-soscuisine-sip="3940481"><i class="fa fa-cart-plus" title="Add to My Grocery List"></i><div></div></div></td><td><img class="storeItemImage" itemprop="image" alt="apples" src="/media/images/store_item/64.jpg"></td><td>apples</td><td class="not_printable sorting_1">fruits</td><td><img style="width:50%;" src="/media/images/logos/marchands/5.png" alt="Super C"></td><td><span itemprop="price">$3.99</span><span itemprop="eligibleQuantity" itemscope="" itemtype="http://schema.org/QuantitativeValue">/<span itemprop="unitText">3lb (1,37kg)</span></span></td><td>$2.93/kg</td><td style="display: none;">2020-02-26</td><td style="display: none;">Quebec</td><td style="display: none;"></td><td style="display: none;"></td><td style="display: none;">Empire</td><td style="display: none;"></td><td style="display: none;"></td><td style="display: none;">or Spartan</td><td style="display: none;"><a class="recipeLink" href="/recipe_ingredient_search_results.php?query=(_QU5E__1__________64__[]_1_1)">Recipes with apples</a></td></tr><tr role="row" class="odd"><td tabindex="0"><i class="fas fa-hand-rock"></i></td><td class=" not_printable"><div class="addToGL" data-soscuisine-aisle="16" data-soscuisine-sip="3940501"><i class="fa fa-cart-plus" title="Add to My Grocery List"></i><div></div></div></td><td><img class="storeItemImage" itemprop="image" alt="apples" src="/media/images/store_item/64.jpg"></td><td>apples</td><td class="not_printable sorting_1">fruits</td><td><img style="width:50%;" src="/media/images/logos/marchands/11.png" alt="Tradition"></td><td><span itemprop="price">$5.00</span><span itemprop="eligibleQuantity" itemscope="" itemtype="http://schema.org/QuantitativeValue">/<span itemprop="value">2</span>x<span itemprop="unitText">2lb (907g)</span></span></td><td>$2.76/kg</td><td style="display: none;">2020-02-26</td><td style="display: none;">Quebec</td><td style="display: none;">Les Croquantes</td><td style="display: none;"></td><td style="display: none;">various types</td><td style="display: none;"></td><td style="display: none;"></td><td style="display: none;"></td><td style="display: none;"><a class="recipeLink" href="/recipe_ingredient_search_results.php?query=(_QU5E__1__________64__[]_1_1)">Recipes with apples</a></td></tr><tr role="row" class="even"><td tabindex="0"><i class="fas fa-hand-rock"></i></td><td class=" not_printable"><div class="addToGL" data-soscuisine-aisle="16" data-soscuisine-sip="3939241"><i class="fa fa-cart-plus" title="Add to My Grocery List"></i><div></div></div></td><td><img class="storeItemImage" itemprop="image" alt="apples ORGANIC" src="/media/images/store_item/686.jpg"></td><td>apples ORGANIC</td><td class="not_printable sorting_1">fruits</td><td><img style="width:50%;" src="/media/images/logos/marchands/3.png" alt="IGA"></td><td><span itemprop="price">$1.99</span><span itemprop="eligibleQuantity" itemscope="" itemtype="http://schema.org/QuantitativeValue">/<span itemprop="unitText">lb</span></span></td><td>$4.39/kg</td><td style="display: none;">2020-02-26</td><td style="display: none;">Quebec</td><td style="display: none;"></td><td style="display: none;"></td><td style="display: none;">various types</td><td style="display: none;"></td><td style="display: none;"></td><td style="display: none;">or USA</td><td style="display: none;"><a class="recipeLink" href="/recipe_ingredient_search_results.php?query=(_QU5E__1__________686__[]_1_1)">Recipes with apples ORGANIC</a></td></tr><tr role="row" class="odd"><td tabindex="0"><i class="fa fa-thumbs-up"></i><i class="fa fa-thumbs-up"></i></td><td class=" not_printable"><div class="addToGL" data-soscuisine-aisle="16" data-soscuisine-sip="3937407"><i class="fa fa-cart-plus" title="Add to My Grocery List"></i><div></div></div></td><td><img class="storeItemImage" itemprop="image" alt="apples ORGANIC" src="/media/images/store_item/686.jpg"></td><td>apples ORGANIC</td><td class="not_printable sorting_1">fruits</td><td><img style="width:50%;" src="/media/images/logos/marchands/95.png" alt="Marchés Tau"></td><td><span itemprop="price">$6.99</span><span itemprop="eligibleQuantity" itemscope="" itemtype="http://schema.org/QuantitativeValue">/<span itemprop="unitText">5lb (2,3kg)</span></span></td><td>$3.08/kg</td><td style="display: none;">2020-03-29</td><td style="display: none;">USA</td><td style="display: none;"></td><td style="display: none;"></td><td style="display: none;">Gala</td><td style="display: none;"></td><td style="display: none;"></td><td style="display: none;"></td><td style="display: none;"><a class="recipeLink" href="/recipe_ingredient_search_results.php?query=(_QU5E__1__________686__[]_1_1)">Recipes with apples ORGANIC</a></td></tr><tr role="row" class="even"><td tabindex="0"><i class="fa fa-thumbs-up"></i></td><td class=" not_printable"><div class="addToGL" data-soscuisine-aisle="16" data-soscuisine-sip="3937405"><i class="fa fa-cart-plus" title="Add to My Grocery List"></i><div></div></div></td><td><img class="storeItemImage" itemprop="image" alt="apples ORGANIC" src="/media/images/store_item/686.jpg"></td><td>apples ORGANIC</td><td class="not_printable sorting_1">fruits</td><td><img style="width:50%;" src="/media/images/logos/marchands/95.png" alt="Marchés Tau"></td><td><span itemprop="price">$2.99</span><span itemprop="eligibleQuantity" itemscope="" itemtype="http://schema.org/QuantitativeValue">/<span itemprop="unitText">2lb (907g)</span></span></td><td>$3.30/kg</td><td style="display: none;">2020-03-29</td><td style="display: none;">USA</td><td style="display: none;"></td><td style="display: none;"></td><td style="display: none;">Ambrosia</td><td style="display: none;"></td><td style="display: none;"></td><td style="display: none;"></td><td style="display: none;"><a class="recipeLink" href="/recipe_ingredient_search_results.php?query=(_QU5E__1__________686__[]_1_1)">Recipes with apples ORGANIC</a></td></tr><tr role="row" class="odd"><td tabindex="0"><i class="fas fa-hand-rock"></i></td><td class=" not_printable"><div class="addToGL" data-soscuisine-aisle="16" data-soscuisine-sip="3939481"><i class="fa fa-cart-plus" title="Add to My Grocery List"></i><div></div></div></td><td><img class="storeItemImage" itemprop="image" alt="apples, green, Granny Smith" src="/media/images/store_item/569.jpg"></td><td>apples, green, Granny Smith</td><td class="not_printable sorting_1">fruits</td><td><img style="width:50%;" src="/media/images/logos/marchands/3.png" alt="IGA"></td><td><span itemprop="price">$1.99</span><span itemprop="eligibleQuantity" itemscope="" itemtype="http://schema.org/QuantitativeValue">/<span itemprop="unitText">lb</span></span></td><td>$4.39/kg</td><td style="display: none;">2020-02-26</td><td style="display: none;">USA</td><td style="display: none;"></td><td style="display: none;"></td><td style="display: none;"></td><td style="display: none;"></td><td style="display: none;"></td><td style="display: none;"></td><td style="display: none;"><a class="recipeLink" href="/recipe_ingredient_search_results.php?query=(_QU5E__1__________569__[]_1_1)">Recipes with apples, green, Granny Smith</a></td></tr><tr role="row" class="even"><td tabindex="0"><i class="fas fa-hand-rock"></i></td><td class=" not_printable"><div class="addToGL" data-soscuisine-aisle="16" data-soscuisine-sip="3937675"><i class="fa fa-cart-plus" title="Add to My Grocery List"></i><div></div></div></td><td><img class="storeItemImage" itemprop="image" alt="apples, green, Granny Smith" src="/media/images/store_item/569.jpg"></td><td>apples, green, Granny Smith</td><td class="not_printable sorting_1">fruits</td><td><img style="width:50%;" src="/media/images/logos/marchands/1.png" alt="Metro"></td><td><span itemprop="price">$1.99</span><span itemprop="eligibleQuantity" itemscope="" itemtype="http://schema.org/QuantitativeValue">/<span itemprop="unitText">lb</span></span></td><td>$4.39/kg</td><td style="display: none;">2020-02-26</td><td style="display: none;">Washington</td><td style="display: none;"></td><td style="display: none;"></td><td style="display: none;"></td><td style="display: none;"></td><td style="display: none;"></td><td style="display: none;"></td><td style="display: none;"><a class="recipeLink" href="/recipe_ingredient_search_results.php?query=(_QU5E__1__________569__[]_1_1)">Recipes with apples, green, Granny Smith</a></td></tr><tr role="row" class="odd"><td tabindex="0"><i class="fa fa-thumbs-up"></i><i class="fa fa-thumbs-up"></i></td><td class=" not_printable"><div class="addToGL" data-soscuisine-aisle="16" data-soscuisine-sip="3939487"><i class="fa fa-cart-plus" title="Add to My Grocery List"></i><div></div></div></td><td><img class="storeItemImage" itemprop="image" alt="apples, green, Granny Smith ORGANIC" src="/media/images/store_item/809.jpg"></td><td>apples, green, Granny Smith ORGANIC</td><td class="not_printable sorting_1">fruits</td><td><img style="width:50%;" src="/media/images/logos/marchands/3.png" alt="IGA"></td><td><span itemprop="price">$1.99</span><span itemprop="eligibleQuantity" itemscope="" itemtype="http://schema.org/QuantitativeValue">/<span itemprop="unitText">lb</span></span></td><td>$4.39/kg</td><td style="display: none;">2020-02-26</td><td style="display: none;">USA</td><td style="display: none;"></td><td style="display: none;"></td><td style="display: none;"></td><td style="display: none;"></td><td style="display: none;"></td><td style="display: none;"></td><td style="display: none;"><a class="recipeLink" href="/recipe_ingredient_search_results.php?query=(_QU5E__1__________809__[]_1_1)">Recipes with apples, green, Granny Smith ORGANIC</a></td></tr><tr role="row" class="even"><td tabindex="0"><i class="fas fa-hand-rock"></i></td><td class=" not_printable"><div class="addToGL" data-soscuisine-aisle="16" data-soscuisine-sip="3938867"><i class="fa fa-cart-plus" title="Add to My Grocery List"></i><div></div></div></td><td><img class="storeItemImage" itemprop="image" alt="bananas" src="/media/images/store_item/63.jpg"></td><td>bananas</td><td class="not_printable sorting_1">fruits</td><td><img style="width:50%;" src="/media/images/logos/marchands/64.png" alt="Mourelatos"></td><td><span itemprop="price">$0.57</span><span itemprop="eligibleQuantity" itemscope="" itemtype="http://schema.org/QuantitativeValue">/<span itemprop="unitText">lb</span></span></td><td>$1.26/kg</td><td style="display: none;">2020-02-25</td><td style="display: none;"></td><td style="display: none;"></td><td style="display: none;"></td><td style="display: none;"></td><td style="display: none;"></td><td style="display: none;"></td><td style="display: none;"></td><td style="display: none;"><a class="recipeLink" href="/recipe_ingredient_search_results.php?query=(_QU5E__1__________63__[]_1_1)">Recipes with bananas</a></td></tr><tr role="row" class="odd"><td tabindex="0"><i class="fas fa-hand-rock"></i></td><td class=" not_printable"><div class="addToGL" data-soscuisine-aisle="16" data-soscuisine-sip="3940449"><i class="fa fa-cart-plus" title="Add to My Grocery List"></i><div></div></div></td><td><img class="storeItemImage" itemprop="image" alt="bananas" src="/media/images/store_item/63.jpg"></td><td>bananas</td><td class="not_printable sorting_1">fruits</td><td><img style="width:50%;" src="/media/images/logos/marchands/5.png" alt="Super C"></td><td><span itemprop="price">$0.67</span><span itemprop="eligibleQuantity" itemscope="" itemtype="http://schema.org/QuantitativeValue">/<span itemprop="unitText">lb</span></span></td><td>$1.48/kg</td><td style="display: none;">2020-02-26</td><td style="display: none;"></td><td style="display: none;">Dole</td><td style="display: none;"></td><td style="display: none;"></td><td style="display: none;"></td><td style="display: none;"></td><td style="display: none;"></td><td style="display: none;"><a class="recipeLink" href="/recipe_ingredient_search_results.php?query=(_QU5E__1__________63__[]_1_1)">Recipes with bananas</a></td></tr><tr role="row" class="even"><td tabindex="0"><i class="fas fa-hand-rock"></i></td><td class=" not_printable"><div class="addToGL" data-soscuisine-aisle="16" data-soscuisine-sip="3939835"><i class="fa fa-cart-plus" title="Add to My Grocery List"></i><div></div></div></td><td><img class="storeItemImage" itemprop="image" alt="bananas ORGANIC" src="/media/images/store_item/691.jpg"></td><td>bananas ORGANIC</td><td class="not_printable sorting_1">fruits</td><td><img style="width:50%;" src="/media/images/logos/marchands/10.png" alt="Bonichoix"></td><td><span itemprop="price">$1.09</span><span itemprop="eligibleQuantity" itemscope="" itemtype="http://schema.org/QuantitativeValue">/<span itemprop="unitText">lb</span></span></td><td>$2.40/kg</td><td style="display: none;">2020-02-26</td><td style="display: none;">Imported</td><td style="display: none;"></td><td style="display: none;"></td><td style="display: none;"></td><td style="display: none;">fair trade</td><td style="display: none;"></td><td style="display: none;"></td><td style="display: none;"><a class="recipeLink" href="/recipe_ingredient_search_results.php?query=(_QU5E__1__________691__[]_1_1)">Recipes with bananas ORGANIC</a></td></tr><tr role="row" class="odd"><td tabindex="0"><i class="fas fa-hand-rock"></i></td><td class=" not_printable"><div class="addToGL" data-soscuisine-aisle="16" data-soscuisine-sip="3938195"><i class="fa fa-cart-plus" title="Add to My Grocery List"></i><div></div></div></td><td><img class="storeItemImage" itemprop="image" alt="bananas ORGANIC" src="/media/images/store_item/691.jpg"></td><td>bananas ORGANIC</td><td class="not_printable sorting_1">fruits</td><td><img style="width:50%;" src="/media/images/logos/marchands/2.png" alt="Provigo"></td><td><span itemprop="price">$1.29</span><span itemprop="eligibleQuantity" itemscope="" itemtype="http://schema.org/QuantitativeValue">/<span itemprop="unitText">lb</span></span></td><td>$2.84/kg</td><td style="display: none;">2020-02-26</td><td style="display: none;">Ecuador</td><td style="display: none;">house brand</td><td style="display: none;"></td><td style="display: none;"></td><td style="display: none;"></td><td style="display: none;"></td><td style="display: none;">Peru, Colombia, or Mexico</td><td style="display: none;"><a class="recipeLink" href="/recipe_ingredient_search_results.php?query=(_QU5E__1__________691__[]_1_1)">Recipes with bananas ORGANIC</a></td></tr><tr role="row" class="even"><td tabindex="0"><i class="fa fa-thumbs-up"></i></td><td class=" not_printable"><div class="addToGL" data-soscuisine-aisle="16" data-soscuisine-sip="3940911"><i class="fa fa-cart-plus" title="Add to My Grocery List"></i><div></div></div></td><td><img class="storeItemImage" itemprop="image" alt="bananas ORGANIC" src="/media/images/store_item/691.jpg"></td><td>bananas ORGANIC</td><td class="not_printable sorting_1">fruits</td><td><img style="width:50%;" src="/media/images/logos/marchands/12.png" alt="Richelieu"></td><td><span itemprop="price">$0.99</span><span itemprop="eligibleQuantity" itemscope="" itemtype="http://schema.org/QuantitativeValue">/<span itemprop="unitText">lb</span></span></td><td>$2.18/kg</td><td style="display: none;">2020-02-26</td><td style="display: none;"></td><td style="display: none;"></td><td style="display: none;"></td><td style="display: none;"></td><td style="display: none;"></td><td style="display: none;"></td><td style="display: none;"></td><td style="display: none;"><a class="recipeLink" href="/recipe_ingredient_search_results.php?query=(_QU5E__1__________691__[]_1_1)">Recipes with bananas ORGANIC</a></td></tr><tr role="row" class="odd"><td tabindex="0"><i class="fa fa-thumbs-down"></i></td><td class=" not_printable"><div class="addToGL" data-soscuisine-aisle="16" data-soscuisine-sip="3939831"><i class="fa fa-cart-plus" title="Add to My Grocery List"></i><div></div></div></td><td><img class="storeItemImage" itemprop="image" alt="blackberries" src="/media/images/store_item/85.jpg"></td><td>blackberries</td><td class="not_printable sorting_1">fruits</td><td><img style="width:50%;" src="/media/images/logos/marchands/10.png" alt="Bonichoix"></td><td><span itemprop="price">$7.00</span><span itemprop="eligibleQuantity" itemscope="" itemtype="http://schema.org/QuantitativeValue">/<span itemprop="value">2</span>x<span itemprop="unitText">6oz (171g)</span></span></td><td>$20.47/kg</td><td style="display: none;">2020-02-26</td><td style="display: none;">Mexico</td><td style="display: none;"></td><td style="display: none;"></td><td style="display: none;"></td><td style="display: none;"></td><td style="display: none;"></td><td style="display: none;"></td><td style="display: none;"><a class="recipeLink" href="/recipe_ingredient_search_results.php?query=(_QU5E__1__________85__[]_1_1)">Recipes with blackberries</a></td></tr><tr role="row" class="even"><td tabindex="0"><i class="fas fa-circle"></i></td><td class=" not_printable"><div class="addToGL" data-soscuisine-aisle="16" data-soscuisine-sip="3939185"><i class="fa fa-cart-plus" title="Add to My Grocery List"></i><div></div></div></td><td><img class="storeItemImage" itemprop="image" alt="blackberries" src="/media/images/store_item/85.jpg"></td><td>blackberries</td><td class="not_printable sorting_1">fruits</td><td><img style="width:50%;" src="/media/images/logos/marchands/63.png" alt="Marché Adonis"></td><td><span itemprop="price">$5.00</span><span itemprop="eligibleQuantity" itemscope="" itemtype="http://schema.org/QuantitativeValue">/<span itemprop="value">2</span>x <span itemprop="unitText">pack</span></span>s</td><td>N/A</td><td style="display: none;">2020-02-26</td><td style="display: none;">Mexico</td><td style="display: none;"></td><td style="display: none;">standard</td><td style="display: none;"></td><td style="display: none;"></td><td style="display: none;"></td><td style="display: none;"></td><td style="display: none;"><a class="recipeLink" href="/recipe_ingredient_search_results.php?query=(_QU5E__1__________85__[]_1_1)">Recipes with blackberries</a></td></tr><tr role="row" class="odd"><td tabindex="0"><i class="fa fa-thumbs-up"></i></td><td class=" not_printable"><div class="addToGL" data-soscuisine-aisle="16" data-soscuisine-sip="3937457"><i class="fa fa-cart-plus" title="Add to My Grocery List"></i><div></div></div></td><td><img class="storeItemImage" itemprop="image" alt="blackberries" src="/media/images/store_item/85.jpg"></td><td>blackberries</td><td class="not_printable sorting_1">fruits</td><td><img style="width:50%;" src="/media/images/logos/marchands/6.png" alt="Maxi"></td><td><span itemprop="price">$2.00</span><span itemprop="eligibleQuantity" itemscope="" itemtype="http://schema.org/QuantitativeValue">/<span itemprop="unitText">6oz (171g)</span></span></td><td>$11.70/kg</td><td style="display: none;">2020-02-26</td><td style="display: none;">Chile</td><td style="display: none;"></td><td style="display: none;"></td><td style="display: none;"></td><td style="display: none;"></td><td style="display: none;"></td><td style="display: none;">or Peru, Argentina</td><td style="display: none;"><a class="recipeLink" href="/recipe_ingredient_search_results.php?query=(_QU5E__1__________85__[]_1_1)">Recipes with blackberries</a></td></tr><tr role="row" class="even"><td tabindex="0"><i class="fas fa-hand-rock"></i></td><td class=" not_printable"><div class="addToGL" data-soscuisine-aisle="16" data-soscuisine-sip="3937995"><i class="fa fa-cart-plus" title="Add to My Grocery List"></i><div></div></div></td><td><img class="storeItemImage" itemprop="image" alt="blackberries" src="/media/images/store_item/85.jpg"></td><td>blackberries</td><td class="not_printable sorting_1">fruits</td><td><img style="width:50%;" src="/media/images/logos/marchands/2.png" alt="Provigo"></td><td><span itemprop="price">$2.49</span><span itemprop="eligibleQuantity" itemscope="" itemtype="http://schema.org/QuantitativeValue">/<span itemprop="unitText">6oz (171g)</span></span></td><td>$14.56/kg</td><td style="display: none;">2020-02-26</td><td style="display: none;">USA</td><td style="display: none;"></td><td style="display: none;"></td><td style="display: none;"></td><td style="display: none;"></td><td style="display: none;"></td><td style="display: none;">or Mexico</td><td style="display: none;"><a class="recipeLink" href="/recipe_ingredient_search_results.php?query=(_QU5E__1__________85__[]_1_1)">Recipes with blackberries</a></td></tr><tr role="row" class="odd"><td tabindex="0"><i class="fa fa-thumbs-up"></i></td><td class=" not_printable"><div class="addToGL" data-soscuisine-aisle="16" data-soscuisine-sip="3940507"><i class="fa fa-cart-plus" title="Add to My Grocery List"></i><div></div></div></td><td><img class="storeItemImage" itemprop="image" alt="blackberries" src="/media/images/store_item/85.jpg"></td><td>blackberries</td><td class="not_printable sorting_1">fruits</td><td><img style="width:50%;" src="/media/images/logos/marchands/5.png" alt="Super C"></td><td><span itemprop="price">$4.00</span><span itemprop="eligibleQuantity" itemscope="" itemtype="http://schema.org/QuantitativeValue">/<span itemprop="value">2</span>x<span itemprop="unitText">6oz (171g)</span></span></td><td>$11.70/kg</td><td style="display: none;">2020-02-26</td><td style="display: none;">Mexico</td><td style="display: none;"></td><td style="display: none;"></td><td style="display: none;"></td><td style="display: none;"></td><td style="display: none;"></td><td style="display: none;"></td><td style="display: none;"><a class="recipeLink" href="/recipe_ingredient_search_results.php?query=(_QU5E__1__________85__[]_1_1)">Recipes with blackberries</a></td></tr><tr role="row" class="even"><td tabindex="0"><i class="fas fa-hand-rock"></i></td><td class=" not_printable"><div class="addToGL" data-soscuisine-aisle="16" data-soscuisine-sip="3937455"><i class="fa fa-cart-plus" title="Add to My Grocery List"></i><div></div></div></td><td><img class="storeItemImage" itemprop="image" alt="blueberries" src="/media/images/store_item/87.jpg"></td><td>blueberries</td><td class="not_printable sorting_1">fruits</td><td><img style="width:50%;" src="/media/images/logos/marchands/6.png" alt="Maxi"></td><td><span itemprop="price">$2.00</span><span itemprop="eligibleQuantity" itemscope="" itemtype="http://schema.org/QuantitativeValue">/<span itemprop="unitText">6oz (171g)</span></span></td><td>$11.70/kg</td><td style="display: none;">2020-02-26</td><td style="display: none;">USA</td><td style="display: none;"></td><td style="display: none;"></td><td style="display: none;"></td><td style="display: none;"></td><td style="display: none;"></td><td style="display: none;">or Mexico</td><td style="display: none;"><a class="recipeLink" href="/recipe_ingredient_search_results.php?query=(_QU5E__1__________87__[]_1_1)">Recipes with blueberries</a></td></tr><tr role="row" class="odd"><td tabindex="0"><i class="fas fa-hand-rock"></i></td><td class=" not_printable"><div class="addToGL" data-soscuisine-aisle="16" data-soscuisine-sip="3938153"><i class="fa fa-cart-plus" title="Add to My Grocery List"></i><div></div></div></td><td><img class="storeItemImage" itemprop="image" alt="blueberries" src="/media/images/store_item/87.jpg"></td><td>blueberries</td><td class="not_printable sorting_1">fruits</td><td><img style="width:50%;" src="/media/images/logos/marchands/2.png" alt="Provigo"></td><td><span itemprop="price">$5.99</span><span itemprop="eligibleQuantity" itemscope="" itemtype="http://schema.org/QuantitativeValue">/<span itemprop="unitText">18oz (510g)</span></span></td><td>$11.75/kg</td><td style="display: none;">2020-02-26</td><td style="display: none;">Argentina</td><td style="display: none;"></td><td style="display: none;"></td><td style="display: none;"></td><td style="display: none;"></td><td style="display: none;"></td><td style="display: none;">Chile, or Peru</td><td style="display: none;"><a class="recipeLink" href="/recipe_ingredient_search_results.php?query=(_QU5E__1__________87__[]_1_1)">Recipes with blueberries</a></td></tr><tr role="row" class="even"><td tabindex="0"><i class="fas fa-hand-rock"></i></td><td class=" not_printable"><div class="addToGL" data-soscuisine-aisle="16" data-soscuisine-sip="3940567"><i class="fa fa-cart-plus" title="Add to My Grocery List"></i><div></div></div></td><td><img class="storeItemImage" itemprop="image" alt="blueberries" src="/media/images/store_item/87.jpg"></td><td>blueberries</td><td class="not_printable sorting_1">fruits</td><td><img style="width:50%;" src="/media/images/logos/marchands/11.png" alt="Tradition"></td><td><span itemprop="price">$3.99</span><span itemprop="eligibleQuantity" itemscope="" itemtype="http://schema.org/QuantitativeValue">/<span itemprop="unitText">pint (US dry)</span></span></td><td>$11.74/kg</td><td style="display: none;">2020-02-26</td><td style="display: none;">Imported</td><td style="display: none;"></td><td style="display: none;"></td><td style="display: none;"></td><td style="display: none;"></td><td style="display: none;"></td><td style="display: none;"></td><td style="display: none;"><a class="recipeLink" href="/recipe_ingredient_search_results.php?query=(_QU5E__1__________87__[]_1_1)">Recipes with blueberries</a></td></tr><tr role="row" class="odd"><td tabindex="0"><i class="fas fa-hand-rock"></i></td><td class=" not_printable"><div class="addToGL" data-soscuisine-aisle="16" data-soscuisine-sip="3937687"><i class="fa fa-cart-plus" title="Add to My Grocery List"></i><div></div></div></td><td><img class="storeItemImage" itemprop="image" alt="blueberries ORGANIC" src="/media/images/store_item/717.jpg"></td><td>blueberries ORGANIC</td><td class="not_printable sorting_1">fruits</td><td><img style="width:50%;" src="/media/images/logos/marchands/1.png" alt="Metro"></td><td><span itemprop="price">$7.00</span><span itemprop="eligibleQuantity" itemscope="" itemtype="http://schema.org/QuantitativeValue">/<span itemprop="value">2</span>x<span itemprop="unitText">6oz (171g)</span></span></td><td>$20.47/kg</td><td style="display: none;">2020-02-26</td><td style="display: none;">Chile</td><td style="display: none;"></td><td style="display: none;"></td><td style="display: none;"></td><td style="display: none;"></td><td style="display: none;"></td><td style="display: none;"></td><td style="display: none;"><a class="recipeLink" href="/recipe_ingredient_search_results.php?query=(_QU5E__1__________717__[]_1_1)">Recipes with blueberries ORGANIC</a></td></tr><tr role="row" class="even"><td tabindex="0"><i class="fa fa-thumbs-up"></i><i class="fa fa-thumbs-up"></i></td><td class=" not_printable"><div class="addToGL" data-soscuisine-aisle="16" data-soscuisine-sip="3938947"><i class="fa fa-cart-plus" title="Add to My Grocery List"></i><div></div></div></td><td><img class="storeItemImage" itemprop="image" alt="cantaloupes" src="/media/images/store_item/74.jpg"></td><td>cantaloupes</td><td class="not_printable sorting_1">fruits</td><td><img style="width:50%;" src="/media/images/logos/marchands/3.png" alt="IGA"></td><td><span itemprop="price">$4.00</span><span itemprop="eligibleQuantity" itemscope="" itemtype="http://schema.org/QuantitativeValue">/<span itemprop="value">2</span></span></td><td>$0.99/kg</td><td style="display: none;">2020-02-26</td><td style="display: none;">Central Am.</td><td style="display: none;"></td><td style="display: none;">size 9</td><td style="display: none;"></td><td style="display: none;"></td><td style="display: none;"></td><td style="display: none;"></td><td style="display: none;"><a class="recipeLink" href="/recipe_ingredient_search_results.php?query=(_QU5E__1__________74__[]_1_1)">Recipes with cantaloupes</a></td></tr><tr role="row" class="odd"><td tabindex="0"><i class="fas fa-circle"></i></td><td class=" not_printable"><div class="addToGL" data-soscuisine-aisle="16" data-soscuisine-sip="3938575"><i class="fa fa-cart-plus" title="Add to My Grocery List"></i><div></div></div></td><td><img class="storeItemImage" itemprop="image" alt="cantaloupes" src="/media/images/store_item/74.jpg"></td><td>cantaloupes</td><td class="not_printable sorting_1">fruits</td><td><img style="width:50%;" src="/media/images/logos/marchands/69.png" alt="Intermarche (Provincial)"></td><td><span itemprop="price">$1.50</span><span itemprop="eligibleQuantity" itemscope="" itemtype="http://schema.org/QuantitativeValue"> ea.</span></td><td>N/A</td><td style="display: none;">2020-02-26</td><td style="display: none;">Guatemala</td><td style="display: none;"></td><td style="display: none;">size N/A</td><td style="display: none;"></td><td style="display: none;"></td><td style="display: none;"></td><td style="display: none;">or Honduras</td><td style="display: none;"><a class="recipeLink" href="/recipe_ingredient_search_results.php?query=(_QU5E__1__________74__[]_1_1)">Recipes with cantaloupes</a></td></tr><tr role="row" class="even"><td tabindex="0"><i class="fas fa-circle"></i></td><td class=" not_printable"><div class="addToGL" data-soscuisine-aisle="16" data-soscuisine-sip="3938503"><i class="fa fa-cart-plus" title="Add to My Grocery List"></i><div></div></div></td><td><img class="storeItemImage" itemprop="image" alt="cantaloupes" src="/media/images/store_item/74.jpg"></td><td>cantaloupes</td><td class="not_printable sorting_1">fruits</td><td><img style="width:50%;" src="/media/images/logos/marchands/7.png" alt="Intermarché (Saveurs intl.)"></td><td><span itemprop="price">$1.67</span><span itemprop="eligibleQuantity" itemscope="" itemtype="http://schema.org/QuantitativeValue"> ea.</span></td><td>N/A</td><td style="display: none;">2020-02-26</td><td style="display: none;">Honduras</td><td style="display: none;"></td><td style="display: none;">size N/A</td><td style="display: none;"></td><td style="display: none;"></td><td style="display: none;"></td><td style="display: none;">Mag</td><td style="display: none;"><a class="recipeLink" href="/recipe_ingredient_search_results.php?query=(_QU5E__1__________74__[]_1_1)">Recipes with cantaloupes</a></td></tr><tr role="row" class="odd"><td tabindex="0"><i class="fas fa-circle"></i></td><td class=" not_printable"><div class="addToGL" data-soscuisine-aisle="16" data-soscuisine-sip="3942065"><i class="fa fa-cart-plus" title="Add to My Grocery List"></i><div></div></div></td><td><img class="storeItemImage" itemprop="image" alt="cantaloupes" src="/media/images/store_item/74.jpg"></td><td>cantaloupes</td><td class="not_printable sorting_1">fruits</td><td><img style="width:50%;" src="/media/images/logos/marchands/13.png" alt="Jardin Mobile"></td><td><span itemprop="price">$1.99</span><span itemprop="eligibleQuantity" itemscope="" itemtype="http://schema.org/QuantitativeValue"> ea.</span></td><td>N/A</td><td style="display: none;">2020-02-26</td><td style="display: none;">Imported</td><td style="display: none;"></td><td style="display: none;">size N/A</td><td style="display: none;"></td><td style="display: none;"></td><td style="display: none;"></td><td style="display: none;"></td><td style="display: none;"><a class="recipeLink" href="/recipe_ingredient_search_results.php?query=(_QU5E__1__________74__[]_1_1)">Recipes with cantaloupes</a></td></tr><tr role="row" class="even"><td tabindex="0"><i class="fas fa-hand-rock"></i></td><td class=" not_printable"><div class="addToGL" data-soscuisine-aisle="16" data-soscuisine-sip="3939179"><i class="fa fa-cart-plus" title="Add to My Grocery List"></i><div></div></div></td><td><img class="storeItemImage" itemprop="image" alt="cantaloupes" src="/media/images/store_item/74.jpg"></td><td>cantaloupes</td><td class="not_printable sorting_1">fruits</td><td><img style="width:50%;" src="/media/images/logos/marchands/63.png" alt="Marché Adonis"></td><td><span itemprop="price">$2.99</span><span itemprop="eligibleQuantity" itemscope="" itemtype="http://schema.org/QuantitativeValue"> ea.</span></td><td>$1.48/kg</td><td style="display: none;">2020-02-26</td><td style="display: none;">Guatemala</td><td style="display: none;"></td><td style="display: none;">size 9</td><td style="display: none;"></td><td style="display: none;"></td><td style="display: none;"></td><td style="display: none;"></td><td style="display: none;"><a class="recipeLink" href="/recipe_ingredient_search_results.php?query=(_QU5E__1__________74__[]_1_1)">Recipes with cantaloupes</a></td></tr><tr role="row" class="odd"><td tabindex="0"><i class="fas fa-hand-rock"></i></td><td class=" not_printable"><div class="addToGL" data-soscuisine-aisle="16" data-soscuisine-sip="3937641"><i class="fa fa-cart-plus" title="Add to My Grocery List"></i><div></div></div></td><td><img class="storeItemImage" itemprop="image" alt="cantaloupes" src="/media/images/store_item/74.jpg"></td><td>cantaloupes</td><td class="not_printable sorting_1">fruits</td><td><img style="width:50%;" src="/media/images/logos/marchands/1.png" alt="Metro"></td><td><span itemprop="price">$2.99</span><span itemprop="eligibleQuantity" itemscope="" itemtype="http://schema.org/QuantitativeValue"> ea.</span></td><td>$1.98/kg</td><td style="display: none;">2020-02-26</td><td style="display: none;">Guatemala</td><td style="display: none;"></td><td style="display: none;">size 12</td><td style="display: none;"></td><td style="display: none;"></td><td style="display: none;"></td><td style="display: none;">or Honduras</td><td style="display: none;"><a class="recipeLink" href="/recipe_ingredient_search_results.php?query=(_QU5E__1__________74__[]_1_1)">Recipes with cantaloupes</a></td></tr><tr role="row" class="even"><td tabindex="0"><i class="fa fa-thumbs-up"></i><i class="fa fa-thumbs-up"></i></td><td class=" not_printable"><div class="addToGL" data-soscuisine-aisle="16" data-soscuisine-sip="3939053"><i class="fa fa-cart-plus" title="Add to My Grocery List"></i><div></div></div></td><td><img class="storeItemImage" itemprop="image" alt="cantaloupes" src="/media/images/store_item/74.jpg"></td><td>cantaloupes</td><td class="not_printable sorting_1">fruits</td><td><img style="width:50%;" src="/media/images/logos/marchands/64.png" alt="Mourelatos"></td><td><span itemprop="price">$1.99</span><span itemprop="eligibleQuantity" itemscope="" itemtype="http://schema.org/QuantitativeValue"> ea.</span></td><td>$0.99/kg</td><td style="display: none;">2020-02-25</td><td style="display: none;"></td><td style="display: none;"></td><td style="display: none;">size 9</td><td style="display: none;"></td><td style="display: none;"></td><td style="display: none;"></td><td style="display: none;"></td><td style="display: none;"><a class="recipeLink" href="/recipe_ingredient_search_results.php?query=(_QU5E__1__________74__[]_1_1)">Recipes with cantaloupes</a></td></tr><tr role="row" class="odd"><td tabindex="0"><i class="fa fa-thumbs-down"></i></td><td class=" not_printable"><div class="addToGL" data-soscuisine-aisle="16" data-soscuisine-sip="3940895"><i class="fa fa-cart-plus" title="Add to My Grocery List"></i><div></div></div></td><td><img class="storeItemImage" itemprop="image" alt="cantaloupes" src="/media/images/store_item/74.jpg"></td><td>cantaloupes</td><td class="not_printable sorting_1">fruits</td><td><img style="width:50%;" src="/media/images/logos/marchands/12.png" alt="Richelieu"></td><td><span itemprop="price">$3.99</span><span itemprop="eligibleQuantity" itemscope="" itemtype="http://schema.org/QuantitativeValue"> ea.</span></td><td>$2.64/kg</td><td style="display: none;">2020-02-26</td><td style="display: none;">Guatemala</td><td style="display: none;"></td><td style="display: none;">size 12</td><td style="display: none;"></td><td style="display: none;"></td><td style="display: none;"></td><td style="display: none;"></td><td style="display: none;"><a class="recipeLink" href="/recipe_ingredient_search_results.php?query=(_QU5E__1__________74__[]_1_1)">Recipes with cantaloupes</a></td></tr><tr role="row" class="even"><td tabindex="0"><i class="fa fa-thumbs-up"></i><i class="fa fa-thumbs-up"></i></td><td class=" not_printable"><div class="addToGL" data-soscuisine-aisle="16" data-soscuisine-sip="3942009"><i class="fa fa-cart-plus" title="Add to My Grocery List"></i><div></div></div></td><td><img class="storeItemImage" itemprop="image" alt="clementines" src="/media/images/store_item/72.jpg"></td><td>clementines</td><td class="not_printable sorting_1">fruits</td><td><img style="width:50%;" src="/media/images/logos/marchands/13.png" alt="Jardin Mobile"></td><td><span itemprop="price">$0.99</span><span itemprop="eligibleQuantity" itemscope="" itemtype="http://schema.org/QuantitativeValue">/<span itemprop="unitText">lb</span></span></td><td>$2.18/kg</td><td style="display: none;">2020-02-26</td><td style="display: none;">Morocco</td><td style="display: none;"></td><td style="display: none;"></td><td style="display: none;"></td><td style="display: none;"></td><td style="display: none;"></td><td style="display: none;"></td><td style="display: none;"><a class="recipeLink" href="/recipe_ingredient_search_results.php?query=(_QU5E__1__________72__[]_1_1)">Recipes with clementines</a></td></tr><tr role="row" class="odd"><td tabindex="0"><i class="fa fa-thumbs-up"></i></td><td class=" not_printable"><div class="addToGL" data-soscuisine-aisle="16" data-soscuisine-sip="3937583"><i class="fa fa-cart-plus" title="Add to My Grocery List"></i><div></div></div></td><td><img class="storeItemImage" itemprop="image" alt="clementines" src="/media/images/store_item/72.jpg"></td><td>clementines</td><td class="not_printable sorting_1">fruits</td><td><img style="width:50%;" src="/media/images/logos/marchands/1.png" alt="Metro"></td><td><span itemprop="price">$3.99</span><span itemprop="eligibleQuantity" itemscope="" itemtype="http://schema.org/QuantitativeValue">/<span itemprop="unitText">4lb (1,81kg)</span></span></td><td>$2.20/kg</td><td style="display: none;">2020-02-26</td><td style="display: none;">Morocco</td><td style="display: none;"></td><td style="display: none;"></td><td style="display: none;"></td><td style="display: none;"></td><td style="display: none;"></td><td style="display: none;"></td><td style="display: none;"><a class="recipeLink" href="/recipe_ingredient_search_results.php?query=(_QU5E__1__________72__[]_1_1)">Recipes with clementines</a></td></tr><tr role="row" class="even"><td tabindex="0"><i class="fas fa-hand-rock"></i></td><td class=" not_printable"><div class="addToGL" data-soscuisine-aisle="16" data-soscuisine-sip="3940893"><i class="fa fa-cart-plus" title="Add to My Grocery List"></i><div></div></div></td><td><img class="storeItemImage" itemprop="image" alt="clementines" src="/media/images/store_item/72.jpg"></td><td>clementines</td><td class="not_printable sorting_1">fruits</td><td><img style="width:50%;" src="/media/images/logos/marchands/12.png" alt="Richelieu"></td><td><span itemprop="price">$5.99</span><span itemprop="eligibleQuantity" itemscope="" itemtype="http://schema.org/QuantitativeValue">/<span itemprop="unitText">4lb (1,81kg)</span></span></td><td>$3.30/kg</td><td style="display: none;">2020-02-26</td><td style="display: none;">Morocco</td><td style="display: none;"></td><td style="display: none;"></td><td style="display: none;">Nardocott</td><td style="display: none;"></td><td style="display: none;"></td><td style="display: none;"></td><td style="display: none;"><a class="recipeLink" href="/recipe_ingredient_search_results.php?query=(_QU5E__1__________72__[]_1_1)">Recipes with clementines</a></td></tr><tr role="row" class="odd"><td tabindex="0"><i class="fa fa-thumbs-down"></i></td><td class=" not_printable"><div class="addToGL" data-soscuisine-aisle="16" data-soscuisine-sip="3940473"><i class="fa fa-cart-plus" title="Add to My Grocery List"></i><div></div></div></td><td><img class="storeItemImage" itemprop="image" alt="clementines" src="/media/images/store_item/72.jpg"></td><td>clementines</td><td class="not_printable sorting_1">fruits</td><td><img style="width:50%;" src="/media/images/logos/marchands/5.png" alt="Super C"></td><td><span itemprop="price">$1.99</span><span itemprop="eligibleQuantity" itemscope="" itemtype="http://schema.org/QuantitativeValue">/<span itemprop="unitText">lb</span></span></td><td>$4.39/kg</td><td style="display: none;">2020-02-26</td><td style="display: none;"></td><td style="display: none;"></td><td style="display: none;"></td><td style="display: none;"></td><td style="display: none;"></td><td style="display: none;"></td><td style="display: none;"></td><td style="display: none;"><a class="recipeLink" href="/recipe_ingredient_search_results.php?query=(_QU5E__1__________72__[]_1_1)">Recipes with clementines</a></td></tr><tr role="row" class="even"><td tabindex="0"><i class="fas fa-circle"></i></td><td class=" not_printable"><div class="addToGL" data-soscuisine-aisle="16" data-soscuisine-sip="3936029"><i class="fa fa-cart-plus" title="Add to My Grocery List"></i><div></div></div></td><td><img class="storeItemImage" itemprop="image" alt="coconuts" src="/media/images/store_item/246.jpg"></td><td>coconuts</td><td class="not_printable sorting_1">fruits</td><td><img style="width:50%;" src="/media/images/logos/marchands/62.png" alt="Supermarché PA"></td><td><span itemprop="price">$0.99</span><span itemprop="eligibleQuantity" itemscope="" itemtype="http://schema.org/QuantitativeValue"> ea.</span></td><td>N/A</td><td style="display: none;">2020-02-23</td><td style="display: none;"></td><td style="display: none;"></td><td style="display: none;">size N/A</td><td style="display: none;"></td><td style="display: none;"></td><td style="display: none;"></td><td style="display: none;"></td><td style="display: none;"><a class="recipeLink" href="/recipe_ingredient_search_results.php?query=(_QU5E__1__________246__[]_1_1)">Recipes with coconuts</a></td></tr><tr role="row" class="odd"><td tabindex="0"><i class="fa fa-thumbs-up"></i></td><td class=" not_printable"><div class="addToGL" data-soscuisine-aisle="16" data-soscuisine-sip="3939271"><i class="fa fa-cart-plus" title="Add to My Grocery List"></i><div></div></div></td><td><img class="storeItemImage" itemprop="image" alt="grapefruits" src="/media/images/store_item/70.jpg"></td><td>grapefruits</td><td class="not_printable sorting_1">fruits</td><td><img style="width:50%;" src="/media/images/logos/marchands/3.png" alt="IGA"></td><td><span itemprop="price">$3.99</span><span itemprop="eligibleQuantity" itemscope="" itemtype="http://schema.org/QuantitativeValue">/<span itemprop="unitText">3lb (1,37kg)</span></span></td><td>$2.93/kg</td><td style="display: none;">2020-02-26</td><td style="display: none;">USA</td><td style="display: none;"></td><td style="display: none;"></td><td style="display: none;">red</td><td style="display: none;"></td><td style="display: none;"></td><td style="display: none;"></td><td style="display: none;"><a class="recipeLink" href="/recipe_ingredient_search_results.php?query=(_QU5E__1__________70__[]_1_1)">Recipes with grapefruits</a></td></tr><tr role="row" class="even"><td tabindex="0"><i class="fas fa-circle"></i></td><td class=" not_printable"><div class="addToGL" data-soscuisine-aisle="16" data-soscuisine-sip="3939189"><i class="fa fa-cart-plus" title="Add to My Grocery List"></i><div></div></div></td><td><img class="storeItemImage" itemprop="image" alt="grapefruits" src="/media/images/store_item/70.jpg"></td><td>grapefruits</td><td class="not_printable sorting_1">fruits</td><td><img style="width:50%;" src="/media/images/logos/marchands/63.png" alt="Marché Adonis"></td><td><span itemprop="price">$2.99</span><span itemprop="eligibleQuantity" itemscope="" itemtype="http://schema.org/QuantitativeValue">/<span itemprop="value">6</span></span></td><td>N/A</td><td style="display: none;">2020-02-26</td><td style="display: none;">USA</td><td style="display: none;"></td><td style="display: none;">size N/A</td><td style="display: none;"></td><td style="display: none;"></td><td style="display: none;"></td><td style="display: none;"></td><td style="display: none;"><a class="recipeLink" href="/recipe_ingredient_search_results.php?query=(_QU5E__1__________70__[]_1_1)">Recipes with grapefruits</a></td></tr><tr role="row" class="odd"><td tabindex="0"><i class="fa fa-thumbs-down"></i></td><td class=" not_printable"><div class="addToGL" data-soscuisine-aisle="16" data-soscuisine-sip="3937655"><i class="fa fa-cart-plus" title="Add to My Grocery List"></i><div></div></div></td><td><img class="storeItemImage" itemprop="image" alt="grapefruits" src="/media/images/store_item/70.jpg"></td><td>grapefruits</td><td class="not_printable sorting_1">fruits</td><td><img style="width:50%;" src="/media/images/logos/marchands/1.png" alt="Metro"></td><td><span itemprop="price">$1.99</span><span itemprop="eligibleQuantity" itemscope="" itemtype="http://schema.org/QuantitativeValue"> ea.</span></td><td>$4.07/kg</td><td style="display: none;">2020-02-26</td><td style="display: none;">Florida</td><td style="display: none;"></td><td style="display: none;">size 32</td><td style="display: none;">red</td><td style="display: none;"></td><td style="display: none;"></td><td style="display: none;"></td><td style="display: none;"><a class="recipeLink" href="/recipe_ingredient_search_results.php?query=(_QU5E__1__________70__[]_1_1)">Recipes with grapefruits</a></td></tr><tr role="row" class="even"><td tabindex="0"><i class="fas fa-circle"></i></td><td class=" not_printable"><div class="addToGL" data-soscuisine-aisle="16" data-soscuisine-sip="3939063"><i class="fa fa-cart-plus" title="Add to My Grocery List"></i><div></div></div></td><td><img class="storeItemImage" itemprop="image" alt="grapefruits" src="/media/images/store_item/70.jpg"></td><td>grapefruits</td><td class="not_printable sorting_1">fruits</td><td><img style="width:50%;" src="/media/images/logos/marchands/64.png" alt="Mourelatos"></td><td><span itemprop="price">$0.89</span><span itemprop="eligibleQuantity" itemscope="" itemtype="http://schema.org/QuantitativeValue">/<span itemprop="value">2</span></span></td><td>N/A</td><td style="display: none;">2020-02-25</td><td style="display: none;"></td><td style="display: none;"></td><td style="display: none;">size N/A</td><td style="display: none;"></td><td style="display: none;"></td><td style="display: none;"></td><td style="display: none;"></td><td style="display: none;"><a class="recipeLink" href="/recipe_ingredient_search_results.php?query=(_QU5E__1__________70__[]_1_1)">Recipes with grapefruits</a></td></tr><tr role="row" class="odd"><td tabindex="0"><i class="fa fa-thumbs-up"></i></td><td class=" not_printable"><div class="addToGL" data-soscuisine-aisle="16" data-soscuisine-sip="3940493"><i class="fa fa-cart-plus" title="Add to My Grocery List"></i><div></div></div></td><td><img class="storeItemImage" itemprop="image" alt="grapefruits" src="/media/images/store_item/70.jpg"></td><td>grapefruits</td><td class="not_printable sorting_1">fruits</td><td><img style="width:50%;" src="/media/images/logos/marchands/5.png" alt="Super C"></td><td><span itemprop="price">$3.99</span><span itemprop="eligibleQuantity" itemscope="" itemtype="http://schema.org/QuantitativeValue">/<span itemprop="unitText">3lb (1,37kg)</span></span></td><td>$2.93/kg</td><td style="display: none;">2020-02-26</td><td style="display: none;"></td><td style="display: none;"></td><td style="display: none;"></td><td style="display: none;">red</td><td style="display: none;"></td><td style="display: none;"></td><td style="display: none;"></td><td style="display: none;"><a class="recipeLink" href="/recipe_ingredient_search_results.php?query=(_QU5E__1__________70__[]_1_1)">Recipes with grapefruits</a></td></tr><tr role="row" class="even"><td tabindex="0"><i class="fas fa-exclamation"></i></td><td class=" not_printable"><div class="addToGL" data-soscuisine-aisle="16" data-soscuisine-sip="3939273"><i class="fa fa-cart-plus" title="Add to My Grocery List"></i><div></div></div></td><td><img class="storeItemImage" itemprop="image" alt="grapefruits ORGANIC" src="/media/images/store_item/712.jpg"></td><td>grapefruits ORGANIC</td><td class="not_printable sorting_1">fruits</td><td><img style="width:50%;" src="/media/images/logos/marchands/3.png" alt="IGA"></td><td><span itemprop="price">$5.99</span><span itemprop="eligibleQuantity" itemscope="" itemtype="http://schema.org/QuantitativeValue">/<span itemprop="unitText">3lb (1,37kg)</span></span></td><td>$4.40/kg</td><td style="display: none;">2020-02-26</td><td style="display: none;">USA</td><td style="display: none;"></td><td style="display: none;"></td><td style="display: none;"></td><td style="display: none;"></td><td style="display: none;"></td><td style="display: none;">or Mexico</td><td style="display: none;"><a class="recipeLink" href="/recipe_ingredient_search_results.php?query=(_QU5E__1__________712__[]_1_1)">Recipes with grapefruits ORGANIC</a></td></tr><tr role="row" class="odd"><td tabindex="0"><i class="fas fa-exclamation"></i></td><td class=" not_printable"><div class="addToGL" data-soscuisine-aisle="16" data-soscuisine-sip="3937685"><i class="fa fa-cart-plus" title="Add to My Grocery List"></i><div></div></div></td><td><img class="storeItemImage" itemprop="image" alt="grapefruits ORGANIC" src="/media/images/store_item/712.jpg"></td><td>grapefruits ORGANIC</td><td class="not_printable sorting_1">fruits</td><td><img style="width:50%;" src="/media/images/logos/marchands/1.png" alt="Metro"></td><td><span itemprop="price">$3.00</span><span itemprop="eligibleQuantity" itemscope="" itemtype="http://schema.org/QuantitativeValue">/<span itemprop="value">2</span></span></td><td>$4.60/kg</td><td style="display: none;">2020-02-26</td><td style="display: none;"></td><td style="display: none;"></td><td style="display: none;">size 48</td><td style="display: none;">red</td><td style="display: none;"></td><td style="display: none;"></td><td style="display: none;"></td><td style="display: none;"><a class="recipeLink" href="/recipe_ingredient_search_results.php?query=(_QU5E__1__________712__[]_1_1)">Recipes with grapefruits ORGANIC</a></td></tr><tr role="row" class="even"><td tabindex="0"><i class="fa fa-thumbs-down"></i></td><td class=" not_printable"><div class="addToGL" data-soscuisine-aisle="16" data-soscuisine-sip="3939821"><i class="fa fa-cart-plus" title="Add to My Grocery List"></i><div></div></div></td><td><img class="storeItemImage" itemprop="image" alt="grapes" src="/media/images/store_item/73.jpg"></td><td>grapes</td><td class="not_printable sorting_1">fruits</td><td><img style="width:50%;" src="/media/images/logos/marchands/10.png" alt="Bonichoix"></td><td><span itemprop="price">$3.49</span><span itemprop="eligibleQuantity" itemscope="" itemtype="http://schema.org/QuantitativeValue">/<span itemprop="unitText">lb</span></span></td><td>$7.69/kg</td><td style="display: none;">2020-02-26</td><td style="display: none;">Peru</td><td style="display: none;"></td><td style="display: none;"></td><td style="display: none;">red, green, black</td><td style="display: none;"></td><td style="display: none;"></td><td style="display: none;"></td><td style="display: none;"><a class="recipeLink" href="/recipe_ingredient_search_results.php?query=(_QU5E__1__________73__[]_1_1)">Recipes with grapes</a></td></tr><tr role="row" class="odd"><td tabindex="0"><i class="fa fa-thumbs-up"></i></td><td class=" not_printable"><div class="addToGL" data-soscuisine-aisle="16" data-soscuisine-sip="3938953"><i class="fa fa-cart-plus" title="Add to My Grocery List"></i><div></div></div></td><td><img class="storeItemImage" itemprop="image" alt="grapes" src="/media/images/store_item/73.jpg"></td><td>grapes</td><td class="not_printable sorting_1">fruits</td><td><img style="width:50%;" src="/media/images/logos/marchands/3.png" alt="IGA"></td><td><span itemprop="price">$1.99</span><span itemprop="eligibleQuantity" itemscope="" itemtype="http://schema.org/QuantitativeValue">/<span itemprop="unitText">lb</span></span></td><td>$4.39/kg</td><td style="display: none;">2020-02-26</td><td style="display: none;">Imported</td><td style="display: none;"></td><td style="display: none;"></td><td style="display: none;">red, green, black</td><td style="display: none;">seedless</td><td style="display: none;"></td><td style="display: none;">or red Globe</td><td style="display: none;"><a class="recipeLink" href="/recipe_ingredient_search_results.php?query=(_QU5E__1__________73__[]_1_1)">Recipes with grapes</a></td></tr><tr role="row" class="even"><td tabindex="0"><i class="fa fa-thumbs-down"></i></td><td class=" not_printable"><div class="addToGL" data-soscuisine-aisle="16" data-soscuisine-sip="3942051"><i class="fa fa-cart-plus" title="Add to My Grocery List"></i><div></div></div></td><td><img class="storeItemImage" itemprop="image" alt="grapes" src="/media/images/store_item/73.jpg"></td><td>grapes</td><td class="not_printable sorting_1">fruits</td><td><img style="width:50%;" src="/media/images/logos/marchands/13.png" alt="Jardin Mobile"></td><td><span itemprop="price">$2.99</span><span itemprop="eligibleQuantity" itemscope="" itemtype="http://schema.org/QuantitativeValue">/<span itemprop="unitText">lb</span></span></td><td>$6.59/kg</td><td style="display: none;">2020-02-26</td><td style="display: none;">Imported</td><td style="display: none;"></td><td style="display: none;"></td><td style="display: none;"></td><td style="display: none;"></td><td style="display: none;"></td><td style="display: none;"></td><td style="display: none;"><a class="recipeLink" href="/recipe_ingredient_search_results.php?query=(_QU5E__1__________73__[]_1_1)">Recipes with grapes</a></td></tr><tr role="row" class="odd"><td tabindex="0"><i class="fa fa-thumbs-up"></i></td><td class=" not_printable"><div class="addToGL" data-soscuisine-aisle="16" data-soscuisine-sip="3939073"><i class="fa fa-cart-plus" title="Add to My Grocery List"></i><div></div></div></td><td><img class="storeItemImage" itemprop="image" alt="grapes" src="/media/images/store_item/73.jpg"></td><td>grapes</td><td class="not_printable sorting_1">fruits</td><td><img style="width:50%;" src="/media/images/logos/marchands/63.png" alt="Marché Adonis"></td><td><span itemprop="price">$1.99</span><span itemprop="eligibleQuantity" itemscope="" itemtype="http://schema.org/QuantitativeValue">/<span itemprop="unitText">lb</span></span></td><td>$4.39/kg</td><td style="display: none;">2020-02-26</td><td style="display: none;">Peru</td><td style="display: none;"></td><td style="display: none;"></td><td style="display: none;">red or green, seedless</td><td style="display: none;"></td><td style="display: none;"></td><td style="display: none;">or Chile</td><td style="display: none;"><a class="recipeLink" href="/recipe_ingredient_search_results.php?query=(_QU5E__1__________73__[]_1_1)">Recipes with grapes</a></td></tr><tr role="row" class="even"><td tabindex="0"><i class="fas fa-hand-rock"></i></td><td class=" not_printable"><div class="addToGL" data-soscuisine-aisle="16" data-soscuisine-sip="3937459"><i class="fa fa-cart-plus" title="Add to My Grocery List"></i><div></div></div></td><td><img class="storeItemImage" itemprop="image" alt="grapes" src="/media/images/store_item/73.jpg"></td><td>grapes</td><td class="not_printable sorting_1">fruits</td><td><img style="width:50%;" src="/media/images/logos/marchands/6.png" alt="Maxi"></td><td><span itemprop="price">$2.00</span><span itemprop="eligibleQuantity" itemscope="" itemtype="http://schema.org/QuantitativeValue">/<span itemprop="unitText">lb</span></span></td><td>$4.41/kg</td><td style="display: none;">2020-02-26</td><td style="display: none;">Peru</td><td style="display: none;"></td><td style="display: none;"></td><td style="display: none;">red, Globe</td><td style="display: none;"></td><td style="display: none;"></td><td style="display: none;"></td><td style="display: none;"><a class="recipeLink" href="/recipe_ingredient_search_results.php?query=(_QU5E__1__________73__[]_1_1)">Recipes with grapes</a></td></tr><tr role="row" class="odd"><td tabindex="0"><i class="fas fa-hand-rock"></i></td><td class=" not_printable"><div class="addToGL" data-soscuisine-aisle="16" data-soscuisine-sip="3939057"><i class="fa fa-cart-plus" title="Add to My Grocery List"></i><div></div></div></td><td><img class="storeItemImage" itemprop="image" alt="grapes" src="/media/images/store_item/73.jpg"></td><td>grapes</td><td class="not_printable sorting_1">fruits</td><td><img style="width:50%;" src="/media/images/logos/marchands/64.png" alt="Mourelatos"></td><td><span itemprop="price">$2.49</span><span itemprop="eligibleQuantity" itemscope="" itemtype="http://schema.org/QuantitativeValue">/<span itemprop="unitText">lb</span></span></td><td>$5.49/kg</td><td style="display: none;">2020-02-25</td><td style="display: none;"></td><td style="display: none;"></td><td style="display: none;"></td><td style="display: none;">red, seedless</td><td style="display: none;"></td><td style="display: none;"></td><td style="display: none;"></td><td style="display: none;"><a class="recipeLink" href="/recipe_ingredient_search_results.php?query=(_QU5E__1__________73__[]_1_1)">Recipes with grapes</a></td></tr><tr role="row" class="even"><td tabindex="0"><i class="fa fa-thumbs-down"></i></td><td class=" not_printable"><div class="addToGL" data-soscuisine-aisle="16" data-soscuisine-sip="3938183"><i class="fa fa-cart-plus" title="Add to My Grocery List"></i><div></div></div></td><td><img class="storeItemImage" itemprop="image" alt="grapes" src="/media/images/store_item/73.jpg"></td><td>grapes</td><td class="not_printable sorting_1">fruits</td><td><img style="width:50%;" src="/media/images/logos/marchands/2.png" alt="Provigo"></td><td><span itemprop="price">$2.99</span><span itemprop="eligibleQuantity" itemscope="" itemtype="http://schema.org/QuantitativeValue">/<span itemprop="unitText">lb</span></span></td><td>$6.59/kg</td><td style="display: none;">2020-02-26</td><td style="display: none;">South Africa</td><td style="display: none;">house brand</td><td style="display: none;"></td><td style="display: none;">red or green, seedless</td><td style="display: none;"></td><td style="display: none;"></td><td style="display: none;"></td><td style="display: none;"><a class="recipeLink" href="/recipe_ingredient_search_results.php?query=(_QU5E__1__________73__[]_1_1)">Recipes with grapes</a></td></tr><tr role="row" class="odd"><td tabindex="0"><i class="fa fa-thumbs-up"></i></td><td class=" not_printable"><div class="addToGL" data-soscuisine-aisle="16" data-soscuisine-sip="3940377"><i class="fa fa-cart-plus" title="Add to My Grocery List"></i><div></div></div></td><td><img class="storeItemImage" itemprop="image" alt="grapes" src="/media/images/store_item/73.jpg"></td><td>grapes</td><td class="not_printable sorting_1">fruits</td><td><img style="width:50%;" src="/media/images/logos/marchands/5.png" alt="Super C"></td><td><span itemprop="price">$1.98</span><span itemprop="eligibleQuantity" itemscope="" itemtype="http://schema.org/QuantitativeValue">/<span itemprop="unitText">lb</span></span></td><td>$4.37/kg</td><td style="display: none;">2020-02-26</td><td style="display: none;"></td><td style="display: none;"></td><td style="display: none;"></td><td style="display: none;">red or green, seedless</td><td style="display: none;"></td><td style="display: none;"></td><td style="display: none;"></td><td style="display: none;"><a class="recipeLink" href="/recipe_ingredient_search_results.php?query=(_QU5E__1__________73__[]_1_1)">Recipes with grapes</a></td></tr><tr role="row" class="even"><td tabindex="0"><i class="fa fa-thumbs-up"></i></td><td class=" not_printable"><div class="addToGL" data-soscuisine-aisle="16" data-soscuisine-sip="3935895"><i class="fa fa-cart-plus" title="Add to My Grocery List"></i><div></div></div></td><td><img class="storeItemImage" itemprop="image" alt="grapes" src="/media/images/store_item/73.jpg"></td><td>grapes</td><td class="not_printable sorting_1">fruits</td><td><img style="width:50%;" src="/media/images/logos/marchands/62.png" alt="Supermarché PA"></td><td><span itemprop="price">$1.99</span><span itemprop="eligibleQuantity" itemscope="" itemtype="http://schema.org/QuantitativeValue">/<span itemprop="unitText">lb</span></span></td><td>$4.39/kg</td><td style="display: none;">2020-02-23</td><td style="display: none;"></td><td style="display: none;"></td><td style="display: none;"></td><td style="display: none;">red or green, seedless</td><td style="display: none;"></td><td style="display: none;"></td><td style="display: none;"></td><td style="display: none;"><a class="recipeLink" href="/recipe_ingredient_search_results.php?query=(_QU5E__1__________73__[]_1_1)">Recipes with grapes</a></td></tr><tr role="row" class="odd"><td tabindex="0"><i class="fas fa-hand-rock"></i></td><td class=" not_printable"><div class="addToGL" data-soscuisine-aisle="16" data-soscuisine-sip="3940515"><i class="fa fa-cart-plus" title="Add to My Grocery List"></i><div></div></div></td><td><img class="storeItemImage" itemprop="image" alt="grapes" src="/media/images/store_item/73.jpg"></td><td>grapes</td><td class="not_printable sorting_1">fruits</td><td><img style="width:50%;" src="/media/images/logos/marchands/11.png" alt="Tradition"></td><td><span itemprop="price">$2.29</span><span itemprop="eligibleQuantity" itemscope="" itemtype="http://schema.org/QuantitativeValue">/<span itemprop="unitText">lb</span></span></td><td>$5.05/kg</td><td style="display: none;">2020-02-26</td><td style="display: none;">Peru</td><td style="display: none;"></td><td style="display: none;"></td><td style="display: none;">red, green, black</td><td style="display: none;"></td><td style="display: none;"></td><td style="display: none;"></td><td style="display: none;"><a class="recipeLink" href="/recipe_ingredient_search_results.php?query=(_QU5E__1__________73__[]_1_1)">Recipes with grapes</a></td></tr><tr role="row" class="even"><td tabindex="0"><i class="fas fa-circle"></i></td><td class=" not_printable"><div class="addToGL" data-soscuisine-aisle="16" data-soscuisine-sip="3939229"><i class="fa fa-cart-plus" title="Add to My Grocery List"></i><div></div></div></td><td><img class="storeItemImage" itemprop="image" alt="kiwis" src="/media/images/store_item/108.jpg"></td><td>kiwis</td><td class="not_printable sorting_1">fruits</td><td><img style="width:50%;" src="/media/images/logos/marchands/3.png" alt="IGA"></td><td><span itemprop="price">$4.00</span><span itemprop="eligibleQuantity" itemscope="" itemtype="http://schema.org/QuantitativeValue">/<span itemprop="value">4</span></span></td><td>N/A</td><td style="display: none;">2020-02-26</td><td style="display: none;">Italy</td><td style="display: none;">Zespri</td><td style="display: none;">size N/A</td><td style="display: none;"></td><td style="display: none;"></td><td style="display: none;"></td><td style="display: none;"></td><td style="display: none;"><a class="recipeLink" href="/recipe_ingredient_search_results.php?query=(_QU5E__1__________108__[]_1_1)">Recipes with kiwis</a></td></tr><tr role="row" class="odd"><td tabindex="0"><i class="fa fa-thumbs-down"></i></td><td class=" not_printable"><div class="addToGL" data-soscuisine-aisle="16" data-soscuisine-sip="3938539"><i class="fa fa-cart-plus" title="Add to My Grocery List"></i><div></div></div></td><td><img class="storeItemImage" itemprop="image" alt="kiwis" src="/media/images/store_item/108.jpg"></td><td>kiwis</td><td class="not_printable sorting_1">fruits</td><td><img style="width:50%;" src="/media/images/logos/marchands/7.png" alt="Intermarché (Saveurs intl.)"></td><td><span itemprop="price">$0.60</span><span itemprop="eligibleQuantity" itemscope="" itemtype="http://schema.org/QuantitativeValue"> ea.</span></td><td>$5.68/kg</td><td style="display: none;">2020-02-26</td><td style="display: none;">Italy</td><td style="display: none;"></td><td style="display: none;">size 27</td><td style="display: none;"></td><td style="display: none;"></td><td style="display: none;"></td><td style="display: none;"></td><td style="display: none;"><a class="recipeLink" href="/recipe_ingredient_search_results.php?query=(_QU5E__1__________108__[]_1_1)">Recipes with kiwis</a></td></tr><tr role="row" class="even"><td tabindex="0"><i class="fas fa-circle"></i></td><td class=" not_printable"><div class="addToGL" data-soscuisine-aisle="16" data-soscuisine-sip="3937475"><i class="fa fa-cart-plus" title="Add to My Grocery List"></i><div></div></div></td><td><img class="storeItemImage" itemprop="image" alt="kiwis" src="/media/images/store_item/108.jpg"></td><td>kiwis</td><td class="not_printable sorting_1">fruits</td><td><img style="width:50%;" src="/media/images/logos/marchands/6.png" alt="Maxi"></td><td><span itemprop="price">$0.40</span><span itemprop="eligibleQuantity" itemscope="" itemtype="http://schema.org/QuantitativeValue"> ea.</span></td><td>N/A</td><td style="display: none;">2020-02-26</td><td style="display: none;">Italy</td><td style="display: none;"></td><td style="display: none;">size N/A</td><td style="display: none;"></td><td style="display: none;"></td><td style="display: none;"></td><td style="display: none;"></td><td style="display: none;"><a class="recipeLink" href="/recipe_ingredient_search_results.php?query=(_QU5E__1__________108__[]_1_1)">Recipes with kiwis</a></td></tr><tr role="row" class="odd"><td tabindex="0"><i class="fas fa-circle"></i></td><td class=" not_printable"><div class="addToGL" data-soscuisine-aisle="16" data-soscuisine-sip="3937279"><i class="fa fa-cart-plus" title="Add to My Grocery List"></i><div></div></div></td><td><img class="storeItemImage" itemprop="image" alt="lemons" src="/media/images/store_item/372.jpg"></td><td>lemons</td><td class="not_printable sorting_1">fruits</td><td><img style="width:50%;" src="/media/images/logos/marchands/75.png" alt="Fruiterie 440"></td><td><span itemprop="price">$2.00</span><span itemprop="eligibleQuantity" itemscope="" itemtype="http://schema.org/QuantitativeValue">/<span itemprop="value">7</span></span></td><td>N/A</td><td style="display: none;">2020-02-23</td><td style="display: none;">Imported</td><td style="display: none;"></td><td style="display: none;">size N/A</td><td style="display: none;"></td><td style="display: none;"></td><td style="display: none;"></td><td style="display: none;"></td><td style="display: none;"><a class="recipeLink" href="/recipe_ingredient_search_results.php?query=(_QU5E__1__________372__[]_1_1)">Recipes with lemons</a></td></tr><tr role="row" class="even"><td tabindex="0"><i class="fas fa-circle"></i></td><td class=" not_printable"><div class="addToGL" data-soscuisine-aisle="16" data-soscuisine-sip="3937283"><i class="fa fa-cart-plus" title="Add to My Grocery List"></i><div></div></div></td><td><img class="storeItemImage" itemprop="image" alt="lemons" src="/media/images/store_item/372.jpg"></td><td>lemons</td><td class="not_printable sorting_1">fruits</td><td><img style="width:50%;" src="/media/images/logos/marchands/75.png" alt="Fruiterie 440"></td><td><span itemprop="price">$0.99</span><span itemprop="eligibleQuantity" itemscope="" itemtype="http://schema.org/QuantitativeValue">/<span itemprop="value">3</span></span></td><td>N/A</td><td style="display: none;">2020-02-23</td><td style="display: none;">Imported</td><td style="display: none;"></td><td style="display: none;">size N/A</td><td style="display: none;"></td><td style="display: none;"></td><td style="display: none;"></td><td style="display: none;"></td><td style="display: none;"><a class="recipeLink" href="/recipe_ingredient_search_results.php?query=(_QU5E__1__________372__[]_1_1)">Recipes with lemons</a></td></tr><tr role="row" class="odd"><td tabindex="0"><i class="fa fa-thumbs-up"></i></td><td class=" not_printable"><div class="addToGL" data-soscuisine-aisle="16" data-soscuisine-sip="3938535"><i class="fa fa-cart-plus" title="Add to My Grocery List"></i><div></div></div></td><td><img class="storeItemImage" itemprop="image" alt="lemons" src="/media/images/store_item/372.jpg"></td><td>lemons</td><td class="not_printable sorting_1">fruits</td><td><img style="width:50%;" src="/media/images/logos/marchands/7.png" alt="Intermarché (Saveurs intl.)"></td><td><span itemprop="price">$0.33</span><span itemprop="eligibleQuantity" itemscope="" itemtype="http://schema.org/QuantitativeValue"> ea.</span></td><td>$2.54/kg</td><td style="display: none;">2020-02-26</td><td style="display: none;">USA</td><td style="display: none;"></td><td style="display: none;">size 140</td><td style="display: none;"></td><td style="display: none;"></td><td style="display: none;"></td><td style="display: none;"></td><td style="display: none;"><a class="recipeLink" href="/recipe_ingredient_search_results.php?query=(_QU5E__1__________372__[]_1_1)">Recipes with lemons</a></td></tr><tr role="row" class="even"><td tabindex="0"><i class="fas fa-circle"></i></td><td class=" not_printable"><div class="addToGL" data-soscuisine-aisle="16" data-soscuisine-sip="3937483"><i class="fa fa-cart-plus" title="Add to My Grocery List"></i><div></div></div></td><td><img class="storeItemImage" itemprop="image" alt="lemons" src="/media/images/store_item/372.jpg"></td><td>lemons</td><td class="not_printable sorting_1">fruits</td><td><img style="width:50%;" src="/media/images/logos/marchands/6.png" alt="Maxi"></td><td><span itemprop="price">$0.50</span><span itemprop="eligibleQuantity" itemscope="" itemtype="http://schema.org/QuantitativeValue"> ea.</span></td><td>N/A</td><td style="display: none;">2020-02-26</td><td style="display: none;">Spain</td><td style="display: none;"></td><td style="display: none;">size N/A</td><td style="display: none;"></td><td style="display: none;"></td><td style="display: none;"></td><td style="display: none;"></td><td style="display: none;"><a class="recipeLink" href="/recipe_ingredient_search_results.php?query=(_QU5E__1__________372__[]_1_1)">Recipes with lemons</a></td></tr><tr role="row" class="odd"><td tabindex="0"><i class="fas fa-hand-rock"></i></td><td class=" not_printable"><div class="addToGL" data-soscuisine-aisle="16" data-soscuisine-sip="3937647"><i class="fa fa-cart-plus" title="Add to My Grocery List"></i><div></div></div></td><td><img class="storeItemImage" itemprop="image" alt="lemons" src="/media/images/store_item/372.jpg"></td><td>lemons</td><td class="not_printable sorting_1">fruits</td><td><img style="width:50%;" src="/media/images/logos/marchands/1.png" alt="Metro"></td><td><span itemprop="price">$2.99</span><span itemprop="eligibleQuantity" itemscope="" itemtype="http://schema.org/QuantitativeValue">/<span itemprop="value">5</span></span></td><td>$3.72/kg</td><td style="display: none;">2020-02-26</td><td style="display: none;"></td><td style="display: none;"></td><td style="display: none;">size 113</td><td style="display: none;"></td><td style="display: none;"></td><td style="display: none;"></td><td style="display: none;"></td><td style="display: none;"><a class="recipeLink" href="/recipe_ingredient_search_results.php?query=(_QU5E__1__________372__[]_1_1)">Recipes with lemons</a></td></tr><tr role="row" class="even"><td tabindex="0"><i class="fa fa-thumbs-down"></i></td><td class=" not_printable"><div class="addToGL" data-soscuisine-aisle="16" data-soscuisine-sip="3940491"><i class="fa fa-cart-plus" title="Add to My Grocery List"></i><div></div></div></td><td><img class="storeItemImage" itemprop="image" alt="lemons" src="/media/images/store_item/372.jpg"></td><td>lemons</td><td class="not_printable sorting_1">fruits</td><td><img style="width:50%;" src="/media/images/logos/marchands/5.png" alt="Super C"></td><td><span itemprop="price">$3.99</span><span itemprop="eligibleQuantity" itemscope="" itemtype="http://schema.org/QuantitativeValue">/<span itemprop="unitText">2lb (907g)</span></span></td><td>$4.40/kg</td><td style="display: none;">2020-02-26</td><td style="display: none;"></td><td style="display: none;"></td><td style="display: none;"></td><td style="display: none;"></td><td style="display: none;"></td><td style="display: none;"></td><td style="display: none;"></td><td style="display: none;"><a class="recipeLink" href="/recipe_ingredient_search_results.php?query=(_QU5E__1__________372__[]_1_1)">Recipes with lemons</a></td></tr><tr role="row" class="odd"><td tabindex="0"><i class="fas fa-circle"></i></td><td class=" not_printable"><div class="addToGL" data-soscuisine-aisle="16" data-soscuisine-sip="3936033"><i class="fa fa-cart-plus" title="Add to My Grocery List"></i><div></div></div></td><td><img class="storeItemImage" itemprop="image" alt="lemons" src="/media/images/store_item/372.jpg"></td><td>lemons</td><td class="not_printable sorting_1">fruits</td><td><img style="width:50%;" src="/media/images/logos/marchands/62.png" alt="Supermarché PA"></td><td><span itemprop="price">$2.99</span><span itemprop="eligibleQuantity" itemscope="" itemtype="http://schema.org/QuantitativeValue">/<span itemprop="value">10</span></span></td><td>N/A</td><td style="display: none;">2020-02-23</td><td style="display: none;"></td><td style="display: none;"></td><td style="display: none;">size N/A</td><td style="display: none;"></td><td style="display: none;"></td><td style="display: none;"></td><td style="display: none;"></td><td style="display: none;"><a class="recipeLink" href="/recipe_ingredient_search_results.php?query=(_QU5E__1__________372__[]_1_1)">Recipes with lemons</a></td></tr><tr role="row" class="even"><td tabindex="0"><i class="fas fa-hand-rock"></i></td><td class=" not_printable"><div class="addToGL" data-soscuisine-aisle="16" data-soscuisine-sip="3940605"><i class="fa fa-cart-plus" title="Add to My Grocery List"></i><div></div></div></td><td><img class="storeItemImage" itemprop="image" alt="lemons" src="/media/images/store_item/372.jpg"></td><td>lemons</td><td class="not_printable sorting_1">fruits</td><td><img style="width:50%;" src="/media/images/logos/marchands/11.png" alt="Tradition"></td><td><span itemprop="price">$7.00</span><span itemprop="eligibleQuantity" itemscope="" itemtype="http://schema.org/QuantitativeValue">/<span itemprop="value">2</span>x<span itemprop="unitText">2lb (907g)</span></span></td><td>$3.86/kg</td><td style="display: none;">2020-02-26</td><td style="display: none;">Imported</td><td style="display: none;"></td><td style="display: none;"></td><td style="display: none;"></td><td style="display: none;"></td><td style="display: none;"></td><td style="display: none;"></td><td style="display: none;"><a class="recipeLink" href="/recipe_ingredient_search_results.php?query=(_QU5E__1__________372__[]_1_1)">Recipes with lemons</a></td></tr><tr role="row" class="odd"><td tabindex="0"><i class="fas fa-circle"></i></td><td class=" not_printable"><div class="addToGL" data-soscuisine-aisle="16" data-soscuisine-sip="3938629"><i class="fa fa-cart-plus" title="Add to My Grocery List"></i><div></div></div></td><td><img class="storeItemImage" itemprop="image" alt="limes" src="/media/images/store_item/373.jpg"></td><td>limes</td><td class="not_printable sorting_1">fruits</td><td><img style="width:50%;" src="/media/images/logos/marchands/69.png" alt="Intermarche (Provincial)"></td><td><span itemprop="price">$0.40</span><span itemprop="eligibleQuantity" itemscope="" itemtype="http://schema.org/QuantitativeValue"> ea.</span></td><td>N/A</td><td style="display: none;">2020-02-26</td><td style="display: none;">Mexico</td><td style="display: none;"></td><td style="display: none;">size N/A</td><td style="display: none;"></td><td style="display: none;"></td><td style="display: none;"></td><td style="display: none;"></td><td style="display: none;"><a class="recipeLink" href="/recipe_ingredient_search_results.php?query=(_QU5E__1__________373__[]_1_1)">Recipes with limes</a></td></tr><tr role="row" class="even"><td tabindex="0"><i class="fa fa-thumbs-up"></i><i class="fa fa-thumbs-up"></i></td><td class=" not_printable"><div class="addToGL" data-soscuisine-aisle="16" data-soscuisine-sip="3938543"><i class="fa fa-cart-plus" title="Add to My Grocery List"></i><div></div></div></td><td><img class="storeItemImage" itemprop="image" alt="limes" src="/media/images/store_item/373.jpg"></td><td>limes</td><td class="not_printable sorting_1">fruits</td><td><img style="width:50%;" src="/media/images/logos/marchands/7.png" alt="Intermarché (Saveurs intl.)"></td><td><span itemprop="price">$0.14</span><span itemprop="eligibleQuantity" itemscope="" itemtype="http://schema.org/QuantitativeValue"> ea.</span></td><td>$1.75/kg</td><td style="display: none;">2020-02-26</td><td style="display: none;">Mexico</td><td style="display: none;"></td><td style="display: none;">size 230</td><td style="display: none;"></td><td style="display: none;"></td><td style="display: none;"></td><td style="display: none;"></td><td style="display: none;"><a class="recipeLink" href="/recipe_ingredient_search_results.php?query=(_QU5E__1__________373__[]_1_1)">Recipes with limes</a></td></tr><tr role="row" class="odd"><td tabindex="0"><i class="fas fa-circle"></i></td><td class=" not_printable"><div class="addToGL" data-soscuisine-aisle="16" data-soscuisine-sip="3937479"><i class="fa fa-cart-plus" title="Add to My Grocery List"></i><div></div></div></td><td><img class="storeItemImage" itemprop="image" alt="limes" src="/media/images/store_item/373.jpg"></td><td>limes</td><td class="not_printable sorting_1">fruits</td><td><img style="width:50%;" src="/media/images/logos/marchands/6.png" alt="Maxi"></td><td><span itemprop="price">$0.40</span><span itemprop="eligibleQuantity" itemscope="" itemtype="http://schema.org/QuantitativeValue"> ea.</span></td><td>N/A</td><td style="display: none;">2020-02-26</td><td style="display: none;">Mexico</td><td style="display: none;"></td><td style="display: none;">size N/A</td><td style="display: none;"></td><td style="display: none;"></td><td style="display: none;"></td><td style="display: none;"></td><td style="display: none;"><a class="recipeLink" href="/recipe_ingredient_search_results.php?query=(_QU5E__1__________373__[]_1_1)">Recipes with limes</a></td></tr><tr role="row" class="even"><td tabindex="0"><i class="fas fa-hand-rock"></i></td><td class=" not_printable"><div class="addToGL" data-soscuisine-aisle="16" data-soscuisine-sip="3940923"><i class="fa fa-cart-plus" title="Add to My Grocery List"></i><div></div></div></td><td><img class="storeItemImage" itemprop="image" alt="limes" src="/media/images/store_item/373.jpg"></td><td>limes</td><td class="not_printable sorting_1">fruits</td><td><img style="width:50%;" src="/media/images/logos/marchands/12.png" alt="Richelieu"></td><td><span itemprop="price">$1.99</span><span itemprop="eligibleQuantity" itemscope="" itemtype="http://schema.org/QuantitativeValue">/<span itemprop="value">4</span></span></td><td>$5.24/kg</td><td style="display: none;">2020-02-26</td><td style="display: none;"></td><td style="display: none;"></td><td style="display: none;">size 175-182</td><td style="display: none;"></td><td style="display: none;"></td><td style="display: none;"></td><td style="display: none;"></td><td style="display: none;"><a class="recipeLink" href="/recipe_ingredient_search_results.php?query=(_QU5E__1__________373__[]_1_1)">Recipes with limes</a></td></tr><tr role="row" class="odd"><td tabindex="0"><i class="fa fa-thumbs-up"></i></td><td class=" not_printable"><div class="addToGL" data-soscuisine-aisle="16" data-soscuisine-sip="3940483"><i class="fa fa-cart-plus" title="Add to My Grocery List"></i><div></div></div></td><td><img class="storeItemImage" itemprop="image" alt="limes" src="/media/images/store_item/373.jpg"></td><td>limes</td><td class="not_printable sorting_1">fruits</td><td><img style="width:50%;" src="/media/images/logos/marchands/5.png" alt="Super C"></td><td><span itemprop="price">$2.99</span><span itemprop="eligibleQuantity" itemscope="" itemtype="http://schema.org/QuantitativeValue">/<span itemprop="value">8</span></span></td><td>$3.93/kg</td><td style="display: none;">2020-02-26</td><td style="display: none;"></td><td style="display: none;"></td><td style="display: none;">size 175-182</td><td style="display: none;"></td><td style="display: none;"></td><td style="display: none;"></td><td style="display: none;"></td><td style="display: none;"><a class="recipeLink" href="/recipe_ingredient_search_results.php?query=(_QU5E__1__________373__[]_1_1)">Recipes with limes</a></td></tr><tr role="row" class="even"><td tabindex="0"><i class="fas fa-circle"></i></td><td class=" not_printable"><div class="addToGL" data-soscuisine-aisle="16" data-soscuisine-sip="3939811"><i class="fa fa-cart-plus" title="Add to My Grocery List"></i><div></div></div></td><td><img class="storeItemImage" itemprop="image" alt="mangoes" src="/media/images/store_item/59.jpg"></td><td>mangoes</td><td class="not_printable sorting_1">fruits</td><td><img style="width:50%;" src="/media/images/logos/marchands/10.png" alt="Bonichoix"></td><td><span itemprop="price">$4.00</span><span itemprop="eligibleQuantity" itemscope="" itemtype="http://schema.org/QuantitativeValue">/<span itemprop="value">2</span></span></td><td>N/A</td><td style="display: none;">2020-02-26</td><td style="display: none;">Imported</td><td style="display: none;"></td><td style="display: none;">size N/A</td><td style="display: none;"></td><td style="display: none;"></td><td style="display: none;"></td><td style="display: none;"></td><td style="display: none;"><a class="recipeLink" href="/recipe_ingredient_search_results.php?query=(_QU5E__1__________59__[]_1_1)">Recipes with mangoes</a></td></tr><tr role="row" class="odd"><td tabindex="0"><i class="fas fa-circle"></i></td><td class=" not_printable"><div class="addToGL" data-soscuisine-aisle="16" data-soscuisine-sip="3937291"><i class="fa fa-cart-plus" title="Add to My Grocery List"></i><div></div></div></td><td><img class="storeItemImage" itemprop="image" alt="mangoes" src="/media/images/store_item/59.jpg"></td><td>mangoes</td><td class="not_printable sorting_1">fruits</td><td><img style="width:50%;" src="/media/images/logos/marchands/75.png" alt="Fruiterie 440"></td><td><span itemprop="price">$2.49</span><span itemprop="eligibleQuantity" itemscope="" itemtype="http://schema.org/QuantitativeValue">/<span itemprop="value">3</span></span></td><td>N/A</td><td style="display: none;">2020-02-23</td><td style="display: none;">Imported</td><td style="display: none;"></td><td style="display: none;">size N/A</td><td style="display: none;">red</td><td style="display: none;"></td><td style="display: none;"></td><td style="display: none;"></td><td style="display: none;"><a class="recipeLink" href="/recipe_ingredient_search_results.php?query=(_QU5E__1__________59__[]_1_1)">Recipes with mangoes</a></td></tr><tr role="row" class="even"><td tabindex="0"><i class="fas fa-circle"></i></td><td class=" not_printable"><div class="addToGL" data-soscuisine-aisle="16" data-soscuisine-sip="3937295"><i class="fa fa-cart-plus" title="Add to My Grocery List"></i><div></div></div></td><td><img class="storeItemImage" itemprop="image" alt="mangoes" src="/media/images/store_item/59.jpg"></td><td>mangoes</td><td class="not_printable sorting_1">fruits</td><td><img style="width:50%;" src="/media/images/logos/marchands/75.png" alt="Fruiterie 440"></td><td><span itemprop="price">$0.99</span><span itemprop="eligibleQuantity" itemscope="" itemtype="http://schema.org/QuantitativeValue"> ea.</span></td><td>N/A</td><td style="display: none;">2020-02-23</td><td style="display: none;">Imported</td><td style="display: none;"></td><td style="display: none;">size N/A</td><td style="display: none;"></td><td style="display: none;"></td><td style="display: none;"></td><td style="display: none;"></td><td style="display: none;"><a class="recipeLink" href="/recipe_ingredient_search_results.php?query=(_QU5E__1__________59__[]_1_1)">Recipes with mangoes</a></td></tr><tr role="row" class="odd"><td tabindex="0"><i class="fas fa-circle"></i></td><td class=" not_printable"><div class="addToGL" data-soscuisine-aisle="16" data-soscuisine-sip="3939221"><i class="fa fa-cart-plus" title="Add to My Grocery List"></i><div></div></div></td><td><img class="storeItemImage" itemprop="image" alt="mangoes" src="/media/images/store_item/59.jpg"></td><td>mangoes</td><td class="not_printable sorting_1">fruits</td><td><img style="width:50%;" src="/media/images/logos/marchands/3.png" alt="IGA"></td><td><span itemprop="price">$4.00</span><span itemprop="eligibleQuantity" itemscope="" itemtype="http://schema.org/QuantitativeValue">/<span itemprop="value">2</span></span></td><td>N/A</td><td style="display: none;">2020-02-26</td><td style="display: none;">Mexico</td><td style="display: none;"></td><td style="display: none;">size N/A</td><td style="display: none;">Ataulfo</td><td style="display: none;"></td><td style="display: none;"></td><td style="display: none;"></td><td style="display: none;"><a class="recipeLink" href="/recipe_ingredient_search_results.php?query=(_QU5E__1__________59__[]_1_1)">Recipes with mangoes</a></td></tr><tr role="row" class="even"><td tabindex="0"><i class="fas fa-circle"></i></td><td class=" not_printable"><div class="addToGL" data-soscuisine-aisle="16" data-soscuisine-sip="3938641"><i class="fa fa-cart-plus" title="Add to My Grocery List"></i><div></div></div></td><td><img class="storeItemImage" itemprop="image" alt="mangoes" src="/media/images/store_item/59.jpg"></td><td>mangoes</td><td class="not_printable sorting_1">fruits</td><td><img style="width:50%;" src="/media/images/logos/marchands/69.png" alt="Intermarche (Provincial)"></td><td><span itemprop="price">$1.49</span><span itemprop="eligibleQuantity" itemscope="" itemtype="http://schema.org/QuantitativeValue"> ea.</span></td><td>N/A</td><td style="display: none;">2020-02-26</td><td style="display: none;">Peru</td><td style="display: none;"></td><td style="display: none;">size N/A</td><td style="display: none;">red</td><td style="display: none;"></td><td style="display: none;"></td><td style="display: none;"></td><td style="display: none;"><a class="recipeLink" href="/recipe_ingredient_search_results.php?query=(_QU5E__1__________59__[]_1_1)">Recipes with mangoes</a></td></tr><tr role="row" class="odd"><td tabindex="0"><i class="fas fa-circle"></i></td><td class=" not_printable"><div class="addToGL" data-soscuisine-aisle="16" data-soscuisine-sip="3942045"><i class="fa fa-cart-plus" title="Add to My Grocery List"></i><div></div></div></td><td><img class="storeItemImage" itemprop="image" alt="mangoes" src="/media/images/store_item/59.jpg"></td><td>mangoes</td><td class="not_printable sorting_1">fruits</td><td><img style="width:50%;" src="/media/images/logos/marchands/13.png" alt="Jardin Mobile"></td><td><span itemprop="price">$3.00</span><span itemprop="eligibleQuantity" itemscope="" itemtype="http://schema.org/QuantitativeValue">/<span itemprop="value">2</span></span></td><td>N/A</td><td style="display: none;">2020-02-26</td><td style="display: none;">Imported</td><td style="display: none;"></td><td style="display: none;">size N/A</td><td style="display: none;">Ataulfo</td><td style="display: none;"></td><td style="display: none;"></td><td style="display: none;">or red</td><td style="display: none;"><a class="recipeLink" href="/recipe_ingredient_search_results.php?query=(_QU5E__1__________59__[]_1_1)">Recipes with mangoes</a></td></tr><tr role="row" class="even"><td tabindex="0"><i class="fa fa-thumbs-up"></i></td><td class=" not_printable"><div class="addToGL" data-soscuisine-aisle="16" data-soscuisine-sip="3939191"><i class="fa fa-cart-plus" title="Add to My Grocery List"></i><div></div></div></td><td><img class="storeItemImage" itemprop="image" alt="mangoes" src="/media/images/store_item/59.jpg"></td><td>mangoes</td><td class="not_printable sorting_1">fruits</td><td><img style="width:50%;" src="/media/images/logos/marchands/63.png" alt="Marché Adonis"></td><td><span itemprop="price">$5.00</span><span itemprop="eligibleQuantity" itemscope="" itemtype="http://schema.org/QuantitativeValue">/<span itemprop="value">4</span></span></td><td>$3.47/kg</td><td style="display: none;">2020-02-26</td><td style="display: none;">Peru</td><td style="display: none;"></td><td style="display: none;">size 10</td><td style="display: none;"></td><td style="display: none;"></td><td style="display: none;"></td><td style="display: none;"></td><td style="display: none;"><a class="recipeLink" href="/recipe_ingredient_search_results.php?query=(_QU5E__1__________59__[]_1_1)">Recipes with mangoes</a></td></tr><tr role="row" class="odd"><td tabindex="0"><i class="fa fa-thumbs-down"></i></td><td class=" not_printable"><div class="addToGL" data-soscuisine-aisle="16" data-soscuisine-sip="3937657"><i class="fa fa-cart-plus" title="Add to My Grocery List"></i><div></div></div></td><td><img class="storeItemImage" itemprop="image" alt="mangoes" src="/media/images/store_item/59.jpg"></td><td>mangoes</td><td class="not_printable sorting_1">fruits</td><td><img style="width:50%;" src="/media/images/logos/marchands/1.png" alt="Metro"></td><td><span itemprop="price">$5.00</span><span itemprop="eligibleQuantity" itemscope="" itemtype="http://schema.org/QuantitativeValue">/<span itemprop="value">3</span></span></td><td>$6.94/kg</td><td style="display: none;">2020-02-26</td><td style="display: none;"></td><td style="display: none;"></td><td style="display: none;">size 14-16</td><td style="display: none;">Ataulfo</td><td style="display: none;"></td><td style="display: none;"></td><td style="display: none;"></td><td style="display: none;"><a class="recipeLink" href="/recipe_ingredient_search_results.php?query=(_QU5E__1__________59__[]_1_1)">Recipes with mangoes</a></td></tr><tr role="row" class="even"><td tabindex="0"><i class="fa fa-thumbs-up"></i><i class="fa fa-thumbs-up"></i></td><td class=" not_printable"><div class="addToGL" data-soscuisine-aisle="16" data-soscuisine-sip="3939049"><i class="fa fa-cart-plus" title="Add to My Grocery List"></i><div></div></div></td><td><img class="storeItemImage" itemprop="image" alt="mangoes" src="/media/images/store_item/59.jpg"></td><td>mangoes</td><td class="not_printable sorting_1">fruits</td><td><img style="width:50%;" src="/media/images/logos/marchands/64.png" alt="Mourelatos"></td><td><span itemprop="price">$0.99</span><span itemprop="eligibleQuantity" itemscope="" itemtype="http://schema.org/QuantitativeValue"> ea.</span></td><td>$3.30/kg</td><td style="display: none;">2020-02-25</td><td style="display: none;"></td><td style="display: none;"></td><td style="display: none;">size 12</td><td style="display: none;"></td><td style="display: none;"></td><td style="display: none;"></td><td style="display: none;"></td><td style="display: none;"><a class="recipeLink" href="/recipe_ingredient_search_results.php?query=(_QU5E__1__________59__[]_1_1)">Recipes with mangoes</a></td></tr><tr role="row" class="odd"><td tabindex="0"><i class="fas fa-hand-rock"></i></td><td class=" not_printable"><div class="addToGL" data-soscuisine-aisle="16" data-soscuisine-sip="3940905"><i class="fa fa-cart-plus" title="Add to My Grocery List"></i><div></div></div></td><td><img class="storeItemImage" itemprop="image" alt="mangoes" src="/media/images/store_item/59.jpg"></td><td>mangoes</td><td class="not_printable sorting_1">fruits</td><td><img style="width:50%;" src="/media/images/logos/marchands/12.png" alt="Richelieu"></td><td><span itemprop="price">$3.00</span><span itemprop="eligibleQuantity" itemscope="" itemtype="http://schema.org/QuantitativeValue">/<span itemprop="value">2</span></span></td><td>$5.00/kg</td><td style="display: none;">2020-02-26</td><td style="display: none;"></td><td style="display: none;"></td><td style="display: none;">size 12</td><td style="display: none;">red</td><td style="display: none;"></td><td style="display: none;"></td><td style="display: none;"></td><td style="display: none;"><a class="recipeLink" href="/recipe_ingredient_search_results.php?query=(_QU5E__1__________59__[]_1_1)">Recipes with mangoes</a></td></tr><tr role="row" class="even"><td tabindex="0"><i class="fa fa-thumbs-down"></i></td><td class=" not_printable"><div class="addToGL" data-soscuisine-aisle="16" data-soscuisine-sip="3940909"><i class="fa fa-cart-plus" title="Add to My Grocery List"></i><div></div></div></td><td><img class="storeItemImage" itemprop="image" alt="mangoes" src="/media/images/store_item/59.jpg"></td><td>mangoes</td><td class="not_printable sorting_1">fruits</td><td><img style="width:50%;" src="/media/images/logos/marchands/12.png" alt="Richelieu"></td><td><span itemprop="price">$3.00</span><span itemprop="eligibleQuantity" itemscope="" itemtype="http://schema.org/QuantitativeValue">/<span itemprop="value">2</span></span></td><td>$7.92/kg</td><td style="display: none;">2020-02-26</td><td style="display: none;"></td><td style="display: none;"></td><td style="display: none;">size 18-20</td><td style="display: none;">Ataulfo</td><td style="display: none;"></td><td style="display: none;"></td><td style="display: none;"></td><td style="display: none;"><a class="recipeLink" href="/recipe_ingredient_search_results.php?query=(_QU5E__1__________59__[]_1_1)">Recipes with mangoes</a></td></tr><tr role="row" class="odd"><td tabindex="0"><i class="fa fa-thumbs-up"></i><i class="fa fa-thumbs-up"></i></td><td class=" not_printable"><div class="addToGL" data-soscuisine-aisle="16" data-soscuisine-sip="3940379"><i class="fa fa-cart-plus" title="Add to My Grocery List"></i><div></div></div></td><td><img class="storeItemImage" itemprop="image" alt="mangoes" src="/media/images/store_item/59.jpg"></td><td>mangoes</td><td class="not_printable sorting_1">fruits</td><td><img style="width:50%;" src="/media/images/logos/marchands/5.png" alt="Super C"></td><td><span itemprop="price">$0.88</span><span itemprop="eligibleQuantity" itemscope="" itemtype="http://schema.org/QuantitativeValue"> ea.</span></td><td>$2.93/kg</td><td style="display: none;">2020-02-26</td><td style="display: none;"></td><td style="display: none;"></td><td style="display: none;">size 12</td><td style="display: none;">red</td><td style="display: none;"></td><td style="display: none;"></td><td style="display: none;"></td><td style="display: none;"><a class="recipeLink" href="/recipe_ingredient_search_results.php?query=(_QU5E__1__________59__[]_1_1)">Recipes with mangoes</a></td></tr><tr role="row" class="even"><td tabindex="0"><i class="fas fa-circle"></i></td><td class=" not_printable"><div class="addToGL" data-soscuisine-aisle="16" data-soscuisine-sip="3936045"><i class="fa fa-cart-plus" title="Add to My Grocery List"></i><div></div></div></td><td><img class="storeItemImage" itemprop="image" alt="mangoes" src="/media/images/store_item/59.jpg"></td><td>mangoes</td><td class="not_printable sorting_1">fruits</td><td><img style="width:50%;" src="/media/images/logos/marchands/62.png" alt="Supermarché PA"></td><td><span itemprop="price">$0.89</span><span itemprop="eligibleQuantity" itemscope="" itemtype="http://schema.org/QuantitativeValue"> ea.</span></td><td>N/A</td><td style="display: none;">2020-02-23</td><td style="display: none;"></td><td style="display: none;"></td><td style="display: none;">size N/A</td><td style="display: none;">Ataulfo</td><td style="display: none;"></td><td style="display: none;"></td><td style="display: none;"></td><td style="display: none;"><a class="recipeLink" href="/recipe_ingredient_search_results.php?query=(_QU5E__1__________59__[]_1_1)">Recipes with mangoes</a></td></tr><tr role="row" class="odd"><td tabindex="0"><i class="fas fa-circle"></i></td><td class=" not_printable"><div class="addToGL" data-soscuisine-aisle="16" data-soscuisine-sip="3941003"><i class="fa fa-cart-plus" title="Add to My Grocery List"></i><div></div></div></td><td><img class="storeItemImage" itemprop="image" alt="mangoes" src="/media/images/store_item/59.jpg"></td><td>mangoes</td><td class="not_printable sorting_1">fruits</td><td><img style="width:50%;" src="/media/images/logos/marchands/73.png" alt="Walmart"></td><td><span itemprop="price">$1.27</span><span itemprop="eligibleQuantity" itemscope="" itemtype="http://schema.org/QuantitativeValue"> ea.</span></td><td>N/A</td><td style="display: none;">2020-02-26</td><td style="display: none;">Mexico</td><td style="display: none;"></td><td style="display: none;">size N/A</td><td style="display: none;">Ataulfo</td><td style="display: none;"></td><td style="display: none;"></td><td style="display: none;">or red, Peru,  supercentres only</td><td style="display: none;"><a class="recipeLink" href="/recipe_ingredient_search_results.php?query=(_QU5E__1__________59__[]_1_1)">Recipes with mangoes</a></td></tr><tr role="row" class="even"><td tabindex="0"><i class="fa fa-thumbs-up"></i><i class="fa fa-thumbs-up"></i></td><td class=" not_printable"><div class="addToGL" data-soscuisine-aisle="16" data-soscuisine-sip="3938365"><i class="fa fa-cart-plus" title="Add to My Grocery List"></i><div></div></div></td><td><img class="storeItemImage" itemprop="image" alt="mangoes ORGANIC" src="/media/images/store_item/688.jpg"></td><td>mangoes ORGANIC</td><td class="not_printable sorting_1">fruits</td><td><img style="width:50%;" src="/media/images/logos/marchands/7.png" alt="Intermarché (Saveurs intl.)"></td><td><span itemprop="price">$0.99</span><span itemprop="eligibleQuantity" itemscope="" itemtype="http://schema.org/QuantitativeValue"> ea.</span></td><td>$2.75/kg</td><td style="display: none;">2020-02-26</td><td style="display: none;">Peru</td><td style="display: none;"></td><td style="display: none;">size 10</td><td style="display: none;"></td><td style="display: none;"></td><td style="display: none;"></td><td style="display: none;"></td><td style="display: none;"><a class="recipeLink" href="/recipe_ingredient_search_results.php?query=(_QU5E__1__________688__[]_1_1)">Recipes with mangoes ORGANIC</a></td></tr><tr role="row" class="odd"><td tabindex="0"><i class="fa fa-thumbs-up"></i><i class="fa fa-thumbs-up"></i></td><td class=" not_printable"><div class="addToGL" data-soscuisine-aisle="16" data-soscuisine-sip="3939051"><i class="fa fa-cart-plus" title="Add to My Grocery List"></i><div></div></div></td><td><img class="storeItemImage" itemprop="image" alt="melons" src="/media/images/store_item/392.jpg"></td><td>melons</td><td class="not_printable sorting_1">fruits</td><td><img style="width:50%;" src="/media/images/logos/marchands/64.png" alt="Mourelatos"></td><td><span itemprop="price">$1.99</span><span itemprop="eligibleQuantity" itemscope="" itemtype="http://schema.org/QuantitativeValue"> ea.</span></td><td>$1.17/kg</td><td style="display: none;">2020-02-25</td><td style="display: none;"></td><td style="display: none;"></td><td style="display: none;">size 8</td><td style="display: none;">Juan Canary</td><td style="display: none;"></td><td style="display: none;"></td><td style="display: none;">or Honeydew</td><td style="display: none;"><a class="recipeLink" href="/recipe_ingredient_search_results.php?query=(_QU5E__1__________392__[]_1_1)">Recipes with melons</a></td></tr><tr role="row" class="even"><td tabindex="0"><i class="fas fa-hand-rock"></i></td><td class=" not_printable"><div class="addToGL" data-soscuisine-aisle="16" data-soscuisine-sip="3940489"><i class="fa fa-cart-plus" title="Add to My Grocery List"></i><div></div></div></td><td><img class="storeItemImage" itemprop="image" alt="melons" src="/media/images/store_item/392.jpg"></td><td>melons</td><td class="not_printable sorting_1">fruits</td><td><img style="width:50%;" src="/media/images/logos/marchands/5.png" alt="Super C"></td><td><span itemprop="price">$3.99</span><span itemprop="eligibleQuantity" itemscope="" itemtype="http://schema.org/QuantitativeValue"> ea.</span></td><td>$2.05/kg</td><td style="display: none;">2020-02-26</td><td style="display: none;"></td><td style="display: none;"></td><td style="display: none;">size 6-8</td><td style="display: none;">honeydew</td><td style="display: none;"></td><td style="display: none;"></td><td style="display: none;">or Santa Claus, Canary</td><td style="display: none;"><a class="recipeLink" href="/recipe_ingredient_search_results.php?query=(_QU5E__1__________392__[]_1_1)">Recipes with melons</a></td></tr><tr role="row" class="odd"><td tabindex="0"><i class="fas fa-circle"></i></td><td class=" not_printable"><div class="addToGL" data-soscuisine-aisle="16" data-soscuisine-sip="3936039"><i class="fa fa-cart-plus" title="Add to My Grocery List"></i><div></div></div></td><td><img class="storeItemImage" itemprop="image" alt="melons" src="/media/images/store_item/392.jpg"></td><td>melons</td><td class="not_printable sorting_1">fruits</td><td><img style="width:50%;" src="/media/images/logos/marchands/62.png" alt="Supermarché PA"></td><td><span itemprop="price">$5.00</span><span itemprop="eligibleQuantity" itemscope="" itemtype="http://schema.org/QuantitativeValue">/<span itemprop="value">3</span></span></td><td>N/A</td><td style="display: none;">2020-02-23</td><td style="display: none;"></td><td style="display: none;"></td><td style="display: none;">size N/A</td><td style="display: none;"></td><td style="display: none;"></td><td style="display: none;"></td><td style="display: none;">magnificent</td><td style="display: none;"><a class="recipeLink" href="/recipe_ingredient_search_results.php?query=(_QU5E__1__________392__[]_1_1)">Recipes with melons</a></td></tr><tr role="row" class="even"><td tabindex="0"><i class="fas fa-hand-rock"></i></td><td class=" not_printable"><div class="addToGL" data-soscuisine-aisle="16" data-soscuisine-sip="3940571"><i class="fa fa-cart-plus" title="Add to My Grocery List"></i><div></div></div></td><td><img class="storeItemImage" itemprop="image" alt="melons" src="/media/images/store_item/392.jpg"></td><td>melons</td><td class="not_printable sorting_1">fruits</td><td><img style="width:50%;" src="/media/images/logos/marchands/11.png" alt="Tradition"></td><td><span itemprop="price">$4.99</span><span itemprop="eligibleQuantity" itemscope="" itemtype="http://schema.org/QuantitativeValue"> ea.</span></td><td>$2.20/kg</td><td style="display: none;">2020-02-26</td><td style="display: none;">Central Am.</td><td style="display: none;"></td><td style="display: none;">size 6</td><td style="display: none;">honeydew</td><td style="display: none;"></td><td style="display: none;"></td><td style="display: none;"></td><td style="display: none;"><a class="recipeLink" href="/recipe_ingredient_search_results.php?query=(_QU5E__1__________392__[]_1_1)">Recipes with melons</a></td></tr><tr role="row" class="odd"><td tabindex="0"><i class="fas fa-circle"></i></td><td class=" not_printable"><div class="addToGL" data-soscuisine-aisle="16" data-soscuisine-sip="3938771"><i class="fa fa-cart-plus" title="Add to My Grocery List"></i><div></div></div></td><td><img class="storeItemImage" itemprop="image" alt="melons ORGANIC" src="/media/images/store_item/1137.jpg"></td><td>melons ORGANIC</td><td class="not_printable sorting_1">fruits</td><td><img style="width:50%;" src="/media/images/logos/marchands/93.png" alt="Rachelle Béry"></td><td><span itemprop="price">$3.99</span><span itemprop="eligibleQuantity" itemscope="" itemtype="http://schema.org/QuantitativeValue"> ea.</span></td><td>N/A</td><td style="display: none;">2020-03-04</td><td style="display: none;">Mexico</td><td style="display: none;"></td><td style="display: none;">size N/A</td><td style="display: none;">honeydew</td><td style="display: none;"></td><td style="display: none;"></td><td style="display: none;"></td><td style="display: none;"><a class="recipeLink" href="/recipe_ingredient_search_results.php?query=(_QU5E__1__________1137__[]_1_1)">Recipes with melons ORGANIC</a></td></tr><tr role="row" class="even"><td tabindex="0"><i class="fas fa-hand-rock"></i></td><td class=" not_printable"><div class="addToGL" data-soscuisine-aisle="16" data-soscuisine-sip="3939515"><i class="fa fa-cart-plus" title="Add to My Grocery List"></i><div></div></div></td><td><img class="storeItemImage" itemprop="image" alt="nectarines" src="/media/images/store_item/576.jpg"></td><td>nectarines</td><td class="not_printable sorting_1">fruits</td><td><img style="width:50%;" src="/media/images/logos/marchands/3.png" alt="IGA"></td><td><span itemprop="price">$2.99</span><span itemprop="eligibleQuantity" itemscope="" itemtype="http://schema.org/QuantitativeValue">/<span itemprop="unitText">lb</span></span></td><td>$6.59/kg</td><td style="display: none;">2020-02-26</td><td style="display: none;">Chile</td><td style="display: none;"></td><td style="display: none;"></td><td style="display: none;"></td><td style="display: none;"></td><td style="display: none;"></td><td style="display: none;"></td><td style="display: none;"><a class="recipeLink" href="/recipe_ingredient_search_results.php?query=(_QU5E__1__________576__[]_1_1)">Recipes with nectarines</a></td></tr><tr role="row" class="odd"><td tabindex="0"><i class="fa fa-thumbs-up"></i><i class="fa fa-thumbs-up"></i></td><td class=" not_printable"><div class="addToGL" data-soscuisine-aisle="16" data-soscuisine-sip="3939465"><i class="fa fa-cart-plus" title="Add to My Grocery List"></i><div></div></div></td><td><img class="storeItemImage" itemprop="image" alt="oranges" src="/media/images/store_item/68.jpg"></td><td>oranges</td><td class="not_printable sorting_1">fruits</td><td><img style="width:50%;" src="/media/images/logos/marchands/3.png" alt="IGA"></td><td><span itemprop="price">$5.99</span><span itemprop="eligibleQuantity" itemscope="" itemtype="http://schema.org/QuantitativeValue">/<span itemprop="unitText">8lb (3,6kg)</span></span></td><td>$1.65/kg</td><td style="display: none;">2020-02-26</td><td style="display: none;">Spain</td><td style="display: none;"></td><td style="display: none;"></td><td style="display: none;"></td><td style="display: none;">seedless</td><td style="display: none;"></td><td style="display: none;">Chenail</td><td style="display: none;"><a class="recipeLink" href="/recipe_ingredient_search_results.php?query=(_QU5E__1__________68__[]_1_1)">Recipes with oranges</a></td></tr><tr role="row" class="even"><td tabindex="0"><i class="fas fa-hand-rock"></i></td><td class=" not_printable"><div class="addToGL" data-soscuisine-aisle="16" data-soscuisine-sip="3939347"><i class="fa fa-cart-plus" title="Add to My Grocery List"></i><div></div></div></td><td><img class="storeItemImage" itemprop="image" alt="oranges" src="/media/images/store_item/68.jpg"></td><td>oranges</td><td class="not_printable sorting_1">fruits</td><td><img style="width:50%;" src="/media/images/logos/marchands/3.png" alt="IGA"></td><td><span itemprop="price">$9.99</span><span itemprop="eligibleQuantity" itemscope="" itemtype="http://schema.org/QuantitativeValue">/<span itemprop="unitText">2,5kg</span></span></td><td>$4.00/kg</td><td style="display: none;">2020-02-26</td><td style="display: none;">Italy</td><td style="display: none;"></td><td style="display: none;"></td><td style="display: none;">blood</td><td style="display: none;"></td><td style="display: none;"></td><td style="display: none;"></td><td style="display: none;"><a class="recipeLink" href="/recipe_ingredient_search_results.php?query=(_QU5E__1__________68__[]_1_1)">Recipes with oranges</a></td></tr><tr role="row" class="odd"><td tabindex="0"><i class="fas fa-hand-rock"></i></td><td class=" not_printable"><div class="addToGL" data-soscuisine-aisle="16" data-soscuisine-sip="3938493"><i class="fa fa-cart-plus" title="Add to My Grocery List"></i><div></div></div></td><td><img class="storeItemImage" itemprop="image" alt="oranges" src="/media/images/store_item/68.jpg"></td><td>oranges</td><td class="not_printable sorting_1">fruits</td><td><img style="width:50%;" src="/media/images/logos/marchands/7.png" alt="Intermarché (Saveurs intl.)"></td><td><span itemprop="price">$0.43</span><span itemprop="eligibleQuantity" itemscope="" itemtype="http://schema.org/QuantitativeValue"> ea.</span></td><td>$2.38/kg</td><td style="display: none;">2020-02-26</td><td style="display: none;">USA</td><td style="display: none;"></td><td style="display: none;">size 72</td><td style="display: none;">Navel</td><td style="display: none;"></td><td style="display: none;"></td><td style="display: none;"></td><td style="display: none;"><a class="recipeLink" href="/recipe_ingredient_search_results.php?query=(_QU5E__1__________68__[]_1_1)">Recipes with oranges</a></td></tr><tr role="row" class="even"><td tabindex="0"><i class="fas fa-circle"></i></td><td class=" not_printable"><div class="addToGL" data-soscuisine-aisle="16" data-soscuisine-sip="3942055"><i class="fa fa-cart-plus" title="Add to My Grocery List"></i><div></div></div></td><td><img class="storeItemImage" itemprop="image" alt="oranges" src="/media/images/store_item/68.jpg"></td><td>oranges</td><td class="not_printable sorting_1">fruits</td><td><img style="width:50%;" src="/media/images/logos/marchands/13.png" alt="Jardin Mobile"></td><td><span itemprop="price">$2.99</span><span itemprop="eligibleQuantity" itemscope="" itemtype="http://schema.org/QuantitativeValue">/<span itemprop="value">8</span></span></td><td>N/A</td><td style="display: none;">2020-02-26</td><td style="display: none;">Spain</td><td style="display: none;"></td><td style="display: none;">size N/A</td><td style="display: none;"></td><td style="display: none;"></td><td style="display: none;"></td><td style="display: none;"></td><td style="display: none;"><a class="recipeLink" href="/recipe_ingredient_search_results.php?query=(_QU5E__1__________68__[]_1_1)">Recipes with oranges</a></td></tr><tr role="row" class="odd"><td tabindex="0"><i class="fas fa-hand-rock"></i></td><td class=" not_printable"><div class="addToGL" data-soscuisine-aisle="16" data-soscuisine-sip="3939177"><i class="fa fa-cart-plus" title="Add to My Grocery List"></i><div></div></div></td><td><img class="storeItemImage" itemprop="image" alt="oranges" src="/media/images/store_item/68.jpg"></td><td>oranges</td><td class="not_printable sorting_1">fruits</td><td><img style="width:50%;" src="/media/images/logos/marchands/63.png" alt="Marché Adonis"></td><td><span itemprop="price">$3.99</span><span itemprop="eligibleQuantity" itemscope="" itemtype="http://schema.org/QuantitativeValue">/<span itemprop="value">10</span></span></td><td>$2.70/kg</td><td style="display: none;">2020-02-26</td><td style="display: none;">USA</td><td style="display: none;"></td><td style="display: none;">size 88</td><td style="display: none;"></td><td style="display: none;"></td><td style="display: none;"></td><td style="display: none;"></td><td style="display: none;"><a class="recipeLink" href="/recipe_ingredient_search_results.php?query=(_QU5E__1__________68__[]_1_1)">Recipes with oranges</a></td></tr><tr role="row" class="even"><td tabindex="0"><i class="fa fa-thumbs-up"></i><i class="fa fa-thumbs-up"></i></td><td class=" not_printable"><div class="addToGL" data-soscuisine-aisle="16" data-soscuisine-sip="3937417"><i class="fa fa-cart-plus" title="Add to My Grocery List"></i><div></div></div></td><td><img class="storeItemImage" itemprop="image" alt="oranges" src="/media/images/store_item/68.jpg"></td><td>oranges</td><td class="not_printable sorting_1">fruits</td><td><img style="width:50%;" src="/media/images/logos/marchands/6.png" alt="Maxi"></td><td><span itemprop="price">$2.00</span><span itemprop="eligibleQuantity" itemscope="" itemtype="http://schema.org/QuantitativeValue">/<span itemprop="unitText">3lb (1,37kg)</span></span></td><td>$1.47/kg</td><td style="display: none;">2020-02-26</td><td style="display: none;">Spain</td><td style="display: none;">house brand</td><td style="display: none;"></td><td style="display: none;">Navel</td><td style="display: none;"></td><td style="display: none;"></td><td style="display: none;"></td><td style="display: none;"><a class="recipeLink" href="/recipe_ingredient_search_results.php?query=(_QU5E__1__________68__[]_1_1)">Recipes with oranges</a></td></tr><tr role="row" class="odd"><td tabindex="0"><i class="fas fa-hand-rock"></i></td><td class=" not_printable"><div class="addToGL" data-soscuisine-aisle="16" data-soscuisine-sip="3937949"><i class="fa fa-cart-plus" title="Add to My Grocery List"></i><div></div></div></td><td><img class="storeItemImage" itemprop="image" alt="oranges" src="/media/images/store_item/68.jpg"></td><td>oranges</td><td class="not_printable sorting_1">fruits</td><td><img style="width:50%;" src="/media/images/logos/marchands/1.png" alt="Metro"></td><td><span itemprop="price">$4.79</span><span itemprop="eligibleQuantity" itemscope="" itemtype="http://schema.org/QuantitativeValue">/<span itemprop="unitText">3lb (1,37kg)</span></span></td><td>$3.52/kg</td><td style="display: none;">2020-02-26</td><td style="display: none;"></td><td style="display: none;"></td><td style="display: none;"></td><td style="display: none;">Cara Cara</td><td style="display: none;"></td><td style="display: none;"></td><td style="display: none;"></td><td style="display: none;"><a class="recipeLink" href="/recipe_ingredient_search_results.php?query=(_QU5E__1__________68__[]_1_1)">Recipes with oranges</a></td></tr><tr role="row" class="even"><td tabindex="0"><i class="fa fa-thumbs-down"></i></td><td class=" not_printable"><div class="addToGL" data-soscuisine-aisle="16" data-soscuisine-sip="3938145"><i class="fa fa-cart-plus" title="Add to My Grocery List"></i><div></div></div></td><td><img class="storeItemImage" itemprop="image" alt="oranges" src="/media/images/store_item/68.jpg"></td><td>oranges</td><td class="not_printable sorting_1">fruits</td><td><img style="width:50%;" src="/media/images/logos/marchands/2.png" alt="Provigo"></td><td><span itemprop="price">$5.99</span><span itemprop="eligibleQuantity" itemscope="" itemtype="http://schema.org/QuantitativeValue">/<span itemprop="unitText">2lb (907g)</span></span></td><td>$6.60/kg</td><td style="display: none;">2020-02-26</td><td style="display: none;">USA</td><td style="display: none;">house brand</td><td style="display: none;"></td><td style="display: none;">blood</td><td style="display: none;"></td><td style="display: none;"></td><td style="display: none;"></td><td style="display: none;"><a class="recipeLink" href="/recipe_ingredient_search_results.php?query=(_QU5E__1__________68__[]_1_1)">Recipes with oranges</a></td></tr><tr role="row" class="odd"><td tabindex="0"><i class="fa fa-thumbs-up"></i></td><td class=" not_printable"><div class="addToGL" data-soscuisine-aisle="16" data-soscuisine-sip="3940597"><i class="fa fa-cart-plus" title="Add to My Grocery List"></i><div></div></div></td><td><img class="storeItemImage" itemprop="image" alt="oranges" src="/media/images/store_item/68.jpg"></td><td>oranges</td><td class="not_printable sorting_1">fruits</td><td><img style="width:50%;" src="/media/images/logos/marchands/11.png" alt="Tradition"></td><td><span itemprop="price">$6.99</span><span itemprop="eligibleQuantity" itemscope="" itemtype="http://schema.org/QuantitativeValue">/<span itemprop="unitText">8lb (3,6kg)</span></span></td><td>$1.92/kg</td><td style="display: none;">2020-02-26</td><td style="display: none;">Spain</td><td style="display: none;"></td><td style="display: none;"></td><td style="display: none;"></td><td style="display: none;"></td><td style="display: none;"></td><td style="display: none;"></td><td style="display: none;"><a class="recipeLink" href="/recipe_ingredient_search_results.php?query=(_QU5E__1__________68__[]_1_1)">Recipes with oranges</a></td></tr><tr role="row" class="even"><td tabindex="0"><i class="fas fa-hand-rock"></i></td><td class=" not_printable"><div class="addToGL" data-soscuisine-aisle="16" data-soscuisine-sip="3940999"><i class="fa fa-cart-plus" title="Add to My Grocery List"></i><div></div></div></td><td><img class="storeItemImage" itemprop="image" alt="oranges" src="/media/images/store_item/68.jpg"></td><td>oranges</td><td class="not_printable sorting_1">fruits</td><td><img style="width:50%;" src="/media/images/logos/marchands/73.png" alt="Walmart"></td><td><span itemprop="price">$1.27</span><span itemprop="eligibleQuantity" itemscope="" itemtype="http://schema.org/QuantitativeValue">/<span itemprop="unitText">lb</span></span></td><td>$2.80/kg</td><td style="display: none;">2020-02-26</td><td style="display: none;">USA</td><td style="display: none;"></td><td style="display: none;"></td><td style="display: none;"></td><td style="display: none;">seedless</td><td style="display: none;"></td><td style="display: none;">supercentres only</td><td style="display: none;"><a class="recipeLink" href="/recipe_ingredient_search_results.php?query=(_QU5E__1__________68__[]_1_1)">Recipes with oranges</a></td></tr><tr role="row" class="odd"><td tabindex="0"><i class="fa fa-thumbs-up"></i><i class="fa fa-thumbs-up"></i></td><td class=" not_printable"><div class="addToGL" data-soscuisine-aisle="16" data-soscuisine-sip="3937401"><i class="fa fa-cart-plus" title="Add to My Grocery List"></i><div></div></div></td><td><img class="storeItemImage" itemprop="image" alt="oranges ORGANIC" src="/media/images/store_item/695.jpg"></td><td>oranges ORGANIC</td><td class="not_printable sorting_1">fruits</td><td><img style="width:50%;" src="/media/images/logos/marchands/95.png" alt="Marchés Tau"></td><td><span itemprop="price">$3.99</span><span itemprop="eligibleQuantity" itemscope="" itemtype="http://schema.org/QuantitativeValue">/<span itemprop="unitText">3lb (1,37kg)</span></span></td><td>$2.93/kg</td><td style="display: none;">2020-03-29</td><td style="display: none;">USA</td><td style="display: none;"></td><td style="display: none;"></td><td style="display: none;">Navel</td><td style="display: none;"></td><td style="display: none;"></td><td style="display: none;"></td><td style="display: none;"><a class="recipeLink" href="/recipe_ingredient_search_results.php?query=(_QU5E__1__________695__[]_1_1)">Recipes with oranges ORGANIC</a></td></tr><tr role="row" class="even"><td tabindex="0"><i class="fas fa-exclamation"></i></td><td class=" not_printable"><div class="addToGL" data-soscuisine-aisle="16" data-soscuisine-sip="3938765"><i class="fa fa-cart-plus" title="Add to My Grocery List"></i><div></div></div></td><td><img class="storeItemImage" alt="papayas, red, jumbo ORGANIC" src="/media/images/store_item/blank.jpg"></td><td>papayas, red, jumbo ORGANIC</td><td class="not_printable sorting_1">fruits</td><td><img style="width:50%;" src="/media/images/logos/marchands/93.png" alt="Rachelle Béry"></td><td><span itemprop="price">$1.99</span><span itemprop="eligibleQuantity" itemscope="" itemtype="http://schema.org/QuantitativeValue">/<span itemprop="unitText">lb</span></span></td><td>$4.39/kg</td><td style="display: none;">2020-03-04</td><td style="display: none;">Mexico</td><td style="display: none;"></td><td style="display: none;"></td><td style="display: none;"></td><td style="display: none;"></td><td style="display: none;"></td><td style="display: none;"></td><td style="display: none;"><a class="recipeLink" href="/recipe_ingredient_search_results.php?query=(_QU5E__1__________1172__[]_1_1)">Recipes with papayas, red, jumbo ORGANIC</a></td></tr><tr role="row" class="odd"><td tabindex="0"><i class="fas fa-hand-rock"></i></td><td class=" not_printable"><div class="addToGL" data-soscuisine-aisle="16" data-soscuisine-sip="3939517"><i class="fa fa-cart-plus" title="Add to My Grocery List"></i><div></div></div></td><td><img class="storeItemImage" itemprop="image" alt="peaches" src="/media/images/store_item/264.jpg"></td><td>peaches</td><td class="not_printable sorting_1">fruits</td><td><img style="width:50%;" src="/media/images/logos/marchands/3.png" alt="IGA"></td><td><span itemprop="price">$2.99</span><span itemprop="eligibleQuantity" itemscope="" itemtype="http://schema.org/QuantitativeValue">/<span itemprop="unitText">lb</span></span></td><td>$6.59/kg</td><td style="display: none;">2020-02-26</td><td style="display: none;">Chile</td><td style="display: none;"></td><td style="display: none;"></td><td style="display: none;"></td><td style="display: none;"></td><td style="display: none;"></td><td style="display: none;"></td><td style="display: none;"><a class="recipeLink" href="/recipe_ingredient_search_results.php?query=(_QU5E__1__________264__[]_1_1)">Recipes with peaches</a></td></tr><tr role="row" class="even"><td tabindex="0"><i class="fas fa-hand-rock"></i></td><td class=" not_printable"><div class="addToGL" data-soscuisine-aisle="16" data-soscuisine-sip="3939833"><i class="fa fa-cart-plus" title="Add to My Grocery List"></i><div></div></div></td><td><img class="storeItemImage" itemprop="image" alt="pears" src="/media/images/store_item/76.jpg"></td><td>pears</td><td class="not_printable sorting_1">fruits</td><td><img style="width:50%;" src="/media/images/logos/marchands/10.png" alt="Bonichoix"></td><td><span itemprop="price">$7.00</span><span itemprop="eligibleQuantity" itemscope="" itemtype="http://schema.org/QuantitativeValue">/<span itemprop="value">2</span>x<span itemprop="unitText">1,13kg</span></span></td><td>$3.10/kg</td><td style="display: none;">2020-02-26</td><td style="display: none;">Portugal</td><td style="display: none;"></td><td style="display: none;"></td><td style="display: none;">Rocha</td><td style="display: none;"></td><td style="display: none;"></td><td style="display: none;"></td><td style="display: none;"><a class="recipeLink" href="/recipe_ingredient_search_results.php?query=(_QU5E__1__________76__[]_1_1)">Recipes with pears</a></td></tr><tr role="row" class="odd"><td tabindex="0"><i class="fas fa-hand-rock"></i></td><td class=" not_printable"><div class="addToGL" data-soscuisine-aisle="16" data-soscuisine-sip="3939345"><i class="fa fa-cart-plus" title="Add to My Grocery List"></i><div></div></div></td><td><img class="storeItemImage" itemprop="image" alt="pears" src="/media/images/store_item/76.jpg"></td><td>pears</td><td class="not_printable sorting_1">fruits</td><td><img style="width:50%;" src="/media/images/logos/marchands/3.png" alt="IGA"></td><td><span itemprop="price">$6.99</span><span itemprop="eligibleQuantity" itemscope="" itemtype="http://schema.org/QuantitativeValue">/<span itemprop="unitText">4.4lb (2kg)</span></span></td><td>$3.49/kg</td><td style="display: none;">2020-02-26</td><td style="display: none;">South Africa</td><td style="display: none;"></td><td style="display: none;"></td><td style="display: none;">Bartlett</td><td style="display: none;"></td><td style="display: none;"></td><td style="display: none;"></td><td style="display: none;"><a class="recipeLink" href="/recipe_ingredient_search_results.php?query=(_QU5E__1__________76__[]_1_1)">Recipes with pears</a></td></tr><tr role="row" class="even"><td tabindex="0"><i class="fas fa-hand-rock"></i></td><td class=" not_printable"><div class="addToGL" data-soscuisine-aisle="16" data-soscuisine-sip="3939497"><i class="fa fa-cart-plus" title="Add to My Grocery List"></i><div></div></div></td><td><img class="storeItemImage" itemprop="image" alt="pears" src="/media/images/store_item/76.jpg"></td><td>pears</td><td class="not_printable sorting_1">fruits</td><td><img style="width:50%;" src="/media/images/logos/marchands/3.png" alt="IGA"></td><td><span itemprop="price">$3.99</span><span itemprop="eligibleQuantity" itemscope="" itemtype="http://schema.org/QuantitativeValue">/<span itemprop="unitText">1,13kg</span></span></td><td>$3.53/kg</td><td style="display: none;">2020-02-26</td><td style="display: none;">Portugal</td><td style="display: none;"></td><td style="display: none;"></td><td style="display: none;"></td><td style="display: none;"></td><td style="display: none;"></td><td style="display: none;"></td><td style="display: none;"><a class="recipeLink" href="/recipe_ingredient_search_results.php?query=(_QU5E__1__________76__[]_1_1)">Recipes with pears</a></td></tr><tr role="row" class="odd"><td tabindex="0"><i class="fa fa-thumbs-down"></i></td><td class=" not_printable"><div class="addToGL" data-soscuisine-aisle="16" data-soscuisine-sip="3939235"><i class="fa fa-cart-plus" title="Add to My Grocery List"></i><div></div></div></td><td><img class="storeItemImage" itemprop="image" alt="pears" src="/media/images/store_item/76.jpg"></td><td>pears</td><td class="not_printable sorting_1">fruits</td><td><img style="width:50%;" src="/media/images/logos/marchands/3.png" alt="IGA"></td><td><span itemprop="price">$1.99</span><span itemprop="eligibleQuantity" itemscope="" itemtype="http://schema.org/QuantitativeValue">/<span itemprop="unitText">lb</span></span></td><td>$4.39/kg</td><td style="display: none;">2020-02-26</td><td style="display: none;">South Africa</td><td style="display: none;"></td><td style="display: none;"></td><td style="display: none;">Bartlett</td><td style="display: none;"></td><td style="display: none;"></td><td style="display: none;"></td><td style="display: none;"><a class="recipeLink" href="/recipe_ingredient_search_results.php?query=(_QU5E__1__________76__[]_1_1)">Recipes with pears</a></td></tr><tr role="row" class="even"><td tabindex="0"><i class="fas fa-hand-rock"></i></td><td class=" not_printable"><div class="addToGL" data-soscuisine-aisle="16" data-soscuisine-sip="3938643"><i class="fa fa-cart-plus" title="Add to My Grocery List"></i><div></div></div></td><td><img class="storeItemImage" itemprop="image" alt="pears" src="/media/images/store_item/76.jpg"></td><td>pears</td><td class="not_printable sorting_1">fruits</td><td><img style="width:50%;" src="/media/images/logos/marchands/69.png" alt="Intermarche (Provincial)"></td><td><span itemprop="price">$1.79</span><span itemprop="eligibleQuantity" itemscope="" itemtype="http://schema.org/QuantitativeValue">/<span itemprop="unitText">lb</span></span></td><td>$3.95/kg</td><td style="display: none;">2020-02-26</td><td style="display: none;">USA</td><td style="display: none;"></td><td style="display: none;"></td><td style="display: none;">Bosc</td><td style="display: none;"></td><td style="display: none;"></td><td style="display: none;"></td><td style="display: none;"><a class="recipeLink" href="/recipe_ingredient_search_results.php?query=(_QU5E__1__________76__[]_1_1)">Recipes with pears</a></td></tr><tr role="row" class="odd"><td tabindex="0"><i class="fas fa-hand-rock"></i></td><td class=" not_printable"><div class="addToGL" data-soscuisine-aisle="16" data-soscuisine-sip="3938507"><i class="fa fa-cart-plus" title="Add to My Grocery List"></i><div></div></div></td><td><img class="storeItemImage" itemprop="image" alt="pears" src="/media/images/store_item/76.jpg"></td><td>pears</td><td class="not_printable sorting_1">fruits</td><td><img style="width:50%;" src="/media/images/logos/marchands/7.png" alt="Intermarché (Saveurs intl.)"></td><td><span itemprop="price">$1.00</span><span itemprop="eligibleQuantity" itemscope="" itemtype="http://schema.org/QuantitativeValue">/<span itemprop="unitText">lb</span></span></td><td>$2.20/kg</td><td style="display: none;">2020-02-26</td><td style="display: none;">USA</td><td style="display: none;"></td><td style="display: none;"></td><td style="display: none;">Bosc</td><td style="display: none;"></td><td style="display: none;"></td><td style="display: none;"></td><td style="display: none;"><a class="recipeLink" href="/recipe_ingredient_search_results.php?query=(_QU5E__1__________76__[]_1_1)">Recipes with pears</a></td></tr><tr role="row" class="even"><td tabindex="0"><i class="fa fa-thumbs-up"></i><i class="fa fa-thumbs-up"></i></td><td class=" not_printable"><div class="addToGL" data-soscuisine-aisle="16" data-soscuisine-sip="3942019"><i class="fa fa-cart-plus" title="Add to My Grocery List"></i><div></div></div></td><td><img class="storeItemImage" itemprop="image" alt="pears" src="/media/images/store_item/76.jpg"></td><td>pears</td><td class="not_printable sorting_1">fruits</td><td><img style="width:50%;" src="/media/images/logos/marchands/13.png" alt="Jardin Mobile"></td><td><span itemprop="price">$0.99</span><span itemprop="eligibleQuantity" itemscope="" itemtype="http://schema.org/QuantitativeValue">/<span itemprop="unitText">lb</span></span></td><td>$2.18/kg</td><td style="display: none;">2020-02-26</td><td style="display: none;">South Africa</td><td style="display: none;"></td><td style="display: none;"></td><td style="display: none;">Bartlett</td><td style="display: none;"></td><td style="display: none;"></td><td style="display: none;"></td><td style="display: none;"><a class="recipeLink" href="/recipe_ingredient_search_results.php?query=(_QU5E__1__________76__[]_1_1)">Recipes with pears</a></td></tr><tr role="row" class="odd"><td tabindex="0"><i class="fa fa-thumbs-up"></i><i class="fa fa-thumbs-up"></i></td><td class=" not_printable"><div class="addToGL" data-soscuisine-aisle="16" data-soscuisine-sip="3939079"><i class="fa fa-cart-plus" title="Add to My Grocery List"></i><div></div></div></td><td><img class="storeItemImage" itemprop="image" alt="pears" src="/media/images/store_item/76.jpg"></td><td>pears</td><td class="not_printable sorting_1">fruits</td><td><img style="width:50%;" src="/media/images/logos/marchands/63.png" alt="Marché Adonis"></td><td><span itemprop="price">$0.99</span><span itemprop="eligibleQuantity" itemscope="" itemtype="http://schema.org/QuantitativeValue">/<span itemprop="unitText">lb</span></span></td><td>$2.18/kg</td><td style="display: none;">2020-02-26</td><td style="display: none;">Portugal</td><td style="display: none;"></td><td style="display: none;"></td><td style="display: none;">Rocha</td><td style="display: none;"></td><td style="display: none;"></td><td style="display: none;">or red, USA</td><td style="display: none;"><a class="recipeLink" href="/recipe_ingredient_search_results.php?query=(_QU5E__1__________76__[]_1_1)">Recipes with pears</a></td></tr><tr role="row" class="even"><td tabindex="0"><i class="fa fa-thumbs-down"></i></td><td class=" not_printable"><div class="addToGL" data-soscuisine-aisle="16" data-soscuisine-sip="3940913"><i class="fa fa-cart-plus" title="Add to My Grocery List"></i><div></div></div></td><td><img class="storeItemImage" itemprop="image" alt="pears" src="/media/images/store_item/76.jpg"></td><td>pears</td><td class="not_printable sorting_1">fruits</td><td><img style="width:50%;" src="/media/images/logos/marchands/12.png" alt="Richelieu"></td><td><span itemprop="price">$1.99</span><span itemprop="eligibleQuantity" itemscope="" itemtype="http://schema.org/QuantitativeValue">/<span itemprop="unitText">lb</span></span></td><td>$4.39/kg</td><td style="display: none;">2020-02-26</td><td style="display: none;">Washington</td><td style="display: none;"></td><td style="display: none;">size 100-110</td><td style="display: none;">Anjou</td><td style="display: none;"></td><td style="display: none;"></td><td style="display: none;">crimson red</td><td style="display: none;"><a class="recipeLink" href="/recipe_ingredient_search_results.php?query=(_QU5E__1__________76__[]_1_1)">Recipes with pears</a></td></tr><tr role="row" class="odd"><td tabindex="0"><i class="fas fa-hand-rock"></i></td><td class=" not_printable"><div class="addToGL" data-soscuisine-aisle="16" data-soscuisine-sip="3939269"><i class="fa fa-cart-plus" title="Add to My Grocery List"></i><div></div></div></td><td><img class="storeItemImage" itemprop="image" alt="pineapples" src="/media/images/store_item/62.jpg"></td><td>pineapples</td><td class="not_printable sorting_1">fruits</td><td><img style="width:50%;" src="/media/images/logos/marchands/3.png" alt="IGA"></td><td><span itemprop="price">$3.99</span><span itemprop="eligibleQuantity" itemscope="" itemtype="http://schema.org/QuantitativeValue"> ea.</span></td><td>$2.35/kg</td><td style="display: none;">2020-02-26</td><td style="display: none;">Central Am.</td><td style="display: none;"></td><td style="display: none;">size 6</td><td style="display: none;">Gold</td><td style="display: none;"></td><td style="display: none;"></td><td style="display: none;"></td><td style="display: none;"><a class="recipeLink" href="/recipe_ingredient_search_results.php?query=(_QU5E__1__________62__[]_1_1)">Recipes with pineapples</a></td></tr><tr role="row" class="even"><td tabindex="0"><i class="fas fa-hand-rock"></i></td><td class=" not_printable"><div class="addToGL" data-soscuisine-aisle="16" data-soscuisine-sip="3938489"><i class="fa fa-cart-plus" title="Add to My Grocery List"></i><div></div></div></td><td><img class="storeItemImage" itemprop="image" alt="pineapples" src="/media/images/store_item/62.jpg"></td><td>pineapples</td><td class="not_printable sorting_1">fruits</td><td><img style="width:50%;" src="/media/images/logos/marchands/7.png" alt="Intermarché (Saveurs intl.)"></td><td><span itemprop="price">$2.50</span><span itemprop="eligibleQuantity" itemscope="" itemtype="http://schema.org/QuantitativeValue"> ea.</span></td><td>$1.92/kg</td><td style="display: none;">2020-02-26</td><td style="display: none;">Costa Rica</td><td style="display: none;"></td><td style="display: none;">size 8</td><td style="display: none;">Gold</td><td style="display: none;"></td><td style="display: none;"></td><td style="display: none;"></td><td style="display: none;"><a class="recipeLink" href="/recipe_ingredient_search_results.php?query=(_QU5E__1__________62__[]_1_1)">Recipes with pineapples</a></td></tr><tr role="row" class="odd"><td tabindex="0"><i class="fas fa-circle"></i></td><td class=" not_printable"><div class="addToGL" data-soscuisine-aisle="16" data-soscuisine-sip="3937443"><i class="fa fa-cart-plus" title="Add to My Grocery List"></i><div></div></div></td><td><img class="storeItemImage" itemprop="image" alt="pineapples" src="/media/images/store_item/62.jpg"></td><td>pineapples</td><td class="not_printable sorting_1">fruits</td><td><img style="width:50%;" src="/media/images/logos/marchands/6.png" alt="Maxi"></td><td><span itemprop="price">$2.00</span><span itemprop="eligibleQuantity" itemscope="" itemtype="http://schema.org/QuantitativeValue"> ea.</span></td><td>N/A</td><td style="display: none;">2020-02-26</td><td style="display: none;">Costa Rica</td><td style="display: none;"></td><td style="display: none;">size N/A</td><td style="display: none;"></td><td style="display: none;"></td><td style="display: none;"></td><td style="display: none;"></td><td style="display: none;"><a class="recipeLink" href="/recipe_ingredient_search_results.php?query=(_QU5E__1__________62__[]_1_1)">Recipes with pineapples</a></td></tr><tr role="row" class="even"><td tabindex="0"><i class="fa fa-thumbs-up"></i><i class="fa fa-thumbs-up"></i></td><td class=" not_printable"><div class="addToGL" data-soscuisine-aisle="16" data-soscuisine-sip="3940385"><i class="fa fa-cart-plus" title="Add to My Grocery List"></i><div></div></div></td><td><img class="storeItemImage" itemprop="image" alt="pineapples" src="/media/images/store_item/62.jpg"></td><td>pineapples</td><td class="not_printable sorting_1">fruits</td><td><img style="width:50%;" src="/media/images/logos/marchands/5.png" alt="Super C"></td><td><span itemprop="price">$1.74</span><span itemprop="eligibleQuantity" itemscope="" itemtype="http://schema.org/QuantitativeValue"> ea.</span></td><td>$1.34/kg</td><td style="display: none;">2020-02-26</td><td style="display: none;"></td><td style="display: none;"></td><td style="display: none;">size 8</td><td style="display: none;">Gold</td><td style="display: none;"></td><td style="display: none;"></td><td style="display: none;"></td><td style="display: none;"><a class="recipeLink" href="/recipe_ingredient_search_results.php?query=(_QU5E__1__________62__[]_1_1)">Recipes with pineapples</a></td></tr><tr role="row" class="odd"><td tabindex="0"><i class="fas fa-hand-rock"></i></td><td class=" not_printable"><div class="addToGL" data-soscuisine-aisle="16" data-soscuisine-sip="3940565"><i class="fa fa-cart-plus" title="Add to My Grocery List"></i><div></div></div></td><td><img class="storeItemImage" itemprop="image" alt="pineapples" src="/media/images/store_item/62.jpg"></td><td>pineapples</td><td class="not_printable sorting_1">fruits</td><td><img style="width:50%;" src="/media/images/logos/marchands/11.png" alt="Tradition"></td><td><span itemprop="price">$3.99</span><span itemprop="eligibleQuantity" itemscope="" itemtype="http://schema.org/QuantitativeValue"> ea.</span></td><td>$2.35/kg</td><td style="display: none;">2020-02-26</td><td style="display: none;">Central Am.</td><td style="display: none;"></td><td style="display: none;">size 6</td><td style="display: none;">Gold</td><td style="display: none;"></td><td style="display: none;"></td><td style="display: none;"></td><td style="display: none;"><a class="recipeLink" href="/recipe_ingredient_search_results.php?query=(_QU5E__1__________62__[]_1_1)">Recipes with pineapples</a></td></tr><tr role="row" class="even"><td tabindex="0"><i class="fas fa-exclamation"></i></td><td class=" not_printable"><div class="addToGL" data-soscuisine-aisle="16" data-soscuisine-sip="3939275"><i class="fa fa-cart-plus" title="Add to My Grocery List"></i><div></div></div></td><td><img class="storeItemImage" itemprop="image" alt="pineapples ORGANIC" src="/media/images/store_item/855.jpg"></td><td>pineapples ORGANIC</td><td class="not_printable sorting_1">fruits</td><td><img style="width:50%;" src="/media/images/logos/marchands/3.png" alt="IGA"></td><td><span itemprop="price">$5.99</span><span itemprop="eligibleQuantity" itemscope="" itemtype="http://schema.org/QuantitativeValue"> ea.</span></td><td>$3.92/kg</td><td style="display: none;">2020-02-26</td><td style="display: none;">Central Am.</td><td style="display: none;"></td><td style="display: none;">size 6-8</td><td style="display: none;"></td><td style="display: none;"></td><td style="display: none;"></td><td style="display: none;"></td><td style="display: none;"><a class="recipeLink" href="/recipe_ingredient_search_results.php?query=(_QU5E__1__________855__[]_1_1)">Recipes with pineapples ORGANIC</a></td></tr><tr role="row" class="odd"><td tabindex="0"><i class="fas fa-exclamation"></i></td><td class=" not_printable"><div class="addToGL" data-soscuisine-aisle="16" data-soscuisine-sip="3938193"><i class="fa fa-cart-plus" title="Add to My Grocery List"></i><div></div></div></td><td><img class="storeItemImage" itemprop="image" alt="plumcots/pluots" src="/media/images/store_item/862.jpg"></td><td>plumcots/pluots</td><td class="not_printable sorting_1">fruits</td><td><img style="width:50%;" src="/media/images/logos/marchands/2.png" alt="Provigo"></td><td><span itemprop="price">$3.99</span><span itemprop="eligibleQuantity" itemscope="" itemtype="http://schema.org/QuantitativeValue">/<span itemprop="unitText">lb</span></span></td><td>$8.80/kg</td><td style="display: none;">2020-02-26</td><td style="display: none;">Chile</td><td style="display: none;"></td><td style="display: none;"></td><td style="display: none;"></td><td style="display: none;"></td><td style="display: none;"></td><td style="display: none;"></td><td style="display: none;"><a class="recipeLink" href="/recipe_ingredient_search_results.php?query=(_QU5E__1__________862__[]_1_1)">Recipes with plumcots/pluots</a></td></tr><tr role="row" class="even"><td tabindex="0"><i class="fa fa-thumbs-down"></i></td><td class=" not_printable"><div class="addToGL" data-soscuisine-aisle="16" data-soscuisine-sip="3939519"><i class="fa fa-cart-plus" title="Add to My Grocery List"></i><div></div></div></td><td><img class="storeItemImage" itemprop="image" alt="plums, red or black" src="/media/images/store_item/79.jpg"></td><td>plums, red or black</td><td class="not_printable sorting_1">fruits</td><td><img style="width:50%;" src="/media/images/logos/marchands/3.png" alt="IGA"></td><td><span itemprop="price">$2.99</span><span itemprop="eligibleQuantity" itemscope="" itemtype="http://schema.org/QuantitativeValue">/<span itemprop="unitText">lb</span></span></td><td>$6.59/kg</td><td style="display: none;">2020-02-26</td><td style="display: none;">Chile</td><td style="display: none;"></td><td style="display: none;"></td><td style="display: none;"></td><td style="display: none;"></td><td style="display: none;"></td><td style="display: none;"></td><td style="display: none;"><a class="recipeLink" href="/recipe_ingredient_search_results.php?query=(_QU5E__1__________79__[]_1_1)">Recipes with plums, red or black</a></td></tr><tr role="row" class="odd"><td tabindex="0"><i class="fas fa-circle"></i></td><td class=" not_printable"><div class="addToGL" data-soscuisine-aisle="16" data-soscuisine-sip="3940595"><i class="fa fa-cart-plus" title="Add to My Grocery List"></i><div></div></div></td><td><img class="storeItemImage" itemprop="image" alt="pomelos" src="/media/images/store_item/917.jpg"></td><td>pomelos</td><td class="not_printable sorting_1">fruits</td><td><img style="width:50%;" src="/media/images/logos/marchands/11.png" alt="Tradition"></td><td><span itemprop="price">$6.00</span><span itemprop="eligibleQuantity" itemscope="" itemtype="http://schema.org/QuantitativeValue">/<span itemprop="value">2</span></span></td><td>N/A</td><td style="display: none;">2020-02-26</td><td style="display: none;">China</td><td style="display: none;"></td><td style="display: none;">size N/A</td><td style="display: none;"></td><td style="display: none;"></td><td style="display: none;"></td><td style="display: none;">honey</td><td style="display: none;"><a class="recipeLink" href="/recipe_ingredient_search_results.php?query=(_QU5E__1__________917__[]_1_1)">Recipes with pomelos</a></td></tr><tr role="row" class="even"><td tabindex="0"><i class="fa fa-thumbs-down"></i></td><td class=" not_printable"><div class="addToGL" data-soscuisine-aisle="16" data-soscuisine-sip="3939827"><i class="fa fa-cart-plus" title="Add to My Grocery List"></i><div></div></div></td><td><img class="storeItemImage" itemprop="image" alt="raspberries" src="/media/images/store_item/84.jpg"></td><td>raspberries</td><td class="not_printable sorting_1">fruits</td><td><img style="width:50%;" src="/media/images/logos/marchands/10.png" alt="Bonichoix"></td><td><span itemprop="price">$3.99</span><span itemprop="eligibleQuantity" itemscope="" itemtype="http://schema.org/QuantitativeValue">/<span itemprop="unitText">170g</span></span></td><td>$23.47/kg</td><td style="display: none;">2020-02-26</td><td style="display: none;">Mexico</td><td style="display: none;"></td><td style="display: none;"></td><td style="display: none;"></td><td style="display: none;"></td><td style="display: none;"></td><td style="display: none;"></td><td style="display: none;"><a class="recipeLink" href="/recipe_ingredient_search_results.php?query=(_QU5E__1__________84__[]_1_1)">Recipes with raspberries</a></td></tr><tr role="row" class="odd"><td tabindex="0"><i class="fas fa-hand-rock"></i></td><td class=" not_printable"><div class="addToGL" data-soscuisine-aisle="16" data-soscuisine-sip="3937993"><i class="fa fa-cart-plus" title="Add to My Grocery List"></i><div></div></div></td><td><img class="storeItemImage" itemprop="image" alt="raspberries" src="/media/images/store_item/84.jpg"></td><td>raspberries</td><td class="not_printable sorting_1">fruits</td><td><img style="width:50%;" src="/media/images/logos/marchands/2.png" alt="Provigo"></td><td><span itemprop="price">$2.49</span><span itemprop="eligibleQuantity" itemscope="" itemtype="http://schema.org/QuantitativeValue">/<span itemprop="unitText">170g</span></span></td><td>$14.65/kg</td><td style="display: none;">2020-02-26</td><td style="display: none;">USA</td><td style="display: none;"></td><td style="display: none;"></td><td style="display: none;"></td><td style="display: none;"></td><td style="display: none;"></td><td style="display: none;">or Mexico</td><td style="display: none;"><a class="recipeLink" href="/recipe_ingredient_search_results.php?query=(_QU5E__1__________84__[]_1_1)">Recipes with raspberries</a></td></tr><tr role="row" class="even"><td tabindex="0"><i class="fa fa-thumbs-up"></i><i class="fa fa-thumbs-up"></i></td><td class=" not_printable"><div class="addToGL" data-soscuisine-aisle="16" data-soscuisine-sip="3938949"><i class="fa fa-cart-plus" title="Add to My Grocery List"></i><div></div></div></td><td><img class="storeItemImage" itemprop="image" alt="strawberries" src="/media/images/store_item/83.jpg"></td><td>strawberries</td><td class="not_printable sorting_1">fruits</td><td><img style="width:50%;" src="/media/images/logos/marchands/3.png" alt="IGA"></td><td><span itemprop="price">$4.00</span><span itemprop="eligibleQuantity" itemscope="" itemtype="http://schema.org/QuantitativeValue">/<span itemprop="value">2</span>x<span itemprop="unitText">454g (1lb)</span></span></td><td>$4.41/kg</td><td style="display: none;">2020-02-26</td><td style="display: none;">USA</td><td style="display: none;"></td><td style="display: none;"></td><td style="display: none;"></td><td style="display: none;"></td><td style="display: none;"></td><td style="display: none;">or Mexico</td><td style="display: none;"><a class="recipeLink" href="/recipe_ingredient_search_results.php?query=(_QU5E__1__________83__[]_1_1)">Recipes with strawberries</a></td></tr><tr role="row" class="odd"><td tabindex="0"><i class="fa fa-thumbs-up"></i></td><td class=" not_printable"><div class="addToGL" data-soscuisine-aisle="16" data-soscuisine-sip="3938049"><i class="fa fa-cart-plus" title="Add to My Grocery List"></i><div></div></div></td><td><img class="storeItemImage" itemprop="image" alt="strawberries" src="/media/images/store_item/83.jpg"></td><td>strawberries</td><td class="not_printable sorting_1">fruits</td><td><img style="width:50%;" src="/media/images/logos/marchands/7.png" alt="Intermarché (Saveurs intl.)"></td><td><span itemprop="price">$2.50</span><span itemprop="eligibleQuantity" itemscope="" itemtype="http://schema.org/QuantitativeValue">/<span itemprop="unitText">454g (1lb)</span></span></td><td>$5.51/kg</td><td style="display: none;">2020-02-26</td><td style="display: none;">USA</td><td style="display: none;"></td><td style="display: none;"></td><td style="display: none;"></td><td style="display: none;"></td><td style="display: none;"></td><td style="display: none;"></td><td style="display: none;"><a class="recipeLink" href="/recipe_ingredient_search_results.php?query=(_QU5E__1__________83__[]_1_1)">Recipes with strawberries</a></td></tr><tr role="row" class="even"><td tabindex="0"><i class="fa fa-thumbs-up"></i></td><td class=" not_printable"><div class="addToGL" data-soscuisine-aisle="16" data-soscuisine-sip="3942021"><i class="fa fa-cart-plus" title="Add to My Grocery List"></i><div></div></div></td><td><img class="storeItemImage" itemprop="image" alt="strawberries" src="/media/images/store_item/83.jpg"></td><td>strawberries</td><td class="not_printable sorting_1">fruits</td><td><img style="width:50%;" src="/media/images/logos/marchands/13.png" alt="Jardin Mobile"></td><td><span itemprop="price">$5.00</span><span itemprop="eligibleQuantity" itemscope="" itemtype="http://schema.org/QuantitativeValue">/<span itemprop="value">2</span>x<span itemprop="unitText">454g (1lb)</span></span></td><td>$5.51/kg</td><td style="display: none;">2020-02-26</td><td style="display: none;">USA</td><td style="display: none;"></td><td style="display: none;"></td><td style="display: none;"></td><td style="display: none;"></td><td style="display: none;"></td><td style="display: none;"></td><td style="display: none;"><a class="recipeLink" href="/recipe_ingredient_search_results.php?query=(_QU5E__1__________83__[]_1_1)">Recipes with strawberries</a></td></tr><tr role="row" class="odd"><td tabindex="0"><i class="fa fa-thumbs-up"></i><i class="fa fa-thumbs-up"></i></td><td class=" not_printable"><div class="addToGL" data-soscuisine-aisle="16" data-soscuisine-sip="3937581"><i class="fa fa-cart-plus" title="Add to My Grocery List"></i><div></div></div></td><td><img class="storeItemImage" itemprop="image" alt="strawberries" src="/media/images/store_item/83.jpg"></td><td>strawberries</td><td class="not_printable sorting_1">fruits</td><td><img style="width:50%;" src="/media/images/logos/marchands/1.png" alt="Metro"></td><td><span itemprop="price">$4.00</span><span itemprop="eligibleQuantity" itemscope="" itemtype="http://schema.org/QuantitativeValue">/<span itemprop="value">2</span>x<span itemprop="unitText">454g (1lb)</span></span></td><td>$4.41/kg</td><td style="display: none;">2020-02-26</td><td style="display: none;">USA</td><td style="display: none;"></td><td style="display: none;"></td><td style="display: none;"></td><td style="display: none;">No.1 grade</td><td style="display: none;"></td><td style="display: none;">or Mexico</td><td style="display: none;"><a class="recipeLink" href="/recipe_ingredient_search_results.php?query=(_QU5E__1__________83__[]_1_1)">Recipes with strawberries</a></td></tr><tr role="row" class="even"><td tabindex="0"><i class="fas fa-circle"></i></td><td class=" not_printable"><div class="addToGL" data-soscuisine-aisle="16" data-soscuisine-sip="3938865"><i class="fa fa-cart-plus" title="Add to My Grocery List"></i><div></div></div></td><td><img class="storeItemImage" itemprop="image" alt="strawberries" src="/media/images/store_item/83.jpg"></td><td>strawberries</td><td class="not_printable sorting_1">fruits</td><td><img style="width:50%;" src="/media/images/logos/marchands/64.png" alt="Mourelatos"></td><td><span itemprop="price">$1.97</span><span itemprop="eligibleQuantity" itemscope="" itemtype="http://schema.org/QuantitativeValue">/<span itemprop="unitText">pack</span></span></td><td>N/A</td><td style="display: none;">2020-02-25</td><td style="display: none;"></td><td style="display: none;"></td><td style="display: none;">standard</td><td style="display: none;"></td><td style="display: none;"></td><td style="display: none;"></td><td style="display: none;"></td><td style="display: none;"><a class="recipeLink" href="/recipe_ingredient_search_results.php?query=(_QU5E__1__________83__[]_1_1)">Recipes with strawberries</a></td></tr><tr role="row" class="odd"><td tabindex="0"><i class="fa fa-thumbs-up"></i><i class="fa fa-thumbs-up"></i></td><td class=" not_printable"><div class="addToGL" data-soscuisine-aisle="16" data-soscuisine-sip="3940853"><i class="fa fa-cart-plus" title="Add to My Grocery List"></i><div></div></div></td><td><img class="storeItemImage" itemprop="image" alt="strawberries" src="/media/images/store_item/83.jpg"></td><td>strawberries</td><td class="not_printable sorting_1">fruits</td><td><img style="width:50%;" src="/media/images/logos/marchands/12.png" alt="Richelieu"></td><td><span itemprop="price">$4.00</span><span itemprop="eligibleQuantity" itemscope="" itemtype="http://schema.org/QuantitativeValue">/<span itemprop="value">2</span>x<span itemprop="unitText">454g (1lb)</span></span></td><td>$4.41/kg</td><td style="display: none;">2020-02-26</td><td style="display: none;">USA</td><td style="display: none;"></td><td style="display: none;"></td><td style="display: none;"></td><td style="display: none;">No.1 grade</td><td style="display: none;"></td><td style="display: none;"></td><td style="display: none;"><a class="recipeLink" href="/recipe_ingredient_search_results.php?query=(_QU5E__1__________83__[]_1_1)">Recipes with strawberries</a></td></tr><tr role="row" class="even"><td tabindex="0"><i class="fas fa-hand-rock"></i></td><td class=" not_printable"><div class="addToGL" data-soscuisine-aisle="16" data-soscuisine-sip="3940467"><i class="fa fa-cart-plus" title="Add to My Grocery List"></i><div></div></div></td><td><img class="storeItemImage" itemprop="image" alt="strawberries" src="/media/images/store_item/83.jpg"></td><td>strawberries</td><td class="not_printable sorting_1">fruits</td><td><img style="width:50%;" src="/media/images/logos/marchands/5.png" alt="Super C"></td><td><span itemprop="price">$2.99</span><span itemprop="eligibleQuantity" itemscope="" itemtype="http://schema.org/QuantitativeValue">/<span itemprop="unitText">454g (1lb)</span></span></td><td>$6.59/kg</td><td style="display: none;">2020-02-26</td><td style="display: none;">USA</td><td style="display: none;"></td><td style="display: none;"></td><td style="display: none;"></td><td style="display: none;"></td><td style="display: none;"></td><td style="display: none;">or Mexico</td><td style="display: none;"><a class="recipeLink" href="/recipe_ingredient_search_results.php?query=(_QU5E__1__________83__[]_1_1)">Recipes with strawberries</a></td></tr><tr role="row" class="odd"><td tabindex="0"><i class="fas fa-circle"></i></td><td class=" not_printable"><div class="addToGL" data-soscuisine-aisle="16" data-soscuisine-sip="3935899"><i class="fa fa-cart-plus" title="Add to My Grocery List"></i><div></div></div></td><td><img class="storeItemImage" itemprop="image" alt="strawberries" src="/media/images/store_item/83.jpg"></td><td>strawberries</td><td class="not_printable sorting_1">fruits</td><td><img style="width:50%;" src="/media/images/logos/marchands/62.png" alt="Supermarché PA"></td><td><span itemprop="price">$5.00</span><span itemprop="eligibleQuantity" itemscope="" itemtype="http://schema.org/QuantitativeValue">/<span itemprop="value">2</span>x <span itemprop="unitText">pack</span></span>s</td><td>N/A</td><td style="display: none;">2020-02-23</td><td style="display: none;"></td><td style="display: none;"></td><td style="display: none;">standard</td><td style="display: none;"></td><td style="display: none;"></td><td style="display: none;"></td><td style="display: none;"></td><td style="display: none;"><a class="recipeLink" href="/recipe_ingredient_search_results.php?query=(_QU5E__1__________83__[]_1_1)">Recipes with strawberries</a></td></tr><tr role="row" class="even"><td tabindex="0"><i class="fas fa-hand-rock"></i></td><td class=" not_printable"><div class="addToGL" data-soscuisine-aisle="16" data-soscuisine-sip="3940569"><i class="fa fa-cart-plus" title="Add to My Grocery List"></i><div></div></div></td><td><img class="storeItemImage" itemprop="image" alt="strawberries" src="/media/images/store_item/83.jpg"></td><td>strawberries</td><td class="not_printable sorting_1">fruits</td><td><img style="width:50%;" src="/media/images/logos/marchands/11.png" alt="Tradition"></td><td><span itemprop="price">$3.99</span><span itemprop="eligibleQuantity" itemscope="" itemtype="http://schema.org/QuantitativeValue">/<span itemprop="unitText">454g (1lb)</span></span></td><td>$8.80/kg</td><td style="display: none;">2020-02-26</td><td style="display: none;">USA</td><td style="display: none;"></td><td style="display: none;"></td><td style="display: none;"></td><td style="display: none;"></td><td style="display: none;"></td><td style="display: none;">or Mexico</td><td style="display: none;"><a class="recipeLink" href="/recipe_ingredient_search_results.php?query=(_QU5E__1__________83__[]_1_1)">Recipes with strawberries</a></td></tr><tr role="row" class="odd"><td tabindex="0"><i class="fas fa-hand-rock"></i></td><td class=" not_printable"><div class="addToGL" data-soscuisine-aisle="16" data-soscuisine-sip="3938767"><i class="fa fa-cart-plus" title="Add to My Grocery List"></i><div></div></div></td><td><img class="storeItemImage" itemprop="image" alt="strawberries ORGANIC" src="/media/images/store_item/716.jpg"></td><td>strawberries ORGANIC</td><td class="not_printable sorting_1">fruits</td><td><img style="width:50%;" src="/media/images/logos/marchands/93.png" alt="Rachelle Béry"></td><td><span itemprop="price">$4.99</span><span itemprop="eligibleQuantity" itemscope="" itemtype="http://schema.org/QuantitativeValue">/<span itemprop="unitText">454g (1lb)</span></span></td><td>$11.00/kg</td><td style="display: none;">2020-03-04</td><td style="display: none;">USA</td><td style="display: none;"></td><td style="display: none;"></td><td style="display: none;"></td><td style="display: none;"></td><td style="display: none;"></td><td style="display: none;"></td><td style="display: none;"><a class="recipeLink" href="/recipe_ingredient_search_results.php?query=(_QU5E__1__________716__[]_1_1)">Recipes with strawberries ORGANIC</a></td></tr><tr role="row" class="even"><td tabindex="0"><i class="fas fa-hand-rock"></i></td><td class=" not_printable"><div class="addToGL" data-soscuisine-aisle="16" data-soscuisine-sip="3939815"><i class="fa fa-cart-plus" title="Add to My Grocery List"></i><div></div></div></td><td><img class="storeItemImage" itemprop="image" alt="tangerines/mandarines" src="/media/images/store_item/71.jpg"></td><td>tangerines/mandarines</td><td class="not_printable sorting_1">fruits</td><td><img style="width:50%;" src="/media/images/logos/marchands/10.png" alt="Bonichoix"></td><td><span itemprop="price">$4.99</span><span itemprop="eligibleQuantity" itemscope="" itemtype="http://schema.org/QuantitativeValue">/<span itemprop="unitText">2lb (907g)</span></span></td><td>$5.50/kg</td><td style="display: none;">2020-02-26</td><td style="display: none;">USA</td><td style="display: none;">Halos</td><td style="display: none;"></td><td style="display: none;"></td><td style="display: none;"></td><td style="display: none;"></td><td style="display: none;"></td><td style="display: none;"><a class="recipeLink" href="/recipe_ingredient_search_results.php?query=(_QU5E__1__________71__[]_1_1)">Recipes with tangerines/mandarines</a></td></tr><tr role="row" class="odd"><td tabindex="0"><i class="fas fa-hand-rock"></i></td><td class=" not_printable"><div class="addToGL" data-soscuisine-aisle="16" data-soscuisine-sip="3939279"><i class="fa fa-cart-plus" title="Add to My Grocery List"></i><div></div></div></td><td><img class="storeItemImage" itemprop="image" alt="tangerines/mandarines" src="/media/images/store_item/71.jpg"></td><td>tangerines/mandarines</td><td class="not_printable sorting_1">fruits</td><td><img style="width:50%;" src="/media/images/logos/marchands/3.png" alt="IGA"></td><td><span itemprop="price">$4.99</span><span itemprop="eligibleQuantity" itemscope="" itemtype="http://schema.org/QuantitativeValue">/<span itemprop="unitText">2lb (907g)</span></span></td><td>$5.50/kg</td><td style="display: none;">2020-02-26</td><td style="display: none;">USA</td><td style="display: none;">Halos</td><td style="display: none;"></td><td style="display: none;"></td><td style="display: none;"></td><td style="display: none;"></td><td style="display: none;"></td><td style="display: none;"><a class="recipeLink" href="/recipe_ingredient_search_results.php?query=(_QU5E__1__________71__[]_1_1)">Recipes with tangerines/mandarines</a></td></tr><tr role="row" class="even"><td tabindex="0"><i class="fa fa-thumbs-down"></i></td><td class=" not_printable"><div class="addToGL" data-soscuisine-aisle="16" data-soscuisine-sip="3938147"><i class="fa fa-cart-plus" title="Add to My Grocery List"></i><div></div></div></td><td><img class="storeItemImage" itemprop="image" alt="tangerines/mandarines" src="/media/images/store_item/71.jpg"></td><td>tangerines/mandarines</td><td class="not_printable sorting_1">fruits</td><td><img style="width:50%;" src="/media/images/logos/marchands/2.png" alt="Provigo"></td><td><span itemprop="price">$5.99</span><span itemprop="eligibleQuantity" itemscope="" itemtype="http://schema.org/QuantitativeValue">/<span itemprop="unitText">2lb (907g)</span></span></td><td>$6.60/kg</td><td style="display: none;">2020-02-26</td><td style="display: none;">Israel</td><td style="display: none;">house brand</td><td style="display: none;"></td><td style="display: none;">Orri</td><td style="display: none;"></td><td style="display: none;"></td><td style="display: none;"></td><td style="display: none;"><a class="recipeLink" href="/recipe_ingredient_search_results.php?query=(_QU5E__1__________71__[]_1_1)">Recipes with tangerines/mandarines</a></td></tr><tr role="row" class="odd"><td tabindex="0"><i class="fas fa-hand-rock"></i></td><td class=" not_printable"><div class="addToGL" data-soscuisine-aisle="16" data-soscuisine-sip="3940601"><i class="fa fa-cart-plus" title="Add to My Grocery List"></i><div></div></div></td><td><img class="storeItemImage" itemprop="image" alt="tangerines/mandarines" src="/media/images/store_item/71.jpg"></td><td>tangerines/mandarines</td><td class="not_printable sorting_1">fruits</td><td><img style="width:50%;" src="/media/images/logos/marchands/11.png" alt="Tradition"></td><td><span itemprop="price">$4.99</span><span itemprop="eligibleQuantity" itemscope="" itemtype="http://schema.org/QuantitativeValue">/<span itemprop="unitText">2lb (907g)</span></span></td><td>$5.50/kg</td><td style="display: none;">2020-02-26</td><td style="display: none;">USA</td><td style="display: none;">Halos</td><td style="display: none;"></td><td style="display: none;"></td><td style="display: none;"></td><td style="display: none;"></td><td style="display: none;"></td><td style="display: none;"><a class="recipeLink" href="/recipe_ingredient_search_results.php?query=(_QU5E__1__________71__[]_1_1)">Recipes with tangerines/mandarines</a></td></tr><tr role="row" class="even"><td tabindex="0"><i class="fas fa-circle"></i></td><td class=" not_printable"><div class="addToGL" data-soscuisine-aisle="16" data-soscuisine-sip="3938775"><i class="fa fa-cart-plus" title="Add to My Grocery List"></i><div></div></div></td><td><img class="storeItemImage" itemprop="image" alt="watermelons ORGANIC" src="/media/images/store_item/903.jpg"></td><td>watermelons ORGANIC</td><td class="not_printable sorting_1">fruits</td><td><img style="width:50%;" src="/media/images/logos/marchands/93.png" alt="Rachelle Béry"></td><td><span itemprop="price">$3.99</span><span itemprop="eligibleQuantity" itemscope="" itemtype="http://schema.org/QuantitativeValue"> ea.</span></td><td>N/A</td><td style="display: none;">2020-03-04</td><td style="display: none;">Mexico</td><td style="display: none;"></td><td style="display: none;">miniature</td><td style="display: none;"></td><td style="display: none;"></td><td style="display: none;"></td><td style="display: none;"></td><td style="display: none;"><a class="recipeLink" href="/recipe_ingredient_search_results.php?query=(_QU5E__1__________903__[]_1_1)">Recipes with watermelons ORGANIC</a></td></tr><tr role="row" class="odd"><td tabindex="0"><i class="fas fa-exclamation"></i></td><td class=" not_printable"><div class="addToGL" data-soscuisine-aisle="17" data-soscuisine-sip="3940461"><i class="fa fa-cart-plus" title="Add to My Grocery List"></i><div></div></div></td><td><img class="storeItemImage" alt="artichokes" src="/media/images/store_item/blank.jpg"></td><td>artichokes</td><td class="not_printable sorting_1">vegetables</td><td><img style="width:50%;" src="/media/images/logos/marchands/5.png" alt="Super C"></td><td><span itemprop="price">$0.99</span><span itemprop="eligibleQuantity" itemscope="" itemtype="http://schema.org/QuantitativeValue"> ea.</span></td><td>$3.96/kg</td><td style="display: none;">2020-02-26</td><td style="display: none;">USA</td><td style="display: none;"></td><td style="display: none;">size 30</td><td style="display: none;"></td><td style="display: none;"></td><td style="display: none;"></td><td style="display: none;"></td><td style="display: none;"><a class="recipeLink" href="/recipe_ingredient_search_results.php?query=(_QU5E__1__________99__[]_1_1)">Recipes with artichokes</a></td></tr><tr role="row" class="even"><td tabindex="0"><i class="fas fa-hand-rock"></i></td><td class=" not_printable"><div class="addToGL" data-soscuisine-aisle="17" data-soscuisine-sip="3939841"><i class="fa fa-cart-plus" title="Add to My Grocery List"></i><div></div></div></td><td><img class="storeItemImage" itemprop="image" alt="asparagus" src="/media/images/store_item/223.jpg"></td><td>asparagus</td><td class="not_printable sorting_1">vegetables</td><td><img style="width:50%;" src="/media/images/logos/marchands/10.png" alt="Bonichoix"></td><td><span itemprop="price">$2.99</span><span itemprop="eligibleQuantity" itemscope="" itemtype="http://schema.org/QuantitativeValue">/<span itemprop="unitText">lb</span></span></td><td>$6.59/kg</td><td style="display: none;">2020-02-26</td><td style="display: none;">Mexico</td><td style="display: none;"></td><td style="display: none;"></td><td style="display: none;">green</td><td style="display: none;"></td><td style="display: none;"></td><td style="display: none;"></td><td style="display: none;"><a class="recipeLink" href="/recipe_ingredient_search_results.php?query=(_QU5E__1__________223__[]_1_1)">Recipes with asparagus</a></td></tr><tr role="row" class="odd"><td tabindex="0"><i class="fas fa-hand-rock"></i></td><td class=" not_printable"><div class="addToGL" data-soscuisine-aisle="17" data-soscuisine-sip="3939311"><i class="fa fa-cart-plus" title="Add to My Grocery List"></i><div></div></div></td><td><img class="storeItemImage" itemprop="image" alt="asparagus" src="/media/images/store_item/223.jpg"></td><td>asparagus</td><td class="not_printable sorting_1">vegetables</td><td><img style="width:50%;" src="/media/images/logos/marchands/3.png" alt="IGA"></td><td><span itemprop="price">$2.99</span><span itemprop="eligibleQuantity" itemscope="" itemtype="http://schema.org/QuantitativeValue">/<span itemprop="unitText">lb</span></span></td><td>$6.59/kg</td><td style="display: none;">2020-02-26</td><td style="display: none;">Mexico</td><td style="display: none;"></td><td style="display: none;"></td><td style="display: none;">green</td><td style="display: none;"></td><td style="display: none;"></td><td style="display: none;"></td><td style="display: none;"><a class="recipeLink" href="/recipe_ingredient_search_results.php?query=(_QU5E__1__________223__[]_1_1)">Recipes with asparagus</a></td></tr><tr role="row" class="even"><td tabindex="0"><i class="fas fa-hand-rock"></i></td><td class=" not_printable"><div class="addToGL" data-soscuisine-aisle="17" data-soscuisine-sip="3942027"><i class="fa fa-cart-plus" title="Add to My Grocery List"></i><div></div></div></td><td><img class="storeItemImage" itemprop="image" alt="asparagus" src="/media/images/store_item/223.jpg"></td><td>asparagus</td><td class="not_printable sorting_1">vegetables</td><td><img style="width:50%;" src="/media/images/logos/marchands/13.png" alt="Jardin Mobile"></td><td><span itemprop="price">$5.00</span><span itemprop="eligibleQuantity" itemscope="" itemtype="http://schema.org/QuantitativeValue">/<span itemprop="value">2</span>x<span itemprop="unitText">454g (1lb)</span></span></td><td>$5.51/kg</td><td style="display: none;">2020-02-26</td><td style="display: none;">Mexico</td><td style="display: none;"></td><td style="display: none;"></td><td style="display: none;"></td><td style="display: none;"></td><td style="display: none;"></td><td style="display: none;"></td><td style="display: none;"><a class="recipeLink" href="/recipe_ingredient_search_results.php?query=(_QU5E__1__________223__[]_1_1)">Recipes with asparagus</a></td></tr><tr role="row" class="odd"><td tabindex="0"><i class="fas fa-hand-rock"></i></td><td class=" not_printable"><div class="addToGL" data-soscuisine-aisle="17" data-soscuisine-sip="3937449"><i class="fa fa-cart-plus" title="Add to My Grocery List"></i><div></div></div></td><td><img class="storeItemImage" itemprop="image" alt="asparagus" src="/media/images/store_item/223.jpg"></td><td>asparagus</td><td class="not_printable sorting_1">vegetables</td><td><img style="width:50%;" src="/media/images/logos/marchands/6.png" alt="Maxi"></td><td><span itemprop="price">$2.00</span><span itemprop="eligibleQuantity" itemscope="" itemtype="http://schema.org/QuantitativeValue">/<span itemprop="unitText">325g</span></span></td><td>$6.15/kg</td><td style="display: none;">2020-02-26</td><td style="display: none;">Mexico</td><td style="display: none;"></td><td style="display: none;"></td><td style="display: none;"></td><td style="display: none;"></td><td style="display: none;"></td><td style="display: none;"></td><td style="display: none;"><a class="recipeLink" href="/recipe_ingredient_search_results.php?query=(_QU5E__1__________223__[]_1_1)">Recipes with asparagus</a></td></tr><tr role="row" class="even"><td tabindex="0"><i class="fa fa-thumbs-down"></i></td><td class=" not_printable"><div class="addToGL" data-soscuisine-aisle="17" data-soscuisine-sip="3938133"><i class="fa fa-cart-plus" title="Add to My Grocery List"></i><div></div></div></td><td><img class="storeItemImage" itemprop="image" alt="asparagus" src="/media/images/store_item/223.jpg"></td><td>asparagus</td><td class="not_printable sorting_1">vegetables</td><td><img style="width:50%;" src="/media/images/logos/marchands/2.png" alt="Provigo"></td><td><span itemprop="price">$4.99</span><span itemprop="eligibleQuantity" itemscope="" itemtype="http://schema.org/QuantitativeValue">/<span itemprop="unitText">lb</span></span></td><td>$11.00/kg</td><td style="display: none;">2020-02-26</td><td style="display: none;">Mexico</td><td style="display: none;"></td><td style="display: none;"></td><td style="display: none;"></td><td style="display: none;"></td><td style="display: none;"></td><td style="display: none;"></td><td style="display: none;"><a class="recipeLink" href="/recipe_ingredient_search_results.php?query=(_QU5E__1__________223__[]_1_1)">Recipes with asparagus</a></td></tr><tr role="row" class="odd"><td tabindex="0"><i class="fas fa-hand-rock"></i></td><td class=" not_printable"><div class="addToGL" data-soscuisine-aisle="17" data-soscuisine-sip="3940387"><i class="fa fa-cart-plus" title="Add to My Grocery List"></i><div></div></div></td><td><img class="storeItemImage" itemprop="image" alt="asparagus" src="/media/images/store_item/223.jpg"></td><td>asparagus</td><td class="not_printable sorting_1">vegetables</td><td><img style="width:50%;" src="/media/images/logos/marchands/5.png" alt="Super C"></td><td><span itemprop="price">$1.99</span><span itemprop="eligibleQuantity" itemscope="" itemtype="http://schema.org/QuantitativeValue">/<span itemprop="unitText">325g</span></span></td><td>$6.12/kg</td><td style="display: none;">2020-02-26</td><td style="display: none;">Mexico</td><td style="display: none;"></td><td style="display: none;"></td><td style="display: none;"></td><td style="display: none;"></td><td style="display: none;"></td><td style="display: none;"></td><td style="display: none;"><a class="recipeLink" href="/recipe_ingredient_search_results.php?query=(_QU5E__1__________223__[]_1_1)">Recipes with asparagus</a></td></tr><tr role="row" class="even"><td tabindex="0"><i class="fa fa-thumbs-up"></i></td><td class=" not_printable"><div class="addToGL" data-soscuisine-aisle="17" data-soscuisine-sip="3935909"><i class="fa fa-cart-plus" title="Add to My Grocery List"></i><div></div></div></td><td><img class="storeItemImage" itemprop="image" alt="asparagus" src="/media/images/store_item/223.jpg"></td><td>asparagus</td><td class="not_printable sorting_1">vegetables</td><td><img style="width:50%;" src="/media/images/logos/marchands/62.png" alt="Supermarché PA"></td><td><span itemprop="price">$4.00</span><span itemprop="eligibleQuantity" itemscope="" itemtype="http://schema.org/QuantitativeValue">/<span itemprop="value">2</span>x<span itemprop="unitText">454g (1lb)</span></span></td><td>$4.41/kg</td><td style="display: none;">2020-02-23</td><td style="display: none;"></td><td style="display: none;"></td><td style="display: none;"></td><td style="display: none;"></td><td style="display: none;"></td><td style="display: none;"></td><td style="display: none;"></td><td style="display: none;"><a class="recipeLink" href="/recipe_ingredient_search_results.php?query=(_QU5E__1__________223__[]_1_1)">Recipes with asparagus</a></td></tr><tr role="row" class="odd"><td tabindex="0"><i class="fas fa-exclamation"></i></td><td class=" not_printable"><div class="addToGL" data-soscuisine-aisle="17" data-soscuisine-sip="3938793"><i class="fa fa-cart-plus" title="Add to My Grocery List"></i><div></div></div></td><td><img class="storeItemImage" alt="asparagus ORGANIC" src="/media/images/store_item/blank.jpg"></td><td>asparagus ORGANIC</td><td class="not_printable sorting_1">vegetables</td><td><img style="width:50%;" src="/media/images/logos/marchands/93.png" alt="Rachelle Béry"></td><td><span itemprop="price">$5.99</span><span itemprop="eligibleQuantity" itemscope="" itemtype="http://schema.org/QuantitativeValue">/<span itemprop="unitText">lb</span></span></td><td>$13.21/kg</td><td style="display: none;">2020-03-04</td><td style="display: none;">Mexico</td><td style="display: none;"></td><td style="display: none;"></td><td style="display: none;">green</td><td style="display: none;"></td><td style="display: none;"></td><td style="display: none;"></td><td style="display: none;"><a class="recipeLink" href="/recipe_ingredient_search_results.php?query=(_QU5E__1__________808__[]_1_1)">Recipes with asparagus ORGANIC</a></td></tr><tr role="row" class="even"><td tabindex="0"><i class="fas fa-hand-rock"></i></td><td class=" not_printable"><div class="addToGL" data-soscuisine-aisle="17" data-soscuisine-sip="3938491"><i class="fa fa-cart-plus" title="Add to My Grocery List"></i><div></div></div></td><td><img class="storeItemImage" itemprop="image" alt="aubergines/eggplants" src="/media/images/store_item/440.jpg"></td><td>aubergines/eggplants</td><td class="not_printable sorting_1">vegetables</td><td><img style="width:50%;" src="/media/images/logos/marchands/7.png" alt="Intermarché (Saveurs intl.)"></td><td><span itemprop="price">$1.00</span><span itemprop="eligibleQuantity" itemscope="" itemtype="http://schema.org/QuantitativeValue">/<span itemprop="unitText">lb</span></span></td><td>$2.20/kg</td><td style="display: none;">2020-02-26</td><td style="display: none;">USA</td><td style="display: none;"></td><td style="display: none;"></td><td style="display: none;"></td><td style="display: none;"></td><td style="display: none;"></td><td style="display: none;"></td><td style="display: none;"><a class="recipeLink" href="/recipe_ingredient_search_results.php?query=(_QU5E__1__________440__[]_1_1)">Recipes with aubergines/eggplants</a></td></tr><tr role="row" class="odd"><td tabindex="0"><i class="fa fa-thumbs-down"></i></td><td class=" not_printable"><div class="addToGL" data-soscuisine-aisle="17" data-soscuisine-sip="3939193"><i class="fa fa-cart-plus" title="Add to My Grocery List"></i><div></div></div></td><td><img class="storeItemImage" itemprop="image" alt="aubergines/eggplants" src="/media/images/store_item/440.jpg"></td><td>aubergines/eggplants</td><td class="not_printable sorting_1">vegetables</td><td><img style="width:50%;" src="/media/images/logos/marchands/63.png" alt="Marché Adonis"></td><td><span itemprop="price">$1.69</span><span itemprop="eligibleQuantity" itemscope="" itemtype="http://schema.org/QuantitativeValue">/<span itemprop="unitText">lb</span></span></td><td>$3.73/kg</td><td style="display: none;">2020-02-26</td><td style="display: none;">Mexico</td><td style="display: none;"></td><td style="display: none;">large</td><td style="display: none;"></td><td style="display: none;"></td><td style="display: none;"></td><td style="display: none;"></td><td style="display: none;"><a class="recipeLink" href="/recipe_ingredient_search_results.php?query=(_QU5E__1__________440__[]_1_1)">Recipes with aubergines/eggplants</a></td></tr><tr role="row" class="even"><td tabindex="0"><i class="fas fa-circle"></i></td><td class=" not_printable"><div class="addToGL" data-soscuisine-aisle="17" data-soscuisine-sip="3939807"><i class="fa fa-cart-plus" title="Add to My Grocery List"></i><div></div></div></td><td><img class="storeItemImage" itemprop="image" alt="avocados" src="/media/images/store_item/60.jpg"></td><td>avocados</td><td class="not_printable sorting_1">vegetables</td><td><img style="width:50%;" src="/media/images/logos/marchands/10.png" alt="Bonichoix"></td><td><span itemprop="price">$4.00</span><span itemprop="eligibleQuantity" itemscope="" itemtype="http://schema.org/QuantitativeValue">/<span itemprop="value">2</span></span></td><td>N/A</td><td style="display: none;">2020-02-26</td><td style="display: none;">Mexico</td><td style="display: none;"></td><td style="display: none;">size N/A</td><td style="display: none;">Hass</td><td style="display: none;"></td><td style="display: none;"></td><td style="display: none;"></td><td style="display: none;"><a class="recipeLink" href="/recipe_ingredient_search_results.php?query=(_QU5E__1__________60__[]_1_1)">Recipes with avocados</a></td></tr><tr role="row" class="odd"><td tabindex="0"><i class="fas fa-circle"></i></td><td class=" not_printable"><div class="addToGL" data-soscuisine-aisle="17" data-soscuisine-sip="3938919"><i class="fa fa-cart-plus" title="Add to My Grocery List"></i><div></div></div></td><td><img class="storeItemImage" itemprop="image" alt="avocados" src="/media/images/store_item/60.jpg"></td><td>avocados</td><td class="not_printable sorting_1">vegetables</td><td><img style="width:50%;" src="/media/images/logos/marchands/3.png" alt="IGA"></td><td><span itemprop="price">$3.99</span><span itemprop="eligibleQuantity" itemscope="" itemtype="http://schema.org/QuantitativeValue">/<span itemprop="unitText">5-pack</span></span></td><td>N/A</td><td style="display: none;">2020-02-26</td><td style="display: none;">Mexico</td><td style="display: none;"></td><td style="display: none;">size N/A</td><td style="display: none;">Hass</td><td style="display: none;"></td><td style="display: none;"></td><td style="display: none;"></td><td style="display: none;"><a class="recipeLink" href="/recipe_ingredient_search_results.php?query=(_QU5E__1__________60__[]_1_1)">Recipes with avocados</a></td></tr><tr role="row" class="even"><td tabindex="0"><i class="fas fa-circle"></i></td><td class=" not_printable"><div class="addToGL" data-soscuisine-aisle="17" data-soscuisine-sip="3938567"><i class="fa fa-cart-plus" title="Add to My Grocery List"></i><div></div></div></td><td><img class="storeItemImage" itemprop="image" alt="avocados" src="/media/images/store_item/60.jpg"></td><td>avocados</td><td class="not_printable sorting_1">vegetables</td><td><img style="width:50%;" src="/media/images/logos/marchands/69.png" alt="Intermarche (Provincial)"></td><td><span itemprop="price">$2.50</span><span itemprop="eligibleQuantity" itemscope="" itemtype="http://schema.org/QuantitativeValue">/<span itemprop="unitText">6-pack</span></span></td><td>N/A</td><td style="display: none;">2020-02-26</td><td style="display: none;">Mexico</td><td style="display: none;"></td><td style="display: none;">size N/A</td><td style="display: none;"></td><td style="display: none;"></td><td style="display: none;"></td><td style="display: none;"></td><td style="display: none;"><a class="recipeLink" href="/recipe_ingredient_search_results.php?query=(_QU5E__1__________60__[]_1_1)">Recipes with avocados</a></td></tr><tr role="row" class="odd"><td tabindex="0"><i class="fas fa-circle"></i></td><td class=" not_printable"><div class="addToGL" data-soscuisine-aisle="17" data-soscuisine-sip="3938551"><i class="fa fa-cart-plus" title="Add to My Grocery List"></i><div></div></div></td><td><img class="storeItemImage" itemprop="image" alt="avocados" src="/media/images/store_item/60.jpg"></td><td>avocados</td><td class="not_printable sorting_1">vegetables</td><td><img style="width:50%;" src="/media/images/logos/marchands/7.png" alt="Intermarché (Saveurs intl.)"></td><td><span itemprop="price">$3.00</span><span itemprop="eligibleQuantity" itemscope="" itemtype="http://schema.org/QuantitativeValue">/<span itemprop="unitText">6-pack</span></span></td><td>N/A</td><td style="display: none;">2020-02-26</td><td style="display: none;">Mexico</td><td style="display: none;"></td><td style="display: none;">size N/A</td><td style="display: none;"></td><td style="display: none;"></td><td style="display: none;"></td><td style="display: none;"></td><td style="display: none;"><a class="recipeLink" href="/recipe_ingredient_search_results.php?query=(_QU5E__1__________60__[]_1_1)">Recipes with avocados</a></td></tr><tr role="row" class="even"><td tabindex="0"><i class="fas fa-circle"></i></td><td class=" not_printable"><div class="addToGL" data-soscuisine-aisle="17" data-soscuisine-sip="3942049"><i class="fa fa-cart-plus" title="Add to My Grocery List"></i><div></div></div></td><td><img class="storeItemImage" itemprop="image" alt="avocados" src="/media/images/store_item/60.jpg"></td><td>avocados</td><td class="not_printable sorting_1">vegetables</td><td><img style="width:50%;" src="/media/images/logos/marchands/13.png" alt="Jardin Mobile"></td><td><span itemprop="price">$3.00</span><span itemprop="eligibleQuantity" itemscope="" itemtype="http://schema.org/QuantitativeValue">/<span itemprop="value">2</span></span></td><td>N/A</td><td style="display: none;">2020-02-26</td><td style="display: none;">Mexico</td><td style="display: none;"></td><td style="display: none;">size N/A</td><td style="display: none;"></td><td style="display: none;"></td><td style="display: none;"></td><td style="display: none;"></td><td style="display: none;"><a class="recipeLink" href="/recipe_ingredient_search_results.php?query=(_QU5E__1__________60__[]_1_1)">Recipes with avocados</a></td></tr><tr role="row" class="odd"><td tabindex="0"><i class="fas fa-circle"></i></td><td class=" not_printable"><div class="addToGL" data-soscuisine-aisle="17" data-soscuisine-sip="3937415"><i class="fa fa-cart-plus" title="Add to My Grocery List"></i><div></div></div></td><td><img class="storeItemImage" itemprop="image" alt="avocados" src="/media/images/store_item/60.jpg"></td><td>avocados</td><td class="not_printable sorting_1">vegetables</td><td><img style="width:50%;" src="/media/images/logos/marchands/6.png" alt="Maxi"></td><td><span itemprop="price">$2.00</span><span itemprop="eligibleQuantity" itemscope="" itemtype="http://schema.org/QuantitativeValue">/<span itemprop="unitText">6-pack</span></span></td><td>N/A</td><td style="display: none;">2020-02-26</td><td style="display: none;">Mexico</td><td style="display: none;"></td><td style="display: none;">size N/A</td><td style="display: none;"></td><td style="display: none;"></td><td style="display: none;"></td><td style="display: none;"></td><td style="display: none;"><a class="recipeLink" href="/recipe_ingredient_search_results.php?query=(_QU5E__1__________60__[]_1_1)">Recipes with avocados</a></td></tr><tr role="row" class="even"><td tabindex="0"><i class="fas fa-circle"></i></td><td class=" not_printable"><div class="addToGL" data-soscuisine-aisle="17" data-soscuisine-sip="3937645"><i class="fa fa-cart-plus" title="Add to My Grocery List"></i><div></div></div></td><td><img class="storeItemImage" itemprop="image" alt="avocados" src="/media/images/store_item/60.jpg"></td><td>avocados</td><td class="not_printable sorting_1">vegetables</td><td><img style="width:50%;" src="/media/images/logos/marchands/1.png" alt="Metro"></td><td><span itemprop="price">$2.99</span><span itemprop="eligibleQuantity" itemscope="" itemtype="http://schema.org/QuantitativeValue">/<span itemprop="unitText">4-pack</span></span></td><td>N/A</td><td style="display: none;">2020-02-26</td><td style="display: none;"></td><td style="display: none;"></td><td style="display: none;">size N/A</td><td style="display: none;"></td><td style="display: none;"></td><td style="display: none;"></td><td style="display: none;"></td><td style="display: none;"><a class="recipeLink" href="/recipe_ingredient_search_results.php?query=(_QU5E__1__________60__[]_1_1)">Recipes with avocados</a></td></tr><tr role="row" class="odd"><td tabindex="0"><i class="fa fa-thumbs-up"></i><i class="fa fa-thumbs-up"></i></td><td class=" not_printable"><div class="addToGL" data-soscuisine-aisle="17" data-soscuisine-sip="3940381"><i class="fa fa-cart-plus" title="Add to My Grocery List"></i><div></div></div></td><td><img class="storeItemImage" itemprop="image" alt="avocados" src="/media/images/store_item/60.jpg"></td><td>avocados</td><td class="not_printable sorting_1">vegetables</td><td><img style="width:50%;" src="/media/images/logos/marchands/5.png" alt="Super C"></td><td><span itemprop="price">$0.88</span><span itemprop="eligibleQuantity" itemscope="" itemtype="http://schema.org/QuantitativeValue"> ea.</span></td><td>$4.89/kg</td><td style="display: none;">2020-02-26</td><td style="display: none;"></td><td style="display: none;"></td><td style="display: none;">size 20</td><td style="display: none;">Hass</td><td style="display: none;"></td><td style="display: none;"></td><td style="display: none;"></td><td style="display: none;"><a class="recipeLink" href="/recipe_ingredient_search_results.php?query=(_QU5E__1__________60__[]_1_1)">Recipes with avocados</a></td></tr><tr role="row" class="even"><td tabindex="0"><i class="fas fa-circle"></i></td><td class=" not_printable"><div class="addToGL" data-soscuisine-aisle="17" data-soscuisine-sip="3940997"><i class="fa fa-cart-plus" title="Add to My Grocery List"></i><div></div></div></td><td><img class="storeItemImage" itemprop="image" alt="avocados" src="/media/images/store_item/60.jpg"></td><td>avocados</td><td class="not_printable sorting_1">vegetables</td><td><img style="width:50%;" src="/media/images/logos/marchands/73.png" alt="Walmart"></td><td><span itemprop="price">$0.97</span><span itemprop="eligibleQuantity" itemscope="" itemtype="http://schema.org/QuantitativeValue"> ea.</span></td><td>N/A</td><td style="display: none;">2020-02-26</td><td style="display: none;">Mexico</td><td style="display: none;"></td><td style="display: none;">size N/A</td><td style="display: none;"></td><td style="display: none;"></td><td style="display: none;"></td><td style="display: none;">supercentres only</td><td style="display: none;"><a class="recipeLink" href="/recipe_ingredient_search_results.php?query=(_QU5E__1__________60__[]_1_1)">Recipes with avocados</a></td></tr><tr role="row" class="odd"><td tabindex="0"><i class="fa fa-thumbs-up"></i><i class="fa fa-thumbs-up"></i></td><td class=" not_printable"><div class="addToGL" data-soscuisine-aisle="17" data-soscuisine-sip="3912781"><i class="fa fa-cart-plus" title="Add to My Grocery List"></i><div></div></div></td><td><img class="storeItemImage" itemprop="image" alt="avocados ORGANIC" src="/media/images/store_item/687.jpg"></td><td>avocados ORGANIC</td><td class="not_printable sorting_1">vegetables</td><td><img style="width:50%;" src="/media/images/logos/marchands/94.png" alt="Avril"></td><td><span itemprop="price">$2.99</span><span itemprop="eligibleQuantity" itemscope="" itemtype="http://schema.org/QuantitativeValue">/<span itemprop="value">3</span></span></td><td>$5.86/kg</td><td style="display: none;">2020-03-03</td><td style="display: none;">Mexico</td><td style="display: none;"></td><td style="display: none;">standard</td><td style="display: none;"></td><td style="display: none;"></td><td style="display: none;"></td><td style="display: none;">valid from february 5th to february 18th</td><td style="display: none;"><a class="recipeLink" href="/recipe_ingredient_search_results.php?query=(_QU5E__1__________687__[]_1_1)">Recipes with avocados ORGANIC</a></td></tr><tr role="row" class="even"><td tabindex="0"><i class="fa fa-thumbs-up"></i><i class="fa fa-thumbs-up"></i></td><td class=" not_printable"><div class="addToGL" data-soscuisine-aisle="17" data-soscuisine-sip="3912797"><i class="fa fa-cart-plus" title="Add to My Grocery List"></i><div></div></div></td><td><img class="storeItemImage" itemprop="image" alt="avocados ORGANIC" src="/media/images/store_item/687.jpg"></td><td>avocados ORGANIC</td><td class="not_printable sorting_1">vegetables</td><td><img style="width:50%;" src="/media/images/logos/marchands/94.png" alt="Avril"></td><td><span itemprop="price">$1.00</span><span itemprop="eligibleQuantity" itemscope="" itemtype="http://schema.org/QuantitativeValue"> ea.</span></td><td>$5.88/kg</td><td style="display: none;">2020-03-03</td><td style="display: none;">Mexico</td><td style="display: none;"></td><td style="display: none;">standard</td><td style="display: none;"></td><td style="display: none;"></td><td style="display: none;"></td><td style="display: none;">valid from february 5th to february 18th</td><td style="display: none;"><a class="recipeLink" href="/recipe_ingredient_search_results.php?query=(_QU5E__1__________687__[]_1_1)">Recipes with avocados ORGANIC</a></td></tr><tr role="row" class="odd"><td tabindex="0"><i class="fas fa-circle"></i></td><td class=" not_printable"><div class="addToGL" data-soscuisine-aisle="17" data-soscuisine-sip="3938925"><i class="fa fa-cart-plus" title="Add to My Grocery List"></i><div></div></div></td><td><img class="storeItemImage" itemprop="image" alt="avocados ORGANIC" src="/media/images/store_item/687.jpg"></td><td>avocados ORGANIC</td><td class="not_printable sorting_1">vegetables</td><td><img style="width:50%;" src="/media/images/logos/marchands/3.png" alt="IGA"></td><td><span itemprop="price">$3.99</span><span itemprop="eligibleQuantity" itemscope="" itemtype="http://schema.org/QuantitativeValue">/<span itemprop="unitText">3-pack</span></span></td><td>N/A</td><td style="display: none;">2020-02-26</td><td style="display: none;">Mexico</td><td style="display: none;"></td><td style="display: none;">size N/A</td><td style="display: none;">Hass</td><td style="display: none;"></td><td style="display: none;"></td><td style="display: none;"></td><td style="display: none;"><a class="recipeLink" href="/recipe_ingredient_search_results.php?query=(_QU5E__1__________687__[]_1_1)">Recipes with avocados ORGANIC</a></td></tr><tr role="row" class="even"><td tabindex="0"><i class="fas fa-circle"></i></td><td class=" not_printable"><div class="addToGL" data-soscuisine-aisle="17" data-soscuisine-sip="3940631"><i class="fa fa-cart-plus" title="Add to My Grocery List"></i><div></div></div></td><td><img class="storeItemImage" itemprop="image" alt="avocados ORGANIC" src="/media/images/store_item/687.jpg"></td><td>avocados ORGANIC</td><td class="not_printable sorting_1">vegetables</td><td><img style="width:50%;" src="/media/images/logos/marchands/11.png" alt="Tradition"></td><td><span itemprop="price">$5.00</span><span itemprop="eligibleQuantity" itemscope="" itemtype="http://schema.org/QuantitativeValue">/<span itemprop="value">2</span></span></td><td>N/A</td><td style="display: none;">2020-02-26</td><td style="display: none;">Mexico</td><td style="display: none;"></td><td style="display: none;">size N/A</td><td style="display: none;">Hass</td><td style="display: none;"></td><td style="display: none;"></td><td style="display: none;"></td><td style="display: none;"><a class="recipeLink" href="/recipe_ingredient_search_results.php?query=(_QU5E__1__________687__[]_1_1)">Recipes with avocados ORGANIC</a></td></tr><tr role="row" class="odd"><td tabindex="0"><i class="fa fa-thumbs-down"></i></td><td class=" not_printable"><div class="addToGL" data-soscuisine-aisle="17" data-soscuisine-sip="3939845"><i class="fa fa-cart-plus" title="Add to My Grocery List"></i><div></div></div></td><td><img class="storeItemImage" itemprop="image" alt="baby spinach" src="/media/images/store_item/312.jpg"></td><td>baby spinach</td><td class="not_printable sorting_1">vegetables</td><td><img style="width:50%;" src="/media/images/logos/marchands/10.png" alt="Bonichoix"></td><td><span itemprop="price">$7.00</span><span itemprop="eligibleQuantity" itemscope="" itemtype="http://schema.org/QuantitativeValue">/<span itemprop="value">2</span>x<span itemprop="unitText">5oz (142g)</span></span></td><td>$2.46/100g</td><td style="display: none;">2020-02-26</td><td style="display: none;">USA</td><td style="display: none;">Attitude</td><td style="display: none;"></td><td style="display: none;"></td><td style="display: none;"></td><td style="display: none;"></td><td style="display: none;"></td><td style="display: none;"><a class="recipeLink" href="/recipe_ingredient_search_results.php?query=(_QU5E__1__________312__[]_1_1)">Recipes with baby spinach</a></td></tr><tr role="row" class="even"><td tabindex="0"><i class="fa fa-thumbs-up"></i><i class="fa fa-thumbs-up"></i></td><td class=" not_printable"><div class="addToGL" data-soscuisine-aisle="17" data-soscuisine-sip="3942075"><i class="fa fa-cart-plus" title="Add to My Grocery List"></i><div></div></div></td><td><img class="storeItemImage" itemprop="image" alt="baby spinach" src="/media/images/store_item/312.jpg"></td><td>baby spinach</td><td class="not_printable sorting_1">vegetables</td><td><img style="width:50%;" src="/media/images/logos/marchands/13.png" alt="Jardin Mobile"></td><td><span itemprop="price">$2.99</span><span itemprop="eligibleQuantity" itemscope="" itemtype="http://schema.org/QuantitativeValue">/<span itemprop="unitText">250g</span></span></td><td>$1.20/100g</td><td style="display: none;">2020-02-26</td><td style="display: none;">USA</td><td style="display: none;"></td><td style="display: none;"></td><td style="display: none;"></td><td style="display: none;"></td><td style="display: none;"></td><td style="display: none;"></td><td style="display: none;"><a class="recipeLink" href="/recipe_ingredient_search_results.php?query=(_QU5E__1__________312__[]_1_1)">Recipes with baby spinach</a></td></tr><tr role="row" class="odd"><td tabindex="0"><i class="fa fa-thumbs-up"></i></td><td class=" not_printable"><div class="addToGL" data-soscuisine-aisle="17" data-soscuisine-sip="3941007"><i class="fa fa-cart-plus" title="Add to My Grocery List"></i><div></div></div></td><td><img class="storeItemImage" itemprop="image" alt="baby spinach" src="/media/images/store_item/312.jpg"></td><td>baby spinach</td><td class="not_printable sorting_1">vegetables</td><td><img style="width:50%;" src="/media/images/logos/marchands/73.png" alt="Walmart"></td><td><span itemprop="price">$5.97</span><span itemprop="eligibleQuantity" itemscope="" itemtype="http://schema.org/QuantitativeValue">/<span itemprop="unitText">454g (1lb)</span></span></td><td>$1.32/100g</td><td style="display: none;">2020-02-26</td><td style="display: none;">USA</td><td style="display: none;">Attitude</td><td style="display: none;"></td><td style="display: none;"></td><td style="display: none;"></td><td style="display: none;"></td><td style="display: none;">supercentres only</td><td style="display: none;"><a class="recipeLink" href="/recipe_ingredient_search_results.php?query=(_QU5E__1__________312__[]_1_1)">Recipes with baby spinach</a></td></tr><tr role="row" class="even"><td tabindex="0"><i class="fa fa-thumbs-down"></i></td><td class=" not_printable"><div class="addToGL" data-soscuisine-aisle="17" data-soscuisine-sip="3938217"><i class="fa fa-cart-plus" title="Add to My Grocery List"></i><div></div></div></td><td><img class="storeItemImage" itemprop="image" alt="baby spinach ORGANIC" src="/media/images/store_item/700.jpg"></td><td>baby spinach ORGANIC</td><td class="not_printable sorting_1">vegetables</td><td><img style="width:50%;" src="/media/images/logos/marchands/2.png" alt="Provigo"></td><td><span itemprop="price">$10.00</span><span itemprop="eligibleQuantity" itemscope="" itemtype="http://schema.org/QuantitativeValue">/<span itemprop="value">2</span>x<span itemprop="unitText">5oz (142g)</span></span></td><td>$3.52/100g</td><td style="display: none;">2020-02-26</td><td style="display: none;">USA</td><td style="display: none;">house brand</td><td style="display: none;"></td><td style="display: none;"></td><td style="display: none;"></td><td style="display: none;"></td><td style="display: none;"></td><td style="display: none;"><a class="recipeLink" href="/recipe_ingredient_search_results.php?query=(_QU5E__1__________700__[]_1_1)">Recipes with baby spinach ORGANIC</a></td></tr><tr role="row" class="odd"><td tabindex="0"><i class="fa fa-thumbs-down"></i></td><td class=" not_printable"><div class="addToGL" data-soscuisine-aisle="17" data-soscuisine-sip="3938215"><i class="fa fa-cart-plus" title="Add to My Grocery List"></i><div></div></div></td><td><img class="storeItemImage" itemprop="image" alt="baby spinach ORGANIC" src="/media/images/store_item/700.jpg"></td><td>baby spinach ORGANIC</td><td class="not_printable sorting_1">vegetables</td><td><img style="width:50%;" src="/media/images/logos/marchands/2.png" alt="Provigo"></td><td><span itemprop="price">$5.49</span><span itemprop="eligibleQuantity" itemscope="" itemtype="http://schema.org/QuantitativeValue">/<span itemprop="unitText">5oz (142g)</span></span></td><td>$3.87/100g</td><td style="display: none;">2020-02-26</td><td style="display: none;">USA</td><td style="display: none;">house brand</td><td style="display: none;"></td><td style="display: none;"></td><td style="display: none;"></td><td style="display: none;"></td><td style="display: none;"></td><td style="display: none;"><a class="recipeLink" href="/recipe_ingredient_search_results.php?query=(_QU5E__1__________700__[]_1_1)">Recipes with baby spinach ORGANIC</a></td></tr><tr role="row" class="even"><td tabindex="0"><i class="fas fa-circle"></i></td><td class=" not_printable"><div class="addToGL" data-soscuisine-aisle="17" data-soscuisine-sip="3939337"><i class="fa fa-cart-plus" title="Add to My Grocery List"></i><div></div></div></td><td><img class="storeItemImage" itemprop="image" alt="beetroots" src="/media/images/store_item/228.jpg"></td><td>beetroots</td><td class="not_printable sorting_1">vegetables</td><td><img style="width:50%;" src="/media/images/logos/marchands/3.png" alt="IGA"></td><td><span itemprop="price">$6.00</span><span itemprop="eligibleQuantity" itemscope="" itemtype="http://schema.org/QuantitativeValue">/<span itemprop="value">2</span>x<span itemprop="unitText">bunch</span></span></td><td>N/A</td><td style="display: none;">2020-02-26</td><td style="display: none;">USA</td><td style="display: none;"></td><td style="display: none;">size N/A</td><td style="display: none;"></td><td style="display: none;"></td><td style="display: none;"></td><td style="display: none;">or Mexico</td><td style="display: none;"><a class="recipeLink" href="/recipe_ingredient_search_results.php?query=(_QU5E__1__________228__[]_1_1)">Recipes with beetroots</a></td></tr><tr role="row" class="odd"><td tabindex="0"><i class="fas fa-hand-rock"></i></td><td class=" not_printable"><div class="addToGL" data-soscuisine-aisle="17" data-soscuisine-sip="3939547"><i class="fa fa-cart-plus" title="Add to My Grocery List"></i><div></div></div></td><td><img class="storeItemImage" itemprop="image" alt="broccoli" src="/media/images/store_item/125.jpg"></td><td>broccoli</td><td class="not_printable sorting_1">vegetables</td><td><img style="width:50%;" src="/media/images/logos/marchands/10.png" alt="Bonichoix"></td><td><span itemprop="price">$4.00</span><span itemprop="eligibleQuantity" itemscope="" itemtype="http://schema.org/QuantitativeValue">/<span itemprop="value">2</span></span></td><td>$4.44/kg</td><td style="display: none;">2020-02-26</td><td style="display: none;">USA</td><td style="display: none;"></td><td style="display: none;">size 14</td><td style="display: none;"></td><td style="display: none;"></td><td style="display: none;"></td><td style="display: none;">or Mexico</td><td style="display: none;"><a class="recipeLink" href="/recipe_ingredient_search_results.php?query=(_QU5E__1__________125__[]_1_1)">Recipes with broccoli</a></td></tr><tr role="row" class="even"><td tabindex="0"><i class="fas fa-circle"></i></td><td class=" not_printable"><div class="addToGL" data-soscuisine-aisle="17" data-soscuisine-sip="3938941"><i class="fa fa-cart-plus" title="Add to My Grocery List"></i><div></div></div></td><td><img class="storeItemImage" itemprop="image" alt="broccoli" src="/media/images/store_item/125.jpg"></td><td>broccoli</td><td class="not_printable sorting_1">vegetables</td><td><img style="width:50%;" src="/media/images/logos/marchands/3.png" alt="IGA"></td><td><span itemprop="price">$3.99</span><span itemprop="eligibleQuantity" itemscope="" itemtype="http://schema.org/QuantitativeValue">/<span itemprop="value">3</span></span></td><td>N/A</td><td style="display: none;">2020-02-26</td><td style="display: none;">USA</td><td style="display: none;"></td><td style="display: none;">size N/A</td><td style="display: none;"></td><td style="display: none;"></td><td style="display: none;">crowns</td><td style="display: none;">or Mexico</td><td style="display: none;"><a class="recipeLink" href="/recipe_ingredient_search_results.php?query=(_QU5E__1__________125__[]_1_1)">Recipes with broccoli</a></td></tr><tr role="row" class="odd"><td tabindex="0"><i class="fa fa-thumbs-up"></i></td><td class=" not_printable"><div class="addToGL" data-soscuisine-aisle="17" data-soscuisine-sip="3942061"><i class="fa fa-cart-plus" title="Add to My Grocery List"></i><div></div></div></td><td><img class="storeItemImage" itemprop="image" alt="broccoli" src="/media/images/store_item/125.jpg"></td><td>broccoli</td><td class="not_printable sorting_1">vegetables</td><td><img style="width:50%;" src="/media/images/logos/marchands/13.png" alt="Jardin Mobile"></td><td><span itemprop="price">$1.99</span><span itemprop="eligibleQuantity" itemscope="" itemtype="http://schema.org/QuantitativeValue">/<span itemprop="unitText">lb</span></span></td><td>$4.39/kg</td><td style="display: none;">2020-02-26</td><td style="display: none;">USA</td><td style="display: none;"></td><td style="display: none;"></td><td style="display: none;"></td><td style="display: none;"></td><td style="display: none;">crowns</td><td style="display: none;"></td><td style="display: none;"><a class="recipeLink" href="/recipe_ingredient_search_results.php?query=(_QU5E__1__________125__[]_1_1)">Recipes with broccoli</a></td></tr><tr role="row" class="even"><td tabindex="0"><i class="fas fa-circle"></i></td><td class=" not_printable"><div class="addToGL" data-soscuisine-aisle="17" data-soscuisine-sip="3937447"><i class="fa fa-cart-plus" title="Add to My Grocery List"></i><div></div></div></td><td><img class="storeItemImage" itemprop="image" alt="broccoli" src="/media/images/store_item/125.jpg"></td><td>broccoli</td><td class="not_printable sorting_1">vegetables</td><td><img style="width:50%;" src="/media/images/logos/marchands/6.png" alt="Maxi"></td><td><span itemprop="price">$2.00</span><span itemprop="eligibleQuantity" itemscope="" itemtype="http://schema.org/QuantitativeValue"> ea.</span></td><td>N/A</td><td style="display: none;">2020-02-26</td><td style="display: none;">USA</td><td style="display: none;"></td><td style="display: none;">size N/A</td><td style="display: none;"></td><td style="display: none;"></td><td style="display: none;"></td><td style="display: none;">or Mexico</td><td style="display: none;"><a class="recipeLink" href="/recipe_ingredient_search_results.php?query=(_QU5E__1__________125__[]_1_1)">Recipes with broccoli</a></td></tr><tr role="row" class="odd"><td tabindex="0"><i class="fas fa-circle"></i></td><td class=" not_printable"><div class="addToGL" data-soscuisine-aisle="17" data-soscuisine-sip="3938191"><i class="fa fa-cart-plus" title="Add to My Grocery List"></i><div></div></div></td><td><img class="storeItemImage" itemprop="image" alt="broccoli" src="/media/images/store_item/125.jpg"></td><td>broccoli</td><td class="not_printable sorting_1">vegetables</td><td><img style="width:50%;" src="/media/images/logos/marchands/2.png" alt="Provigo"></td><td><span itemprop="price">$7.00</span><span itemprop="eligibleQuantity" itemscope="" itemtype="http://schema.org/QuantitativeValue">/<span itemprop="value">2</span></span></td><td>N/A</td><td style="display: none;">2020-02-26</td><td style="display: none;">USA</td><td style="display: none;"></td><td style="display: none;">size N/A</td><td style="display: none;"></td><td style="display: none;"></td><td style="display: none;"></td><td style="display: none;">or Mexico</td><td style="display: none;"><a class="recipeLink" href="/recipe_ingredient_search_results.php?query=(_QU5E__1__________125__[]_1_1)">Recipes with broccoli</a></td></tr><tr role="row" class="even"><td tabindex="0"><i class="fas fa-circle"></i></td><td class=" not_printable"><div class="addToGL" data-soscuisine-aisle="17" data-soscuisine-sip="3938187"><i class="fa fa-cart-plus" title="Add to My Grocery List"></i><div></div></div></td><td><img class="storeItemImage" itemprop="image" alt="broccoli" src="/media/images/store_item/125.jpg"></td><td>broccoli</td><td class="not_printable sorting_1">vegetables</td><td><img style="width:50%;" src="/media/images/logos/marchands/2.png" alt="Provigo"></td><td><span itemprop="price">$3.99</span><span itemprop="eligibleQuantity" itemscope="" itemtype="http://schema.org/QuantitativeValue"> ea.</span></td><td>N/A</td><td style="display: none;">2020-02-26</td><td style="display: none;">USA</td><td style="display: none;"></td><td style="display: none;">size N/A</td><td style="display: none;"></td><td style="display: none;"></td><td style="display: none;"></td><td style="display: none;">or Mexico</td><td style="display: none;"><a class="recipeLink" href="/recipe_ingredient_search_results.php?query=(_QU5E__1__________125__[]_1_1)">Recipes with broccoli</a></td></tr><tr role="row" class="odd"><td tabindex="0"><i class="fas fa-hand-rock"></i></td><td class=" not_printable"><div class="addToGL" data-soscuisine-aisle="17" data-soscuisine-sip="3940471"><i class="fa fa-cart-plus" title="Add to My Grocery List"></i><div></div></div></td><td><img class="storeItemImage" itemprop="image" alt="broccoli" src="/media/images/store_item/125.jpg"></td><td>broccoli</td><td class="not_printable sorting_1">vegetables</td><td><img style="width:50%;" src="/media/images/logos/marchands/5.png" alt="Super C"></td><td><span itemprop="price">$1.99</span><span itemprop="eligibleQuantity" itemscope="" itemtype="http://schema.org/QuantitativeValue"> ea.</span></td><td>$4.42/kg</td><td style="display: none;">2020-02-26</td><td style="display: none;">USA</td><td style="display: none;"></td><td style="display: none;">standard</td><td style="display: none;"></td><td style="display: none;"></td><td style="display: none;"></td><td style="display: none;">or Mexico, Spain</td><td style="display: none;"><a class="recipeLink" href="/recipe_ingredient_search_results.php?query=(_QU5E__1__________125__[]_1_1)">Recipes with broccoli</a></td></tr><tr role="row" class="even"><td tabindex="0"><i class="fa fa-thumbs-up"></i><i class="fa fa-thumbs-up"></i></td><td class=" not_printable"><div class="addToGL" data-soscuisine-aisle="17" data-soscuisine-sip="3938373"><i class="fa fa-cart-plus" title="Add to My Grocery List"></i><div></div></div></td><td><img class="storeItemImage" itemprop="image" alt="broccoli ORGANIC" src="/media/images/store_item/678.jpg"></td><td>broccoli ORGANIC</td><td class="not_printable sorting_1">vegetables</td><td><img style="width:50%;" src="/media/images/logos/marchands/7.png" alt="Intermarché (Saveurs intl.)"></td><td><span itemprop="price">$1.99</span><span itemprop="eligibleQuantity" itemscope="" itemtype="http://schema.org/QuantitativeValue"> ea.</span></td><td>$4.42/kg</td><td style="display: none;">2020-02-26</td><td style="display: none;">USA</td><td style="display: none;"></td><td style="display: none;">size 14</td><td style="display: none;"></td><td style="display: none;"></td><td style="display: none;"></td><td style="display: none;"></td><td style="display: none;"><a class="recipeLink" href="/recipe_ingredient_search_results.php?query=(_QU5E__1__________678__[]_1_1)">Recipes with broccoli ORGANIC</a></td></tr><tr role="row" class="odd"><td tabindex="0"><i class="fas fa-hand-rock"></i></td><td class=" not_printable"><div class="addToGL" data-soscuisine-aisle="17" data-soscuisine-sip="3937689"><i class="fa fa-cart-plus" title="Add to My Grocery List"></i><div></div></div></td><td><img class="storeItemImage" itemprop="image" alt="broccoli ORGANIC" src="/media/images/store_item/678.jpg"></td><td>broccoli ORGANIC</td><td class="not_printable sorting_1">vegetables</td><td><img style="width:50%;" src="/media/images/logos/marchands/1.png" alt="Metro"></td><td><span itemprop="price">$3.49</span><span itemprop="eligibleQuantity" itemscope="" itemtype="http://schema.org/QuantitativeValue"> ea.</span></td><td>$7.76/kg</td><td style="display: none;">2020-02-26</td><td style="display: none;">USA</td><td style="display: none;"></td><td style="display: none;">size 14</td><td style="display: none;"></td><td style="display: none;"></td><td style="display: none;"></td><td style="display: none;">or Mexico</td><td style="display: none;"><a class="recipeLink" href="/recipe_ingredient_search_results.php?query=(_QU5E__1__________678__[]_1_1)">Recipes with broccoli ORGANIC</a></td></tr><tr role="row" class="even"><td tabindex="0"><i class="fas fa-circle"></i></td><td class=" not_printable"><div class="addToGL" data-soscuisine-aisle="17" data-soscuisine-sip="3938063"><i class="fa fa-cart-plus" title="Add to My Grocery List"></i><div></div></div></td><td><img class="storeItemImage" alt="broccoli rabe" src="/media/images/store_item/blank.jpg"></td><td>broccoli rabe</td><td class="not_printable sorting_1">vegetables</td><td><img style="width:50%;" src="/media/images/logos/marchands/7.png" alt="Intermarché (Saveurs intl.)"></td><td><span itemprop="price">$2.50</span><span itemprop="eligibleQuantity" itemscope="" itemtype="http://schema.org/QuantitativeValue">/bunch</span></td><td>N/A</td><td style="display: none;">2020-02-26</td><td style="display: none;">USA</td><td style="display: none;">Andy Boy</td><td style="display: none;">size N/A</td><td style="display: none;"></td><td style="display: none;"></td><td style="display: none;"></td><td style="display: none;"></td><td style="display: none;"><a class="recipeLink" href="/recipe_ingredient_search_results.php?query=(_QU5E__1__________331__[]_1_1)">Recipes with broccoli rabe</a></td></tr><tr role="row" class="odd"><td tabindex="0"><i class="fas fa-circle"></i></td><td class=" not_printable"><div class="addToGL" data-soscuisine-aisle="17" data-soscuisine-sip="3937397"><i class="fa fa-cart-plus" title="Add to My Grocery List"></i><div></div></div></td><td><img class="storeItemImage" alt="broccoli rabe ORGANIC" src="/media/images/store_item/blank.jpg"></td><td>broccoli rabe ORGANIC</td><td class="not_printable sorting_1">vegetables</td><td><img style="width:50%;" src="/media/images/logos/marchands/95.png" alt="Marchés Tau"></td><td><span itemprop="price">$5.00</span><span itemprop="eligibleQuantity" itemscope="" itemtype="http://schema.org/QuantitativeValue">/<span itemprop="value">2</span> bunches</span></td><td>N/A</td><td style="display: none;">2020-03-29</td><td style="display: none;">USA</td><td style="display: none;"></td><td style="display: none;">size N/A</td><td style="display: none;"></td><td style="display: none;"></td><td style="display: none;"></td><td style="display: none;"></td><td style="display: none;"><a class="recipeLink" href="/recipe_ingredient_search_results.php?query=(_QU5E__1__________1173__[]_1_1)">Recipes with broccoli rabe ORGANIC</a></td></tr><tr role="row" class="even"><td tabindex="0"><i class="fa fa-thumbs-up"></i><i class="fa fa-thumbs-up"></i></td><td class=" not_printable"><div class="addToGL" data-soscuisine-aisle="17" data-soscuisine-sip="3942089"><i class="fa fa-cart-plus" title="Add to My Grocery List"></i><div></div></div></td><td><img class="storeItemImage" itemprop="image" alt="Brussels sprouts" src="/media/images/store_item/122.jpg"></td><td>Brussels sprouts</td><td class="not_printable sorting_1">vegetables</td><td><img style="width:50%;" src="/media/images/logos/marchands/13.png" alt="Jardin Mobile"></td><td><span itemprop="price">$1.99</span><span itemprop="eligibleQuantity" itemscope="" itemtype="http://schema.org/QuantitativeValue">/<span itemprop="unitText">lb</span></span></td><td>$4.39/kg</td><td style="display: none;">2020-02-26</td><td style="display: none;">USA</td><td style="display: none;"></td><td style="display: none;"></td><td style="display: none;"></td><td style="display: none;"></td><td style="display: none;"></td><td style="display: none;"></td><td style="display: none;"><a class="recipeLink" href="/recipe_ingredient_search_results.php?query=(_QU5E__1__________122__[]_1_1)">Recipes with Brussels sprouts</a></td></tr><tr role="row" class="odd"><td tabindex="0"><i class="fas fa-hand-rock"></i></td><td class=" not_printable"><div class="addToGL" data-soscuisine-aisle="17" data-soscuisine-sip="3937635"><i class="fa fa-cart-plus" title="Add to My Grocery List"></i><div></div></div></td><td><img class="storeItemImage" itemprop="image" alt="Brussels sprouts" src="/media/images/store_item/122.jpg"></td><td>Brussels sprouts</td><td class="not_printable sorting_1">vegetables</td><td><img style="width:50%;" src="/media/images/logos/marchands/1.png" alt="Metro"></td><td><span itemprop="price">$2.99</span><span itemprop="eligibleQuantity" itemscope="" itemtype="http://schema.org/QuantitativeValue">/<span itemprop="unitText">lb</span></span></td><td>$6.59/kg</td><td style="display: none;">2020-02-26</td><td style="display: none;">USA</td><td style="display: none;"></td><td style="display: none;"></td><td style="display: none;"></td><td style="display: none;"></td><td style="display: none;"></td><td style="display: none;">or Belgium</td><td style="display: none;"><a class="recipeLink" href="/recipe_ingredient_search_results.php?query=(_QU5E__1__________122__[]_1_1)">Recipes with Brussels sprouts</a></td></tr><tr role="row" class="even"><td tabindex="0"><i class="fas fa-hand-rock"></i></td><td class=" not_printable"><div class="addToGL" data-soscuisine-aisle="17" data-soscuisine-sip="3940503"><i class="fa fa-cart-plus" title="Add to My Grocery List"></i><div></div></div></td><td><img class="storeItemImage" itemprop="image" alt="Brussels sprouts" src="/media/images/store_item/122.jpg"></td><td>Brussels sprouts</td><td class="not_printable sorting_1">vegetables</td><td><img style="width:50%;" src="/media/images/logos/marchands/5.png" alt="Super C"></td><td><span itemprop="price">$2.99</span><span itemprop="eligibleQuantity" itemscope="" itemtype="http://schema.org/QuantitativeValue">/<span itemprop="unitText">lb</span></span></td><td>$6.59/kg</td><td style="display: none;">2020-02-26</td><td style="display: none;">USA</td><td style="display: none;"></td><td style="display: none;"></td><td style="display: none;"></td><td style="display: none;"></td><td style="display: none;"></td><td style="display: none;">or Mexico, Belgium</td><td style="display: none;"><a class="recipeLink" href="/recipe_ingredient_search_results.php?query=(_QU5E__1__________122__[]_1_1)">Recipes with Brussels sprouts</a></td></tr><tr role="row" class="odd"><td tabindex="0"><i class="fas fa-hand-rock"></i></td><td class=" not_printable"><div class="addToGL" data-soscuisine-aisle="17" data-soscuisine-sip="3940915"><i class="fa fa-cart-plus" title="Add to My Grocery List"></i><div></div></div></td><td><img class="storeItemImage" alt="cabbages, green" src="/media/images/store_item/blank.jpg"></td><td>cabbages, green</td><td class="not_printable sorting_1">vegetables</td><td><img style="width:50%;" src="/media/images/logos/marchands/12.png" alt="Richelieu"></td><td><span itemprop="price">$0.79</span><span itemprop="eligibleQuantity" itemscope="" itemtype="http://schema.org/QuantitativeValue">/<span itemprop="unitText">lb</span></span></td><td>$1.74/kg</td><td style="display: none;">2020-02-26</td><td style="display: none;">Quebec</td><td style="display: none;"></td><td style="display: none;"></td><td style="display: none;"></td><td style="display: none;"></td><td style="display: none;"></td><td style="display: none;"></td><td style="display: none;"><a class="recipeLink" href="/recipe_ingredient_search_results.php?query=(_QU5E__1__________543__[]_1_1)">Recipes with cabbages, green</a></td></tr><tr role="row" class="even"><td tabindex="0"><i class="fas fa-hand-rock"></i></td><td class=" not_printable"><div class="addToGL" data-soscuisine-aisle="17" data-soscuisine-sip="3939055"><i class="fa fa-cart-plus" title="Add to My Grocery List"></i><div></div></div></td><td><img class="storeItemImage" itemprop="image" alt="carrots" src="/media/images/store_item/92.jpg"></td><td>carrots</td><td class="not_printable sorting_1">vegetables</td><td><img style="width:50%;" src="/media/images/logos/marchands/64.png" alt="Mourelatos"></td><td><span itemprop="price">$2.49</span><span itemprop="eligibleQuantity" itemscope="" itemtype="http://schema.org/QuantitativeValue">/<span itemprop="unitText">5lb (2,3kg)</span></span></td><td>$1.10/kg</td><td style="display: none;">2020-02-25</td><td style="display: none;"></td><td style="display: none;"></td><td style="display: none;"></td><td style="display: none;"></td><td style="display: none;"></td><td style="display: none;"></td><td style="display: none;"></td><td style="display: none;"><a class="recipeLink" href="/recipe_ingredient_search_results.php?query=(_QU5E__1__________92__[]_1_1)">Recipes with carrots</a></td></tr><tr role="row" class="odd"><td tabindex="0"><i class="fas fa-hand-rock"></i></td><td class=" not_printable"><div class="addToGL" data-soscuisine-aisle="17" data-soscuisine-sip="3940577"><i class="fa fa-cart-plus" title="Add to My Grocery List"></i><div></div></div></td><td><img class="storeItemImage" itemprop="image" alt="carrots" src="/media/images/store_item/92.jpg"></td><td>carrots</td><td class="not_printable sorting_1">vegetables</td><td><img style="width:50%;" src="/media/images/logos/marchands/11.png" alt="Tradition"></td><td><span itemprop="price">$3.99</span><span itemprop="eligibleQuantity" itemscope="" itemtype="http://schema.org/QuantitativeValue">/<span itemprop="unitText">5lb (2,3kg)</span></span></td><td>$1.76/kg</td><td style="display: none;">2020-02-26</td><td style="display: none;">Quebec</td><td style="display: none;"></td><td style="display: none;"></td><td style="display: none;"></td><td style="display: none;"></td><td style="display: none;"></td><td style="display: none;"></td><td style="display: none;"><a class="recipeLink" href="/recipe_ingredient_search_results.php?query=(_QU5E__1__________92__[]_1_1)">Recipes with carrots</a></td></tr><tr role="row" class="even"><td tabindex="0"><i class="fa fa-thumbs-up"></i><i class="fa fa-thumbs-up"></i></td><td class=" not_printable"><div class="addToGL" data-soscuisine-aisle="17" data-soscuisine-sip="3937391"><i class="fa fa-cart-plus" title="Add to My Grocery List"></i><div></div></div></td><td><img class="storeItemImage" itemprop="image" alt="carrots ORGANIC" src="/media/images/store_item/685.jpg"></td><td>carrots ORGANIC</td><td class="not_printable sorting_1">vegetables</td><td><img style="width:50%;" src="/media/images/logos/marchands/95.png" alt="Marchés Tau"></td><td><span itemprop="price">$3.99</span><span itemprop="eligibleQuantity" itemscope="" itemtype="http://schema.org/QuantitativeValue">/<span itemprop="unitText">5lb (2,3kg)</span></span></td><td>$1.76/kg</td><td style="display: none;">2020-03-29</td><td style="display: none;">USA</td><td style="display: none;"></td><td style="display: none;"></td><td style="display: none;"></td><td style="display: none;"></td><td style="display: none;"></td><td style="display: none;"></td><td style="display: none;"><a class="recipeLink" href="/recipe_ingredient_search_results.php?query=(_QU5E__1__________685__[]_1_1)">Recipes with carrots ORGANIC</a></td></tr><tr role="row" class="odd"><td tabindex="0"><i class="fa fa-thumbs-up"></i><i class="fa fa-thumbs-up"></i></td><td class=" not_printable"><div class="addToGL" data-soscuisine-aisle="17" data-soscuisine-sip="3937297"><i class="fa fa-cart-plus" title="Add to My Grocery List"></i><div></div></div></td><td><img class="storeItemImage" itemprop="image" alt="carrots, baby-cut" src="/media/images/store_item/756.jpg"></td><td>carrots, baby-cut</td><td class="not_printable sorting_1">vegetables</td><td><img style="width:50%;" src="/media/images/logos/marchands/75.png" alt="Fruiterie 440"></td><td><span itemprop="price">$0.99</span><span itemprop="eligibleQuantity" itemscope="" itemtype="http://schema.org/QuantitativeValue">/<span itemprop="unitText">12oz (340g)</span></span></td><td>$2.91/kg</td><td style="display: none;">2020-02-23</td><td style="display: none;">USA</td><td style="display: none;"></td><td style="display: none;"></td><td style="display: none;"></td><td style="display: none;"></td><td style="display: none;"></td><td style="display: none;"></td><td style="display: none;"></td></tr><tr role="row" class="even"><td tabindex="0"><i class="fas fa-hand-rock"></i></td><td class=" not_printable"><div class="addToGL" data-soscuisine-aisle="17" data-soscuisine-sip="3939491"><i class="fa fa-cart-plus" title="Add to My Grocery List"></i><div></div></div></td><td><img class="storeItemImage" itemprop="image" alt="carrots, baby-cut" src="/media/images/store_item/756.jpg"></td><td>carrots, baby-cut</td><td class="not_printable sorting_1">vegetables</td><td><img style="width:50%;" src="/media/images/logos/marchands/3.png" alt="IGA"></td><td><span itemprop="price">$3.00</span><span itemprop="eligibleQuantity" itemscope="" itemtype="http://schema.org/QuantitativeValue">/<span itemprop="value">2</span>x<span itemprop="unitText">12oz (340g)</span></span></td><td>$4.41/kg</td><td style="display: none;">2020-02-26</td><td style="display: none;">USA</td><td style="display: none;">house brand</td><td style="display: none;"></td><td style="display: none;"></td><td style="display: none;"></td><td style="display: none;"></td><td style="display: none;"></td><td style="display: none;"></td></tr><tr role="row" class="odd"><td tabindex="0"><i class="fas fa-hand-rock"></i></td><td class=" not_printable"><div class="addToGL" data-soscuisine-aisle="17" data-soscuisine-sip="3938631"><i class="fa fa-cart-plus" title="Add to My Grocery List"></i><div></div></div></td><td><img class="storeItemImage" itemprop="image" alt="carrots, baby-cut" src="/media/images/store_item/756.jpg"></td><td>carrots, baby-cut</td><td class="not_printable sorting_1">vegetables</td><td><img style="width:50%;" src="/media/images/logos/marchands/69.png" alt="Intermarche (Provincial)"></td><td><span itemprop="price">$1.49</span><span itemprop="eligibleQuantity" itemscope="" itemtype="http://schema.org/QuantitativeValue">/<span itemprop="unitText">12oz (340g)</span></span></td><td>$4.38/kg</td><td style="display: none;">2020-02-26</td><td style="display: none;">USA</td><td style="display: none;">house brand</td><td style="display: none;"></td><td style="display: none;"></td><td style="display: none;"></td><td style="display: none;"></td><td style="display: none;"></td><td style="display: none;"></td></tr><tr role="row" class="even"><td tabindex="0"><i class="fas fa-hand-rock"></i></td><td class=" not_printable"><div class="addToGL" data-soscuisine-aisle="17" data-soscuisine-sip="3938537"><i class="fa fa-cart-plus" title="Add to My Grocery List"></i><div></div></div></td><td><img class="storeItemImage" itemprop="image" alt="carrots, baby-cut" src="/media/images/store_item/756.jpg"></td><td>carrots, baby-cut</td><td class="not_printable sorting_1">vegetables</td><td><img style="width:50%;" src="/media/images/logos/marchands/7.png" alt="Intermarché (Saveurs intl.)"></td><td><span itemprop="price">$1.00</span><span itemprop="eligibleQuantity" itemscope="" itemtype="http://schema.org/QuantitativeValue">/<span itemprop="unitText">12oz (340g)</span></span></td><td>$2.94/kg</td><td style="display: none;">2020-02-26</td><td style="display: none;">USA</td><td style="display: none;">house brand</td><td style="display: none;"></td><td style="display: none;"></td><td style="display: none;"></td><td style="display: none;"></td><td style="display: none;"></td><td style="display: none;"></td></tr><tr role="row" class="odd"><td tabindex="0"><i class="fa fa-thumbs-down"></i></td><td class=" not_printable"><div class="addToGL" data-soscuisine-aisle="17" data-soscuisine-sip="3938167"><i class="fa fa-cart-plus" title="Add to My Grocery List"></i><div></div></div></td><td><img class="storeItemImage" itemprop="image" alt="carrots, baby-cut" src="/media/images/store_item/756.jpg"></td><td>carrots, baby-cut</td><td class="not_printable sorting_1">vegetables</td><td><img style="width:50%;" src="/media/images/logos/marchands/2.png" alt="Provigo"></td><td><span itemprop="price">$4.99</span><span itemprop="eligibleQuantity" itemscope="" itemtype="http://schema.org/QuantitativeValue">/<span itemprop="unitText">2lb (907g)</span></span></td><td>$5.50/kg</td><td style="display: none;">2020-02-26</td><td style="display: none;">USA</td><td style="display: none;">house brand</td><td style="display: none;"></td><td style="display: none;"></td><td style="display: none;"></td><td style="display: none;"></td><td style="display: none;"></td><td style="display: none;"></td></tr><tr role="row" class="even"><td tabindex="0"><i class="fa fa-thumbs-down"></i></td><td class=" not_printable"><div class="addToGL" data-soscuisine-aisle="17" data-soscuisine-sip="3939495"><i class="fa fa-cart-plus" title="Add to My Grocery List"></i><div></div></div></td><td><img class="storeItemImage" itemprop="image" alt="carrots, baby-cut ORGANIC" src="/media/images/store_item/757.jpg"></td><td>carrots, baby-cut ORGANIC</td><td class="not_printable sorting_1">vegetables</td><td><img style="width:50%;" src="/media/images/logos/marchands/3.png" alt="IGA"></td><td><span itemprop="price">$5.00</span><span itemprop="eligibleQuantity" itemscope="" itemtype="http://schema.org/QuantitativeValue">/<span itemprop="value">2</span>x<span itemprop="unitText">12oz (340g)</span></span></td><td>$7.35/kg</td><td style="display: none;">2020-02-26</td><td style="display: none;">USA</td><td style="display: none;">house brand</td><td style="display: none;"></td><td style="display: none;"></td><td style="display: none;"></td><td style="display: none;"></td><td style="display: none;"></td><td style="display: none;"></td></tr><tr role="row" class="odd"><td tabindex="0"><i class="fa fa-thumbs-up"></i><i class="fa fa-thumbs-up"></i></td><td class=" not_printable"><div class="addToGL" data-soscuisine-aisle="17" data-soscuisine-sip="3937387"><i class="fa fa-cart-plus" title="Add to My Grocery List"></i><div></div></div></td><td><img class="storeItemImage" itemprop="image" alt="carrots, baby-cut ORGANIC" src="/media/images/store_item/757.jpg"></td><td>carrots, baby-cut ORGANIC</td><td class="not_printable sorting_1">vegetables</td><td><img style="width:50%;" src="/media/images/logos/marchands/95.png" alt="Marchés Tau"></td><td><span itemprop="price">$1.99</span><span itemprop="eligibleQuantity" itemscope="" itemtype="http://schema.org/QuantitativeValue">/<span itemprop="unitText">454g (1lb)</span></span></td><td>$4.39/kg</td><td style="display: none;">2020-03-29</td><td style="display: none;">USA</td><td style="display: none;"></td><td style="display: none;"></td><td style="display: none;"></td><td style="display: none;"></td><td style="display: none;"></td><td style="display: none;"></td><td style="display: none;"></td></tr><tr role="row" class="even"><td tabindex="0"><i class="fas fa-hand-rock"></i></td><td class=" not_printable"><div class="addToGL" data-soscuisine-aisle="17" data-soscuisine-sip="3937489"><i class="fa fa-cart-plus" title="Add to My Grocery List"></i><div></div></div></td><td><img class="storeItemImage" alt="carrots, Nantes-style" src="/media/images/store_item/blank.jpg"></td><td>carrots, Nantes-style</td><td class="not_printable sorting_1">vegetables</td><td><img style="width:50%;" src="/media/images/logos/marchands/6.png" alt="Maxi"></td><td><span itemprop="price">$2.00</span><span itemprop="eligibleQuantity" itemscope="" itemtype="http://schema.org/QuantitativeValue">/<span itemprop="unitText">454g (1lb)</span></span></td><td>$4.41/kg</td><td style="display: none;">2020-02-26</td><td style="display: none;">Mexico</td><td style="display: none;"></td><td style="display: none;"></td><td style="display: none;"></td><td style="display: none;"></td><td style="display: none;"></td><td style="display: none;"></td><td style="display: none;"><a class="recipeLink" href="/recipe_ingredient_search_results.php?query=(_QU5E__1__________1058__[]_1_1)">Recipes with carrots, Nantes-style</a></td></tr><tr role="row" class="odd"><td tabindex="0"><i class="fa fa-thumbs-up"></i><i class="fa fa-thumbs-up"></i></td><td class=" not_printable"><div class="addToGL" data-soscuisine-aisle="17" data-soscuisine-sip="3937589"><i class="fa fa-cart-plus" title="Add to My Grocery List"></i><div></div></div></td><td><img class="storeItemImage" alt="carrots, Nantes-style" src="/media/images/store_item/blank.jpg"></td><td>carrots, Nantes-style</td><td class="not_printable sorting_1">vegetables</td><td><img style="width:50%;" src="/media/images/logos/marchands/1.png" alt="Metro"></td><td><span itemprop="price">$5.00</span><span itemprop="eligibleQuantity" itemscope="" itemtype="http://schema.org/QuantitativeValue">/<span itemprop="value">4</span>x<span itemprop="unitText">454g (1lb)</span></span></td><td>$2.76/kg</td><td style="display: none;">2020-02-26</td><td style="display: none;">Mexico</td><td style="display: none;"></td><td style="display: none;"></td><td style="display: none;"></td><td style="display: none;"></td><td style="display: none;"></td><td style="display: none;"></td><td style="display: none;"><a class="recipeLink" href="/recipe_ingredient_search_results.php?query=(_QU5E__1__________1058__[]_1_1)">Recipes with carrots, Nantes-style</a></td></tr><tr role="row" class="even"><td tabindex="0"><i class="fa fa-thumbs-up"></i><i class="fa fa-thumbs-up"></i></td><td class=" not_printable"><div class="addToGL" data-soscuisine-aisle="17" data-soscuisine-sip="3938161"><i class="fa fa-cart-plus" title="Add to My Grocery List"></i><div></div></div></td><td><img class="storeItemImage" alt="carrots, Nantes-style" src="/media/images/store_item/blank.jpg"></td><td>carrots, Nantes-style</td><td class="not_printable sorting_1">vegetables</td><td><img style="width:50%;" src="/media/images/logos/marchands/2.png" alt="Provigo"></td><td><span itemprop="price">$4.99</span><span itemprop="eligibleQuantity" itemscope="" itemtype="http://schema.org/QuantitativeValue">/<span itemprop="unitText">10lb (4,54kg)</span></span></td><td>$1.10/kg</td><td style="display: none;">2020-02-26</td><td style="display: none;">Quebec</td><td style="display: none;"></td><td style="display: none;"></td><td style="display: none;"></td><td style="display: none;"></td><td style="display: none;"></td><td style="display: none;"></td><td style="display: none;"><a class="recipeLink" href="/recipe_ingredient_search_results.php?query=(_QU5E__1__________1058__[]_1_1)">Recipes with carrots, Nantes-style</a></td></tr><tr role="row" class="odd"><td tabindex="0"><i class="fas fa-hand-rock"></i></td><td class=" not_printable"><div class="addToGL" data-soscuisine-aisle="17" data-soscuisine-sip="3940469"><i class="fa fa-cart-plus" title="Add to My Grocery List"></i><div></div></div></td><td><img class="storeItemImage" alt="carrots, Nantes-style" src="/media/images/store_item/blank.jpg"></td><td>carrots, Nantes-style</td><td class="not_printable sorting_1">vegetables</td><td><img style="width:50%;" src="/media/images/logos/marchands/5.png" alt="Super C"></td><td><span itemprop="price">$1.99</span><span itemprop="eligibleQuantity" itemscope="" itemtype="http://schema.org/QuantitativeValue">/<span itemprop="unitText">454g (1lb)</span></span></td><td>$4.39/kg</td><td style="display: none;">2020-02-26</td><td style="display: none;">Mexico</td><td style="display: none;"></td><td style="display: none;"></td><td style="display: none;"></td><td style="display: none;"></td><td style="display: none;"></td><td style="display: none;"></td><td style="display: none;"><a class="recipeLink" href="/recipe_ingredient_search_results.php?query=(_QU5E__1__________1058__[]_1_1)">Recipes with carrots, Nantes-style</a></td></tr><tr role="row" class="even"><td tabindex="0"><i class="fa fa-thumbs-down"></i></td><td class=" not_printable"><div class="addToGL" data-soscuisine-aisle="17" data-soscuisine-sip="3939301"><i class="fa fa-cart-plus" title="Add to My Grocery List"></i><div></div></div></td><td><img class="storeItemImage" itemprop="image" alt="cauliflower" src="/media/images/store_item/123.jpg"></td><td>cauliflower</td><td class="not_printable sorting_1">vegetables</td><td><img style="width:50%;" src="/media/images/logos/marchands/3.png" alt="IGA"></td><td><span itemprop="price">$3.99</span><span itemprop="eligibleQuantity" itemscope="" itemtype="http://schema.org/QuantitativeValue"> ea.</span></td><td>$3.99/kg</td><td style="display: none;">2020-02-26</td><td style="display: none;">USA</td><td style="display: none;"></td><td style="display: none;">size 12</td><td style="display: none;">white</td><td style="display: none;"></td><td style="display: none;"></td><td style="display: none;">or Spain</td><td style="display: none;"><a class="recipeLink" href="/recipe_ingredient_search_results.php?query=(_QU5E__1__________123__[]_1_1)">Recipes with cauliflower</a></td></tr><tr role="row" class="odd"><td tabindex="0"><i class="fas fa-circle"></i></td><td class=" not_printable"><div class="addToGL" data-soscuisine-aisle="17" data-soscuisine-sip="3938571"><i class="fa fa-cart-plus" title="Add to My Grocery List"></i><div></div></div></td><td><img class="storeItemImage" itemprop="image" alt="cauliflower" src="/media/images/store_item/123.jpg"></td><td>cauliflower</td><td class="not_printable sorting_1">vegetables</td><td><img style="width:50%;" src="/media/images/logos/marchands/69.png" alt="Intermarche (Provincial)"></td><td><span itemprop="price">$2.50</span><span itemprop="eligibleQuantity" itemscope="" itemtype="http://schema.org/QuantitativeValue"> ea.</span></td><td>N/A</td><td style="display: none;">2020-02-26</td><td style="display: none;">USA</td><td style="display: none;"></td><td style="display: none;">size N/A</td><td style="display: none;">white</td><td style="display: none;"></td><td style="display: none;"></td><td style="display: none;"></td><td style="display: none;"><a class="recipeLink" href="/recipe_ingredient_search_results.php?query=(_QU5E__1__________123__[]_1_1)">Recipes with cauliflower</a></td></tr><tr role="row" class="even"><td tabindex="0"><i class="fas fa-circle"></i></td><td class=" not_printable"><div class="addToGL" data-soscuisine-aisle="17" data-soscuisine-sip="3942025"><i class="fa fa-cart-plus" title="Add to My Grocery List"></i><div></div></div></td><td><img class="storeItemImage" itemprop="image" alt="cauliflower" src="/media/images/store_item/123.jpg"></td><td>cauliflower</td><td class="not_printable sorting_1">vegetables</td><td><img style="width:50%;" src="/media/images/logos/marchands/13.png" alt="Jardin Mobile"></td><td><span itemprop="price">$5.00</span><span itemprop="eligibleQuantity" itemscope="" itemtype="http://schema.org/QuantitativeValue">/<span itemprop="value">2</span></span></td><td>N/A</td><td style="display: none;">2020-02-26</td><td style="display: none;">USA</td><td style="display: none;"></td><td style="display: none;">size N/A</td><td style="display: none;"></td><td style="display: none;"></td><td style="display: none;"></td><td style="display: none;"></td><td style="display: none;"><a class="recipeLink" href="/recipe_ingredient_search_results.php?query=(_QU5E__1__________123__[]_1_1)">Recipes with cauliflower</a></td></tr><tr role="row" class="odd"><td tabindex="0"><i class="fas fa-hand-rock"></i></td><td class=" not_printable"><div class="addToGL" data-soscuisine-aisle="17" data-soscuisine-sip="3939197"><i class="fa fa-cart-plus" title="Add to My Grocery List"></i><div></div></div></td><td><img class="storeItemImage" itemprop="image" alt="cauliflower" src="/media/images/store_item/123.jpg"></td><td>cauliflower</td><td class="not_printable sorting_1">vegetables</td><td><img style="width:50%;" src="/media/images/logos/marchands/63.png" alt="Marché Adonis"></td><td><span itemprop="price">$2.99</span><span itemprop="eligibleQuantity" itemscope="" itemtype="http://schema.org/QuantitativeValue"> ea.</span></td><td>$2.99/kg</td><td style="display: none;">2020-02-26</td><td style="display: none;">USA</td><td style="display: none;"></td><td style="display: none;">size 12</td><td style="display: none;">white</td><td style="display: none;"></td><td style="display: none;"></td><td style="display: none;"></td><td style="display: none;"><a class="recipeLink" href="/recipe_ingredient_search_results.php?query=(_QU5E__1__________123__[]_1_1)">Recipes with cauliflower</a></td></tr><tr role="row" class="even"><td tabindex="0"><i class="fas fa-circle"></i></td><td class=" not_printable"><div class="addToGL" data-soscuisine-aisle="17" data-soscuisine-sip="3938007"><i class="fa fa-cart-plus" title="Add to My Grocery List"></i><div></div></div></td><td><img class="storeItemImage" itemprop="image" alt="cauliflower" src="/media/images/store_item/123.jpg"></td><td>cauliflower</td><td class="not_printable sorting_1">vegetables</td><td><img style="width:50%;" src="/media/images/logos/marchands/2.png" alt="Provigo"></td><td><span itemprop="price">$5.00</span><span itemprop="eligibleQuantity" itemscope="" itemtype="http://schema.org/QuantitativeValue">/<span itemprop="value">2</span></span></td><td>N/A</td><td style="display: none;">2020-02-26</td><td style="display: none;">USA</td><td style="display: none;"></td><td style="display: none;">size N/A</td><td style="display: none;"></td><td style="display: none;"></td><td style="display: none;"></td><td style="display: none;">or Mexico</td><td style="display: none;"><a class="recipeLink" href="/recipe_ingredient_search_results.php?query=(_QU5E__1__________123__[]_1_1)">Recipes with cauliflower</a></td></tr><tr role="row" class="odd"><td tabindex="0"><i class="fas fa-circle"></i></td><td class=" not_printable"><div class="addToGL" data-soscuisine-aisle="17" data-soscuisine-sip="3938003"><i class="fa fa-cart-plus" title="Add to My Grocery List"></i><div></div></div></td><td><img class="storeItemImage" itemprop="image" alt="cauliflower" src="/media/images/store_item/123.jpg"></td><td>cauliflower</td><td class="not_printable sorting_1">vegetables</td><td><img style="width:50%;" src="/media/images/logos/marchands/2.png" alt="Provigo"></td><td><span itemprop="price">$2.99</span><span itemprop="eligibleQuantity" itemscope="" itemtype="http://schema.org/QuantitativeValue"> ea.</span></td><td>N/A</td><td style="display: none;">2020-02-26</td><td style="display: none;">USA</td><td style="display: none;"></td><td style="display: none;">size N/A</td><td style="display: none;"></td><td style="display: none;"></td><td style="display: none;"></td><td style="display: none;">or Mexico</td><td style="display: none;"><a class="recipeLink" href="/recipe_ingredient_search_results.php?query=(_QU5E__1__________123__[]_1_1)">Recipes with cauliflower</a></td></tr><tr role="row" class="even"><td tabindex="0"><i class="fa fa-thumbs-down"></i></td><td class=" not_printable"><div class="addToGL" data-soscuisine-aisle="17" data-soscuisine-sip="3940899"><i class="fa fa-cart-plus" title="Add to My Grocery List"></i><div></div></div></td><td><img class="storeItemImage" itemprop="image" alt="cauliflower" src="/media/images/store_item/123.jpg"></td><td>cauliflower</td><td class="not_printable sorting_1">vegetables</td><td><img style="width:50%;" src="/media/images/logos/marchands/12.png" alt="Richelieu"></td><td><span itemprop="price">$3.99</span><span itemprop="eligibleQuantity" itemscope="" itemtype="http://schema.org/QuantitativeValue"> ea.</span></td><td>$3.99/kg</td><td style="display: none;">2020-02-26</td><td style="display: none;">USA</td><td style="display: none;"></td><td style="display: none;">size 12</td><td style="display: none;"></td><td style="display: none;"></td><td style="display: none;"></td><td style="display: none;"></td><td style="display: none;"><a class="recipeLink" href="/recipe_ingredient_search_results.php?query=(_QU5E__1__________123__[]_1_1)">Recipes with cauliflower</a></td></tr><tr role="row" class="odd"><td tabindex="0"><i class="fa fa-thumbs-down"></i></td><td class=" not_printable"><div class="addToGL" data-soscuisine-aisle="17" data-soscuisine-sip="3939309"><i class="fa fa-cart-plus" title="Add to My Grocery List"></i><div></div></div></td><td><img class="storeItemImage" itemprop="image" alt="cauliflower ORGANIC" src="/media/images/store_item/711.jpg"></td><td>cauliflower ORGANIC</td><td class="not_printable sorting_1">vegetables</td><td><img style="width:50%;" src="/media/images/logos/marchands/3.png" alt="IGA"></td><td><span itemprop="price">$4.49</span><span itemprop="eligibleQuantity" itemscope="" itemtype="http://schema.org/QuantitativeValue"> ea.</span></td><td>$4.49/kg</td><td style="display: none;">2020-02-26</td><td style="display: none;">USA</td><td style="display: none;"></td><td style="display: none;">size 12</td><td style="display: none;">white</td><td style="display: none;"></td><td style="display: none;"></td><td style="display: none;">or Spain</td><td style="display: none;"><a class="recipeLink" href="/recipe_ingredient_search_results.php?query=(_QU5E__1__________711__[]_1_1)">Recipes with cauliflower ORGANIC</a></td></tr><tr role="row" class="even"><td tabindex="0"><i class="fa fa-thumbs-up"></i><i class="fa fa-thumbs-up"></i></td><td class=" not_printable"><div class="addToGL" data-soscuisine-aisle="17" data-soscuisine-sip="3938751"><i class="fa fa-cart-plus" title="Add to My Grocery List"></i><div></div></div></td><td><img class="storeItemImage" itemprop="image" alt="cauliflower ORGANIC" src="/media/images/store_item/711.jpg"></td><td>cauliflower ORGANIC</td><td class="not_printable sorting_1">vegetables</td><td><img style="width:50%;" src="/media/images/logos/marchands/93.png" alt="Rachelle Béry"></td><td><span itemprop="price">$2.49</span><span itemprop="eligibleQuantity" itemscope="" itemtype="http://schema.org/QuantitativeValue"> ea.</span></td><td>$2.49/kg</td><td style="display: none;">2020-03-04</td><td style="display: none;">USA</td><td style="display: none;"></td><td style="display: none;">size 12</td><td style="display: none;">white</td><td style="display: none;"></td><td style="display: none;"></td><td style="display: none;"></td><td style="display: none;"><a class="recipeLink" href="/recipe_ingredient_search_results.php?query=(_QU5E__1__________711__[]_1_1)">Recipes with cauliflower ORGANIC</a></td></tr><tr role="row" class="odd"><td tabindex="0"><i class="fas fa-exclamation"></i></td><td class=" not_printable"><div class="addToGL" data-soscuisine-aisle="17" data-soscuisine-sip="3940457"><i class="fa fa-cart-plus" title="Add to My Grocery List"></i><div></div></div></td><td><img class="storeItemImage" alt="celeriac" src="/media/images/store_item/blank.jpg"></td><td>celeriac</td><td class="not_printable sorting_1">vegetables</td><td><img style="width:50%;" src="/media/images/logos/marchands/5.png" alt="Super C"></td><td><span itemprop="price">$0.99</span><span itemprop="eligibleQuantity" itemscope="" itemtype="http://schema.org/QuantitativeValue">/<span itemprop="unitText">lb</span></span></td><td>$2.18/kg</td><td style="display: none;">2020-02-26</td><td style="display: none;">Quebec</td><td style="display: none;"></td><td style="display: none;"></td><td style="display: none;"></td><td style="display: none;"></td><td style="display: none;"></td><td style="display: none;"></td><td style="display: none;"><a class="recipeLink" href="/recipe_ingredient_search_results.php?query=(_QU5E__1__________95__[]_1_1)">Recipes with celeriac</a></td></tr><tr role="row" class="even"><td tabindex="0"><i class="fa fa-thumbs-up"></i></td><td class=" not_printable"><div class="addToGL" data-soscuisine-aisle="17" data-soscuisine-sip="3938943"><i class="fa fa-cart-plus" title="Add to My Grocery List"></i><div></div></div></td><td><img class="storeItemImage" itemprop="image" alt="celery" src="/media/images/store_item/96.jpg"></td><td>celery</td><td class="not_printable sorting_1">vegetables</td><td><img style="width:50%;" src="/media/images/logos/marchands/3.png" alt="IGA"></td><td><span itemprop="price">$3.99</span><span itemprop="eligibleQuantity" itemscope="" itemtype="http://schema.org/QuantitativeValue">/<span itemprop="value">3</span></span></td><td>$1.58/kg</td><td style="display: none;">2020-02-26</td><td style="display: none;">USA</td><td style="display: none;"></td><td style="display: none;">size 24</td><td style="display: none;"></td><td style="display: none;"></td><td style="display: none;"></td><td style="display: none;">or Spain</td><td style="display: none;"><a class="recipeLink" href="/recipe_ingredient_search_results.php?query=(_QU5E__1__________96__[]_1_1)">Recipes with celery</a></td></tr><tr role="row" class="odd"><td tabindex="0"><i class="fas fa-circle"></i></td><td class=" not_printable"><div class="addToGL" data-soscuisine-aisle="17" data-soscuisine-sip="3942059"><i class="fa fa-cart-plus" title="Add to My Grocery List"></i><div></div></div></td><td><img class="storeItemImage" itemprop="image" alt="celery" src="/media/images/store_item/96.jpg"></td><td>celery</td><td class="not_printable sorting_1">vegetables</td><td><img style="width:50%;" src="/media/images/logos/marchands/13.png" alt="Jardin Mobile"></td><td><span itemprop="price">$3.00</span><span itemprop="eligibleQuantity" itemscope="" itemtype="http://schema.org/QuantitativeValue">/<span itemprop="value">2</span></span></td><td>N/A</td><td style="display: none;">2020-02-26</td><td style="display: none;">USA</td><td style="display: none;"></td><td style="display: none;">size N/A</td><td style="display: none;"></td><td style="display: none;"></td><td style="display: none;"></td><td style="display: none;"></td><td style="display: none;"><a class="recipeLink" href="/recipe_ingredient_search_results.php?query=(_QU5E__1__________96__[]_1_1)">Recipes with celery</a></td></tr><tr role="row" class="even"><td tabindex="0"><i class="fas fa-hand-rock"></i></td><td class=" not_printable"><div class="addToGL" data-soscuisine-aisle="17" data-soscuisine-sip="3937585"><i class="fa fa-cart-plus" title="Add to My Grocery List"></i><div></div></div></td><td><img class="storeItemImage" itemprop="image" alt="celery" src="/media/images/store_item/96.jpg"></td><td>celery</td><td class="not_printable sorting_1">vegetables</td><td><img style="width:50%;" src="/media/images/logos/marchands/1.png" alt="Metro"></td><td><span itemprop="price">$5.00</span><span itemprop="eligibleQuantity" itemscope="" itemtype="http://schema.org/QuantitativeValue">/<span itemprop="value">4</span></span></td><td>$1.86/kg</td><td style="display: none;">2020-02-26</td><td style="display: none;">USA</td><td style="display: none;"></td><td style="display: none;">size 30</td><td style="display: none;"></td><td style="display: none;"></td><td style="display: none;"></td><td style="display: none;">or Mexico</td><td style="display: none;"><a class="recipeLink" href="/recipe_ingredient_search_results.php?query=(_QU5E__1__________96__[]_1_1)">Recipes with celery</a></td></tr><tr role="row" class="odd"><td tabindex="0"><i class="fas fa-circle"></i></td><td class=" not_printable"><div class="addToGL" data-soscuisine-aisle="17" data-soscuisine-sip="3939041"><i class="fa fa-cart-plus" title="Add to My Grocery List"></i><div></div></div></td><td><img class="storeItemImage" itemprop="image" alt="celery" src="/media/images/store_item/96.jpg"></td><td>celery</td><td class="not_printable sorting_1">vegetables</td><td><img style="width:50%;" src="/media/images/logos/marchands/64.png" alt="Mourelatos"></td><td><span itemprop="price">$0.99</span><span itemprop="eligibleQuantity" itemscope="" itemtype="http://schema.org/QuantitativeValue"> ea.</span></td><td>N/A</td><td style="display: none;">2020-02-25</td><td style="display: none;"></td><td style="display: none;"></td><td style="display: none;">size N/A</td><td style="display: none;"></td><td style="display: none;"></td><td style="display: none;"></td><td style="display: none;"></td><td style="display: none;"><a class="recipeLink" href="/recipe_ingredient_search_results.php?query=(_QU5E__1__________96__[]_1_1)">Recipes with celery</a></td></tr><tr role="row" class="even"><td tabindex="0"><i class="fas fa-circle"></i></td><td class=" not_printable"><div class="addToGL" data-soscuisine-aisle="17" data-soscuisine-sip="3936043"><i class="fa fa-cart-plus" title="Add to My Grocery List"></i><div></div></div></td><td><img class="storeItemImage" itemprop="image" alt="celery" src="/media/images/store_item/96.jpg"></td><td>celery</td><td class="not_printable sorting_1">vegetables</td><td><img style="width:50%;" src="/media/images/logos/marchands/62.png" alt="Supermarché PA"></td><td><span itemprop="price">$0.99</span><span itemprop="eligibleQuantity" itemscope="" itemtype="http://schema.org/QuantitativeValue"> ea.</span></td><td>N/A</td><td style="display: none;">2020-02-23</td><td style="display: none;"></td><td style="display: none;"></td><td style="display: none;">size N/A</td><td style="display: none;"></td><td style="display: none;"></td><td style="display: none;"></td><td style="display: none;"></td><td style="display: none;"><a class="recipeLink" href="/recipe_ingredient_search_results.php?query=(_QU5E__1__________96__[]_1_1)">Recipes with celery</a></td></tr><tr role="row" class="odd"><td tabindex="0"><i class="fa fa-thumbs-up"></i><i class="fa fa-thumbs-up"></i></td><td class=" not_printable"><div class="addToGL" data-soscuisine-aisle="17" data-soscuisine-sip="3938945"><i class="fa fa-cart-plus" title="Add to My Grocery List"></i><div></div></div></td><td><img class="storeItemImage" itemprop="image" alt="celery ORGANIC" src="/media/images/store_item/689.jpg"></td><td>celery ORGANIC</td><td class="not_printable sorting_1">vegetables</td><td><img style="width:50%;" src="/media/images/logos/marchands/3.png" alt="IGA"></td><td><span itemprop="price">$3.99</span><span itemprop="eligibleQuantity" itemscope="" itemtype="http://schema.org/QuantitativeValue">/<span itemprop="value">3</span></span></td><td>$1.58/kg</td><td style="display: none;">2020-02-26</td><td style="display: none;">USA</td><td style="display: none;"></td><td style="display: none;">size 24</td><td style="display: none;"></td><td style="display: none;"></td><td style="display: none;"></td><td style="display: none;">or Spain</td><td style="display: none;"><a class="recipeLink" href="/recipe_ingredient_search_results.php?query=(_QU5E__1__________689__[]_1_1)">Recipes with celery ORGANIC</a></td></tr><tr role="row" class="even"><td tabindex="0"><i class="fas fa-circle"></i></td><td class=" not_printable"><div class="addToGL" data-soscuisine-aisle="17" data-soscuisine-sip="3938779"><i class="fa fa-cart-plus" title="Add to My Grocery List"></i><div></div></div></td><td><img class="storeItemImage" itemprop="image" alt="celery ORGANIC" src="/media/images/store_item/689.jpg"></td><td>celery ORGANIC</td><td class="not_printable sorting_1">vegetables</td><td><img style="width:50%;" src="/media/images/logos/marchands/93.png" alt="Rachelle Béry"></td><td><span itemprop="price">$2.98</span><span itemprop="eligibleQuantity" itemscope="" itemtype="http://schema.org/QuantitativeValue">/<span itemprop="value">2</span></span></td><td>N/A</td><td style="display: none;">2020-03-04</td><td style="display: none;">USA</td><td style="display: none;"></td><td style="display: none;">size N/A</td><td style="display: none;"></td><td style="display: none;"></td><td style="display: none;"></td><td style="display: none;">or Mexico</td><td style="display: none;"><a class="recipeLink" href="/recipe_ingredient_search_results.php?query=(_QU5E__1__________689__[]_1_1)">Recipes with celery ORGANIC</a></td></tr><tr role="row" class="odd"><td tabindex="0"><i class="fas fa-circle"></i></td><td class=" not_printable"><div class="addToGL" data-soscuisine-aisle="17" data-soscuisine-sip="3939321"><i class="fa fa-cart-plus" title="Add to My Grocery List"></i><div></div></div></td><td><img class="storeItemImage" alt="collard greens" src="/media/images/store_item/blank.jpg"></td><td>collard greens</td><td class="not_printable sorting_1">vegetables</td><td><img style="width:50%;" src="/media/images/logos/marchands/3.png" alt="IGA"></td><td><span itemprop="price">$6.00</span><span itemprop="eligibleQuantity" itemscope="" itemtype="http://schema.org/QuantitativeValue">/<span itemprop="value">2</span>x<span itemprop="unitText">bunch</span></span></td><td>N/A</td><td style="display: none;">2020-02-26</td><td style="display: none;">USA</td><td style="display: none;"></td><td style="display: none;">size N/A</td><td style="display: none;"></td><td style="display: none;"></td><td style="display: none;"></td><td style="display: none;">or Mexico</td><td style="display: none;"><a class="recipeLink" href="/recipe_ingredient_search_results.php?query=(_QU5E__1__________1129__[]_1_1)">Recipes with collard greens</a></td></tr><tr role="row" class="even"><td tabindex="0"><i class="fa fa-thumbs-down"></i></td><td class=" not_printable"><div class="addToGL" data-soscuisine-aisle="17" data-soscuisine-sip="3939839"><i class="fa fa-cart-plus" title="Add to My Grocery List"></i><div></div></div></td><td><img class="storeItemImage" itemprop="image" alt="cucumbers" src="/media/images/store_item/104.jpg"></td><td>cucumbers</td><td class="not_printable sorting_1">vegetables</td><td><img style="width:50%;" src="/media/images/logos/marchands/10.png" alt="Bonichoix"></td><td><span itemprop="price">$3.99</span><span itemprop="eligibleQuantity" itemscope="" itemtype="http://schema.org/QuantitativeValue">/<span itemprop="unitText">6-pack</span></span></td><td>$9.50/kg</td><td style="display: none;">2020-02-26</td><td style="display: none;">Quebec</td><td style="display: none;"></td><td style="display: none;">Lebanese/mini</td><td style="display: none;">seedless</td><td style="display: none;"></td><td style="display: none;"></td><td style="display: none;"></td><td style="display: none;"><a class="recipeLink" href="/recipe_ingredient_search_results.php?query=(_QU5E__1__________104__[]_1_1)">Recipes with cucumbers</a></td></tr><tr role="row" class="odd"><td tabindex="0"><i class="fas fa-circle"></i></td><td class=" not_printable"><div class="addToGL" data-soscuisine-aisle="17" data-soscuisine-sip="3939249"><i class="fa fa-cart-plus" title="Add to My Grocery List"></i><div></div></div></td><td><img class="storeItemImage" itemprop="image" alt="cucumbers" src="/media/images/store_item/104.jpg"></td><td>cucumbers</td><td class="not_printable sorting_1">vegetables</td><td><img style="width:50%;" src="/media/images/logos/marchands/3.png" alt="IGA"></td><td><span itemprop="price">$5.00</span><span itemprop="eligibleQuantity" itemscope="" itemtype="http://schema.org/QuantitativeValue">/<span itemprop="value">2</span></span></td><td>N/A</td><td style="display: none;">2020-02-26</td><td style="display: none;">Quebec</td><td style="display: none;"></td><td style="display: none;">size N/A</td><td style="display: none;">seedless</td><td style="display: none;"></td><td style="display: none;"></td><td style="display: none;"></td><td style="display: none;"><a class="recipeLink" href="/recipe_ingredient_search_results.php?query=(_QU5E__1__________104__[]_1_1)">Recipes with cucumbers</a></td></tr><tr role="row" class="even"><td tabindex="0"><i class="fas fa-hand-rock"></i></td><td class=" not_printable"><div class="addToGL" data-soscuisine-aisle="17" data-soscuisine-sip="3937591"><i class="fa fa-cart-plus" title="Add to My Grocery List"></i><div></div></div></td><td><img class="storeItemImage" itemprop="image" alt="cucumbers" src="/media/images/store_item/104.jpg"></td><td>cucumbers</td><td class="not_printable sorting_1">vegetables</td><td><img style="width:50%;" src="/media/images/logos/marchands/1.png" alt="Metro"></td><td><span itemprop="price">$5.00</span><span itemprop="eligibleQuantity" itemscope="" itemtype="http://schema.org/QuantitativeValue">/<span itemprop="value">4</span></span></td><td>$4.17/kg</td><td style="display: none;">2020-02-26</td><td style="display: none;">Mexico</td><td style="display: none;"></td><td style="display: none;">English</td><td style="display: none;">seedless</td><td style="display: none;"></td><td style="display: none;"></td><td style="display: none;"></td><td style="display: none;"><a class="recipeLink" href="/recipe_ingredient_search_results.php?query=(_QU5E__1__________104__[]_1_1)">Recipes with cucumbers</a></td></tr><tr role="row" class="odd"><td tabindex="0"><i class="fa fa-thumbs-down"></i></td><td class=" not_printable"><div class="addToGL" data-soscuisine-aisle="17" data-soscuisine-sip="3937671"><i class="fa fa-cart-plus" title="Add to My Grocery List"></i><div></div></div></td><td><img class="storeItemImage" itemprop="image" alt="cucumbers" src="/media/images/store_item/104.jpg"></td><td>cucumbers</td><td class="not_printable sorting_1">vegetables</td><td><img style="width:50%;" src="/media/images/logos/marchands/1.png" alt="Metro"></td><td><span itemprop="price">$3.99</span><span itemprop="eligibleQuantity" itemscope="" itemtype="http://schema.org/QuantitativeValue">/<span itemprop="unitText">14oz (397g)</span></span></td><td>$10.05/kg</td><td style="display: none;">2020-02-26</td><td style="display: none;">Canada</td><td style="display: none;"></td><td style="display: none;">Lebanese/mini</td><td style="display: none;"></td><td style="display: none;"></td><td style="display: none;"></td><td style="display: none;">or Mexico</td><td style="display: none;"><a class="recipeLink" href="/recipe_ingredient_search_results.php?query=(_QU5E__1__________104__[]_1_1)">Recipes with cucumbers</a></td></tr><tr role="row" class="even"><td tabindex="0"><i class="fa fa-thumbs-up"></i><i class="fa fa-thumbs-up"></i></td><td class=" not_printable"><div class="addToGL" data-soscuisine-aisle="17" data-soscuisine-sip="3938871"><i class="fa fa-cart-plus" title="Add to My Grocery List"></i><div></div></div></td><td><img class="storeItemImage" itemprop="image" alt="cucumbers" src="/media/images/store_item/104.jpg"></td><td>cucumbers</td><td class="not_printable sorting_1">vegetables</td><td><img style="width:50%;" src="/media/images/logos/marchands/64.png" alt="Mourelatos"></td><td><span itemprop="price">$0.67</span><span itemprop="eligibleQuantity" itemscope="" itemtype="http://schema.org/QuantitativeValue"> ea.</span></td><td>$2.23/kg</td><td style="display: none;">2020-02-25</td><td style="display: none;"></td><td style="display: none;"></td><td style="display: none;">English</td><td style="display: none;"></td><td style="display: none;"></td><td style="display: none;"></td><td style="display: none;"></td><td style="display: none;"><a class="recipeLink" href="/recipe_ingredient_search_results.php?query=(_QU5E__1__________104__[]_1_1)">Recipes with cucumbers</a></td></tr><tr role="row" class="odd"><td tabindex="0"><i class="fa fa-thumbs-down"></i></td><td class=" not_printable"><div class="addToGL" data-soscuisine-aisle="17" data-soscuisine-sip="3938199"><i class="fa fa-cart-plus" title="Add to My Grocery List"></i><div></div></div></td><td><img class="storeItemImage" itemprop="image" alt="cucumbers" src="/media/images/store_item/104.jpg"></td><td>cucumbers</td><td class="not_printable sorting_1">vegetables</td><td><img style="width:50%;" src="/media/images/logos/marchands/2.png" alt="Provigo"></td><td><span itemprop="price">$5.00</span><span itemprop="eligibleQuantity" itemscope="" itemtype="http://schema.org/QuantitativeValue">/<span itemprop="value">2</span></span></td><td>$8.33/kg</td><td style="display: none;">2020-02-26</td><td style="display: none;">Canada</td><td style="display: none;"></td><td style="display: none;">English</td><td style="display: none;"></td><td style="display: none;"></td><td style="display: none;"></td><td style="display: none;"></td><td style="display: none;"><a class="recipeLink" href="/recipe_ingredient_search_results.php?query=(_QU5E__1__________104__[]_1_1)">Recipes with cucumbers</a></td></tr><tr role="row" class="even"><td tabindex="0"><i class="fa fa-thumbs-down"></i></td><td class=" not_printable"><div class="addToGL" data-soscuisine-aisle="17" data-soscuisine-sip="3938197"><i class="fa fa-cart-plus" title="Add to My Grocery List"></i><div></div></div></td><td><img class="storeItemImage" itemprop="image" alt="cucumbers" src="/media/images/store_item/104.jpg"></td><td>cucumbers</td><td class="not_printable sorting_1">vegetables</td><td><img style="width:50%;" src="/media/images/logos/marchands/2.png" alt="Provigo"></td><td><span itemprop="price">$2.79</span><span itemprop="eligibleQuantity" itemscope="" itemtype="http://schema.org/QuantitativeValue"> ea.</span></td><td>$9.30/kg</td><td style="display: none;">2020-02-26</td><td style="display: none;">Canada</td><td style="display: none;"></td><td style="display: none;">English</td><td style="display: none;"></td><td style="display: none;"></td><td style="display: none;"></td><td style="display: none;"></td><td style="display: none;"><a class="recipeLink" href="/recipe_ingredient_search_results.php?query=(_QU5E__1__________104__[]_1_1)">Recipes with cucumbers</a></td></tr><tr role="row" class="odd"><td tabindex="0"><i class="fa fa-thumbs-down"></i></td><td class=" not_printable"><div class="addToGL" data-soscuisine-aisle="17" data-soscuisine-sip="3940903"><i class="fa fa-cart-plus" title="Add to My Grocery List"></i><div></div></div></td><td><img class="storeItemImage" itemprop="image" alt="cucumbers" src="/media/images/store_item/104.jpg"></td><td>cucumbers</td><td class="not_printable sorting_1">vegetables</td><td><img style="width:50%;" src="/media/images/logos/marchands/12.png" alt="Richelieu"></td><td><span itemprop="price">$3.99</span><span itemprop="eligibleQuantity" itemscope="" itemtype="http://schema.org/QuantitativeValue">/<span itemprop="unitText">14oz (397g)</span></span></td><td>$10.05/kg</td><td style="display: none;">2020-02-26</td><td style="display: none;">Canada</td><td style="display: none;"></td><td style="display: none;">Lebanese/mini</td><td style="display: none;"></td><td style="display: none;"></td><td style="display: none;"></td><td style="display: none;"></td><td style="display: none;"><a class="recipeLink" href="/recipe_ingredient_search_results.php?query=(_QU5E__1__________104__[]_1_1)">Recipes with cucumbers</a></td></tr><tr role="row" class="even"><td tabindex="0"><i class="fa fa-thumbs-down"></i></td><td class=" not_printable"><div class="addToGL" data-soscuisine-aisle="17" data-soscuisine-sip="3940499"><i class="fa fa-cart-plus" title="Add to My Grocery List"></i><div></div></div></td><td><img class="storeItemImage" itemprop="image" alt="cucumbers" src="/media/images/store_item/104.jpg"></td><td>cucumbers</td><td class="not_printable sorting_1">vegetables</td><td><img style="width:50%;" src="/media/images/logos/marchands/5.png" alt="Super C"></td><td><span itemprop="price">$2.99</span><span itemprop="eligibleQuantity" itemscope="" itemtype="http://schema.org/QuantitativeValue">/<span itemprop="unitText">14oz (397g)</span></span></td><td>$7.53/kg</td><td style="display: none;">2020-02-26</td><td style="display: none;">Canada</td><td style="display: none;"></td><td style="display: none;">Lebanese/mini</td><td style="display: none;"></td><td style="display: none;"></td><td style="display: none;"></td><td style="display: none;">or Mexico</td><td style="display: none;"><a class="recipeLink" href="/recipe_ingredient_search_results.php?query=(_QU5E__1__________104__[]_1_1)">Recipes with cucumbers</a></td></tr><tr role="row" class="odd"><td tabindex="0"><i class="fas fa-circle"></i></td><td class=" not_printable"><div class="addToGL" data-soscuisine-aisle="17" data-soscuisine-sip="3940497"><i class="fa fa-cart-plus" title="Add to My Grocery List"></i><div></div></div></td><td><img class="storeItemImage" itemprop="image" alt="cucumbers" src="/media/images/store_item/104.jpg"></td><td>cucumbers</td><td class="not_printable sorting_1">vegetables</td><td><img style="width:50%;" src="/media/images/logos/marchands/11.png" alt="Tradition"></td><td><span itemprop="price">$3.00</span><span itemprop="eligibleQuantity" itemscope="" itemtype="http://schema.org/QuantitativeValue">/<span itemprop="value">2</span></span></td><td>N/A</td><td style="display: none;">2020-02-26</td><td style="display: none;">Quebec</td><td style="display: none;"></td><td style="display: none;">size N/A</td><td style="display: none;"></td><td style="display: none;"></td><td style="display: none;"></td><td style="display: none;"></td><td style="display: none;"><a class="recipeLink" href="/recipe_ingredient_search_results.php?query=(_QU5E__1__________104__[]_1_1)">Recipes with cucumbers</a></td></tr><tr role="row" class="even"><td tabindex="0"><i class="fas fa-circle"></i></td><td class=" not_printable"><div class="addToGL" data-soscuisine-aisle="17" data-soscuisine-sip="3939257"><i class="fa fa-cart-plus" title="Add to My Grocery List"></i><div></div></div></td><td><img class="storeItemImage" itemprop="image" alt="cucumbers ORGANIC" src="/media/images/store_item/793.jpg"></td><td>cucumbers ORGANIC</td><td class="not_printable sorting_1">vegetables</td><td><img style="width:50%;" src="/media/images/logos/marchands/3.png" alt="IGA"></td><td><span itemprop="price">$6.00</span><span itemprop="eligibleQuantity" itemscope="" itemtype="http://schema.org/QuantitativeValue">/<span itemprop="value">2</span></span></td><td>N/A</td><td style="display: none;">2020-02-26</td><td style="display: none;">Quebec</td><td style="display: none;"></td><td style="display: none;">size N/A</td><td style="display: none;">seedless</td><td style="display: none;"></td><td style="display: none;"></td><td style="display: none;">or Spain</td><td style="display: none;"><a class="recipeLink" href="/recipe_ingredient_search_results.php?query=(_QU5E__1__________793__[]_1_1)">Recipes with cucumbers ORGANIC</a></td></tr><tr role="row" class="odd"><td tabindex="0"><i class="fas fa-circle"></i></td><td class=" not_printable"><div class="addToGL" data-soscuisine-aisle="17" data-soscuisine-sip="3939209"><i class="fa fa-cart-plus" title="Add to My Grocery List"></i><div></div></div></td><td><img class="storeItemImage" alt="dandelions" src="/media/images/store_item/blank.jpg"></td><td>dandelions</td><td class="not_printable sorting_1">vegetables</td><td><img style="width:50%;" src="/media/images/logos/marchands/63.png" alt="Marché Adonis"></td><td><span itemprop="price">$5.00</span><span itemprop="eligibleQuantity" itemscope="" itemtype="http://schema.org/QuantitativeValue">/<span itemprop="value">3</span> bunches</span></td><td>N/A</td><td style="display: none;">2020-02-26</td><td style="display: none;">USA</td><td style="display: none;"></td><td style="display: none;">size N/A</td><td style="display: none;"></td><td style="display: none;"></td><td style="display: none;"></td><td style="display: none;"></td><td style="display: none;"></td></tr><tr role="row" class="even"><td tabindex="0"><i class="fas fa-hand-rock"></i></td><td class=" not_printable"><div class="addToGL" data-soscuisine-aisle="17" data-soscuisine-sip="3937471"><i class="fa fa-cart-plus" title="Add to My Grocery List"></i><div></div></div></td><td><img class="storeItemImage" itemprop="image" alt="garlic" src="/media/images/store_item/97.jpg"></td><td>garlic</td><td class="not_printable sorting_1">vegetables</td><td><img style="width:50%;" src="/media/images/logos/marchands/6.png" alt="Maxi"></td><td><span itemprop="price">$0.67</span><span itemprop="eligibleQuantity" itemscope="" itemtype="http://schema.org/QuantitativeValue">/<span itemprop="unitText">3 heads</span></span></td><td>$5.32/kg</td><td style="display: none;">2020-02-26</td><td style="display: none;">China</td><td style="display: none;">Rooster</td><td style="display: none;">standard</td><td style="display: none;"></td><td style="display: none;"></td><td style="display: none;"></td><td style="display: none;"></td><td style="display: none;"><a class="recipeLink" href="/recipe_ingredient_search_results.php?query=(_QU5E__1__________97__[]_1_1)">Recipes with garlic</a></td></tr><tr role="row" class="odd"><td tabindex="0"><i class="fas fa-hand-rock"></i></td><td class=" not_printable"><div class="addToGL" data-soscuisine-aisle="17" data-soscuisine-sip="3939851"><i class="fa fa-cart-plus" title="Add to My Grocery List"></i><div></div></div></td><td><img class="storeItemImage" itemprop="image" alt="green beans" src="/media/images/store_item/106.jpg"></td><td>green beans</td><td class="not_printable sorting_1">vegetables</td><td><img style="width:50%;" src="/media/images/logos/marchands/10.png" alt="Bonichoix"></td><td><span itemprop="price">$2.99</span><span itemprop="eligibleQuantity" itemscope="" itemtype="http://schema.org/QuantitativeValue">/<span itemprop="unitText">lb</span></span></td><td>$6.59/kg</td><td style="display: none;">2020-02-26</td><td style="display: none;">USA</td><td style="display: none;"></td><td style="display: none;"></td><td style="display: none;"></td><td style="display: none;"></td><td style="display: none;"></td><td style="display: none;"></td><td style="display: none;"><a class="recipeLink" href="/recipe_ingredient_search_results.php?query=(_QU5E__1__________106__[]_1_1)">Recipes with green beans</a></td></tr><tr role="row" class="even"><td tabindex="0"><i class="fa fa-thumbs-up"></i></td><td class=" not_printable"><div class="addToGL" data-soscuisine-aisle="17" data-soscuisine-sip="3937275"><i class="fa fa-cart-plus" title="Add to My Grocery List"></i><div></div></div></td><td><img class="storeItemImage" itemprop="image" alt="green beans" src="/media/images/store_item/106.jpg"></td><td>green beans</td><td class="not_printable sorting_1">vegetables</td><td><img style="width:50%;" src="/media/images/logos/marchands/75.png" alt="Fruiterie 440"></td><td><span itemprop="price">$1.49</span><span itemprop="eligibleQuantity" itemscope="" itemtype="http://schema.org/QuantitativeValue">/<span itemprop="unitText">lb</span></span></td><td>$3.28/kg</td><td style="display: none;">2020-02-23</td><td style="display: none;">USA</td><td style="display: none;"></td><td style="display: none;"></td><td style="display: none;"></td><td style="display: none;"></td><td style="display: none;"></td><td style="display: none;"></td><td style="display: none;"><a class="recipeLink" href="/recipe_ingredient_search_results.php?query=(_QU5E__1__________106__[]_1_1)">Recipes with green beans</a></td></tr><tr role="row" class="odd"><td tabindex="0"><i class="fa fa-thumbs-down"></i></td><td class=" not_printable"><div class="addToGL" data-soscuisine-aisle="17" data-soscuisine-sip="3937633"><i class="fa fa-cart-plus" title="Add to My Grocery List"></i><div></div></div></td><td><img class="storeItemImage" itemprop="image" alt="green beans" src="/media/images/store_item/106.jpg"></td><td>green beans</td><td class="not_printable sorting_1">vegetables</td><td><img style="width:50%;" src="/media/images/logos/marchands/1.png" alt="Metro"></td><td><span itemprop="price">$3.99</span><span itemprop="eligibleQuantity" itemscope="" itemtype="http://schema.org/QuantitativeValue">/<span itemprop="unitText">12oz (340g)</span></span></td><td>$11.74/kg</td><td style="display: none;">2020-02-26</td><td style="display: none;">USA</td><td style="display: none;"></td><td style="display: none;"></td><td style="display: none;"></td><td style="display: none;"></td><td style="display: none;"></td><td style="display: none;"></td><td style="display: none;"><a class="recipeLink" href="/recipe_ingredient_search_results.php?query=(_QU5E__1__________106__[]_1_1)">Recipes with green beans</a></td></tr><tr role="row" class="even"><td tabindex="0"><i class="fas fa-hand-rock"></i></td><td class=" not_printable"><div class="addToGL" data-soscuisine-aisle="17" data-soscuisine-sip="3940921"><i class="fa fa-cart-plus" title="Add to My Grocery List"></i><div></div></div></td><td><img class="storeItemImage" itemprop="image" alt="green beans" src="/media/images/store_item/106.jpg"></td><td>green beans</td><td class="not_printable sorting_1">vegetables</td><td><img style="width:50%;" src="/media/images/logos/marchands/12.png" alt="Richelieu"></td><td><span itemprop="price">$3.99</span><span itemprop="eligibleQuantity" itemscope="" itemtype="http://schema.org/QuantitativeValue">/<span itemprop="unitText">lb</span></span></td><td>$8.80/kg</td><td style="display: none;">2020-02-26</td><td style="display: none;">USA</td><td style="display: none;"></td><td style="display: none;"></td><td style="display: none;"></td><td style="display: none;"></td><td style="display: none;"></td><td style="display: none;"></td><td style="display: none;"><a class="recipeLink" href="/recipe_ingredient_search_results.php?query=(_QU5E__1__________106__[]_1_1)">Recipes with green beans</a></td></tr><tr role="row" class="odd"><td tabindex="0"><i class="fas fa-hand-rock"></i></td><td class=" not_printable"><div class="addToGL" data-soscuisine-aisle="17" data-soscuisine-sip="3938505"><i class="fa fa-cart-plus" title="Add to My Grocery List"></i><div></div></div></td><td><img class="storeItemImage" itemprop="image" alt="green onions/scallions" src="/media/images/store_item/118.jpg"></td><td>green onions/scallions</td><td class="not_printable sorting_1">vegetables</td><td><img style="width:50%;" src="/media/images/logos/marchands/7.png" alt="Intermarché (Saveurs intl.)"></td><td><span itemprop="price">$0.50</span><span itemprop="eligibleQuantity" itemscope="" itemtype="http://schema.org/QuantitativeValue">/bunch</span></td><td>$4.17/kg</td><td style="display: none;">2020-02-26</td><td style="display: none;">Mexico</td><td style="display: none;"></td><td style="display: none;">standard</td><td style="display: none;"></td><td style="display: none;"></td><td style="display: none;"></td><td style="display: none;"></td><td style="display: none;"><a class="recipeLink" href="/recipe_ingredient_search_results.php?query=(_QU5E__1__________118__[]_1_1)">Recipes with green onions/scallions</a></td></tr><tr role="row" class="even"><td tabindex="0"><i class="fas fa-hand-rock"></i></td><td class=" not_printable"><div class="addToGL" data-soscuisine-aisle="17" data-soscuisine-sip="3939211"><i class="fa fa-cart-plus" title="Add to My Grocery List"></i><div></div></div></td><td><img class="storeItemImage" itemprop="image" alt="green onions/scallions" src="/media/images/store_item/118.jpg"></td><td>green onions/scallions</td><td class="not_printable sorting_1">vegetables</td><td><img style="width:50%;" src="/media/images/logos/marchands/63.png" alt="Marché Adonis"></td><td><span itemprop="price">$1.99</span><span itemprop="eligibleQuantity" itemscope="" itemtype="http://schema.org/QuantitativeValue">/<span itemprop="value">3</span> bunches</span></td><td>$5.53/kg</td><td style="display: none;">2020-02-26</td><td style="display: none;">USA</td><td style="display: none;"></td><td style="display: none;">standard</td><td style="display: none;"></td><td style="display: none;"></td><td style="display: none;"></td><td style="display: none;"></td><td style="display: none;"><a class="recipeLink" href="/recipe_ingredient_search_results.php?query=(_QU5E__1__________118__[]_1_1)">Recipes with green onions/scallions</a></td></tr><tr role="row" class="odd"><td tabindex="0"><i class="fa fa-thumbs-down"></i></td><td class=" not_printable"><div class="addToGL" data-soscuisine-aisle="17" data-soscuisine-sip="3937463"><i class="fa fa-cart-plus" title="Add to My Grocery List"></i><div></div></div></td><td><img class="storeItemImage" itemprop="image" alt="green onions/scallions" src="/media/images/store_item/118.jpg"></td><td>green onions/scallions</td><td class="not_printable sorting_1">vegetables</td><td><img style="width:50%;" src="/media/images/logos/marchands/6.png" alt="Maxi"></td><td><span itemprop="price">$1.00</span><span itemprop="eligibleQuantity" itemscope="" itemtype="http://schema.org/QuantitativeValue">/bunch</span></td><td>$8.33/kg</td><td style="display: none;">2020-02-26</td><td style="display: none;">Mexico</td><td style="display: none;"></td><td style="display: none;">standard</td><td style="display: none;"></td><td style="display: none;"></td><td style="display: none;"></td><td style="display: none;"></td><td style="display: none;"><a class="recipeLink" href="/recipe_ingredient_search_results.php?query=(_QU5E__1__________118__[]_1_1)">Recipes with green onions/scallions</a></td></tr><tr role="row" class="even"><td tabindex="0"><i class="fa fa-thumbs-down"></i></td><td class=" not_printable"><div class="addToGL" data-soscuisine-aisle="17" data-soscuisine-sip="3940463"><i class="fa fa-cart-plus" title="Add to My Grocery List"></i><div></div></div></td><td><img class="storeItemImage" itemprop="image" alt="green onions/scallions" src="/media/images/store_item/118.jpg"></td><td>green onions/scallions</td><td class="not_printable sorting_1">vegetables</td><td><img style="width:50%;" src="/media/images/logos/marchands/5.png" alt="Super C"></td><td><span itemprop="price">$0.99</span><span itemprop="eligibleQuantity" itemscope="" itemtype="http://schema.org/QuantitativeValue">/bunch</span></td><td>$8.25/kg</td><td style="display: none;">2020-02-26</td><td style="display: none;">Mexico</td><td style="display: none;"></td><td style="display: none;">standard</td><td style="display: none;"></td><td style="display: none;"></td><td style="display: none;"></td><td style="display: none;"></td><td style="display: none;"><a class="recipeLink" href="/recipe_ingredient_search_results.php?query=(_QU5E__1__________118__[]_1_1)">Recipes with green onions/scallions</a></td></tr><tr role="row" class="odd"><td tabindex="0"><i class="fa fa-thumbs-down"></i></td><td class=" not_printable"><div class="addToGL" data-soscuisine-aisle="17" data-soscuisine-sip="3940855"><i class="fa fa-cart-plus" title="Add to My Grocery List"></i><div></div></div></td><td><img class="storeItemImage" itemprop="image" alt="head lettuce (iceberg)" src="/media/images/store_item/690.jpg"></td><td>head lettuce (iceberg)</td><td class="not_printable sorting_1">vegetables</td><td><img style="width:50%;" src="/media/images/logos/marchands/12.png" alt="Richelieu"></td><td><span itemprop="price">$3.00</span><span itemprop="eligibleQuantity" itemscope="" itemtype="http://schema.org/QuantitativeValue">/<span itemprop="value">2</span></span></td><td>$2.48/kg</td><td style="display: none;">2020-02-26</td><td style="display: none;">USA</td><td style="display: none;"></td><td style="display: none;">size 30</td><td style="display: none;"></td><td style="display: none;"></td><td style="display: none;"></td><td style="display: none;"></td><td style="display: none;"></td></tr><tr role="row" class="even"><td tabindex="0"><i class="fas fa-circle"></i></td><td class=" not_printable"><div class="addToGL" data-soscuisine-aisle="17" data-soscuisine-sip="3940551"><i class="fa fa-cart-plus" title="Add to My Grocery List"></i><div></div></div></td><td><img class="storeItemImage" itemprop="image" alt="head lettuce (iceberg)" src="/media/images/store_item/690.jpg"></td><td>head lettuce (iceberg)</td><td class="not_printable sorting_1">vegetables</td><td><img style="width:50%;" src="/media/images/logos/marchands/11.png" alt="Tradition"></td><td><span itemprop="price">$5.00</span><span itemprop="eligibleQuantity" itemscope="" itemtype="http://schema.org/QuantitativeValue">/<span itemprop="value">2</span></span></td><td>N/A</td><td style="display: none;">2020-02-26</td><td style="display: none;">USA</td><td style="display: none;"></td><td style="display: none;">size N/A</td><td style="display: none;"></td><td style="display: none;"></td><td style="display: none;"></td><td style="display: none;"></td><td style="display: none;"></td></tr><tr role="row" class="odd"><td tabindex="0"><i class="fas fa-circle"></i></td><td class=" not_printable"><div class="addToGL" data-soscuisine-aisle="17" data-soscuisine-sip="3938791"><i class="fa fa-cart-plus" title="Add to My Grocery List"></i><div></div></div></td><td><img class="storeItemImage" itemprop="image" alt="head lettuce (iceberg) ORGANIC" src="/media/images/store_item/813.jpg"></td><td>head lettuce (iceberg) ORGANIC</td><td class="not_printable sorting_1">vegetables</td><td><img style="width:50%;" src="/media/images/logos/marchands/93.png" alt="Rachelle Béry"></td><td><span itemprop="price">$2.99</span><span itemprop="eligibleQuantity" itemscope="" itemtype="http://schema.org/QuantitativeValue"> ea.</span></td><td>N/A</td><td style="display: none;">2020-03-04</td><td style="display: none;">USA</td><td style="display: none;"></td><td style="display: none;">size N/A</td><td style="display: none;"></td><td style="display: none;"></td><td style="display: none;"></td><td style="display: none;"></td><td style="display: none;"></td></tr><tr role="row" class="even"><td tabindex="0"><i class="fas fa-circle"></i></td><td class=" not_printable"><div class="addToGL" data-soscuisine-aisle="17" data-soscuisine-sip="3939327"><i class="fa fa-cart-plus" title="Add to My Grocery List"></i><div></div></div></td><td><img class="storeItemImage" itemprop="image" alt="kale" src="/media/images/store_item/124.jpg"></td><td>kale</td><td class="not_printable sorting_1">vegetables</td><td><img style="width:50%;" src="/media/images/logos/marchands/3.png" alt="IGA"></td><td><span itemprop="price">$6.00</span><span itemprop="eligibleQuantity" itemscope="" itemtype="http://schema.org/QuantitativeValue">/<span itemprop="value">2</span>x<span itemprop="unitText">bunch</span></span></td><td>N/A</td><td style="display: none;">2020-02-26</td><td style="display: none;">USA</td><td style="display: none;"></td><td style="display: none;">size N/A</td><td style="display: none;"></td><td style="display: none;"></td><td style="display: none;"></td><td style="display: none;">or Mexico</td><td style="display: none;"><a class="recipeLink" href="/recipe_ingredient_search_results.php?query=(_QU5E__1__________124__[]_1_1)">Recipes with kale</a></td></tr><tr role="row" class="odd"><td tabindex="0"><i class="fas fa-circle"></i></td><td class=" not_printable"><div class="addToGL" data-soscuisine-aisle="17" data-soscuisine-sip="3940513"><i class="fa fa-cart-plus" title="Add to My Grocery List"></i><div></div></div></td><td><img class="storeItemImage" itemprop="image" alt="kale" src="/media/images/store_item/124.jpg"></td><td>kale</td><td class="not_printable sorting_1">vegetables</td><td><img style="width:50%;" src="/media/images/logos/marchands/5.png" alt="Super C"></td><td><span itemprop="price">$1.99</span><span itemprop="eligibleQuantity" itemscope="" itemtype="http://schema.org/QuantitativeValue">/<span itemprop="unitText">bunch</span></span></td><td>N/A</td><td style="display: none;">2020-02-26</td><td style="display: none;">USA</td><td style="display: none;"></td><td style="display: none;">size N/A</td><td style="display: none;"></td><td style="display: none;"></td><td style="display: none;"></td><td style="display: none;">or Mexico</td><td style="display: none;"><a class="recipeLink" href="/recipe_ingredient_search_results.php?query=(_QU5E__1__________124__[]_1_1)">Recipes with kale</a></td></tr><tr role="row" class="even"><td tabindex="0"><i class="fas fa-circle"></i></td><td class=" not_printable"><div class="addToGL" data-soscuisine-aisle="17" data-soscuisine-sip="3939339"><i class="fa fa-cart-plus" title="Add to My Grocery List"></i><div></div></div></td><td><img class="storeItemImage" alt="kohlrabis" src="/media/images/store_item/blank.jpg"></td><td>kohlrabis</td><td class="not_printable sorting_1">vegetables</td><td><img style="width:50%;" src="/media/images/logos/marchands/3.png" alt="IGA"></td><td><span itemprop="price">$6.00</span><span itemprop="eligibleQuantity" itemscope="" itemtype="http://schema.org/QuantitativeValue">/<span itemprop="value">2</span>x<span itemprop="unitText">bunch</span></span></td><td>N/A</td><td style="display: none;">2020-02-26</td><td style="display: none;">USA</td><td style="display: none;"></td><td style="display: none;">size N/A</td><td style="display: none;"></td><td style="display: none;"></td><td style="display: none;"></td><td style="display: none;">or Mexico</td><td style="display: none;"><a class="recipeLink" href="/recipe_ingredient_search_results.php?query=(_QU5E__1__________611__[]_1_1)">Recipes with kohlrabis</a></td></tr><tr role="row" class="odd"><td tabindex="0"><i class="fa fa-thumbs-down"></i></td><td class=" not_printable"><div class="addToGL" data-soscuisine-aisle="17" data-soscuisine-sip="3937639"><i class="fa fa-cart-plus" title="Add to My Grocery List"></i><div></div></div></td><td><img class="storeItemImage" itemprop="image" alt="leeks" src="/media/images/store_item/115.jpg"></td><td>leeks</td><td class="not_printable sorting_1">vegetables</td><td><img style="width:50%;" src="/media/images/logos/marchands/1.png" alt="Metro"></td><td><span itemprop="price">$5.00</span><span itemprop="eligibleQuantity" itemscope="" itemtype="http://schema.org/QuantitativeValue">/<span itemprop="value">2</span>x<span itemprop="unitText">250g</span></span></td><td>$10.00/kg</td><td style="display: none;">2020-02-26</td><td style="display: none;">France</td><td style="display: none;"></td><td style="display: none;"></td><td style="display: none;"></td><td style="display: none;"></td><td style="display: none;">sliced</td><td style="display: none;"></td><td style="display: none;"><a class="recipeLink" href="/recipe_ingredient_search_results.php?query=(_QU5E__1__________115__[]_1_1)">Recipes with leeks</a></td></tr><tr role="row" class="even"><td tabindex="0"><i class="fas fa-circle"></i></td><td class=" not_printable"><div class="addToGL" data-soscuisine-aisle="17" data-soscuisine-sip="3937487"><i class="fa fa-cart-plus" title="Add to My Grocery List"></i><div></div></div></td><td><img class="storeItemImage" itemprop="image" alt="lettuces, Boston (butter)" src="/media/images/store_item/310.jpg"></td><td>lettuces, Boston (butter)</td><td class="not_printable sorting_1">vegetables</td><td><img style="width:50%;" src="/media/images/logos/marchands/6.png" alt="Maxi"></td><td><span itemprop="price">$2.00</span><span itemprop="eligibleQuantity" itemscope="" itemtype="http://schema.org/QuantitativeValue">/<span itemprop="unitText">2-pack</span></span></td><td>N/A</td><td style="display: none;">2020-02-26</td><td style="display: none;">Quebec</td><td style="display: none;">Mirabel</td><td style="display: none;">size N/A</td><td style="display: none;">hydroponic</td><td style="display: none;"></td><td style="display: none;"></td><td style="display: none;"></td><td style="display: none;"><a class="recipeLink" href="/recipe_ingredient_search_results.php?query=(_QU5E__1__________310__[]_1_1)">Recipes with lettuces, Boston (butter)</a></td></tr><tr role="row" class="odd"><td tabindex="0"><i class="fas fa-exclamation"></i></td><td class=" not_printable"><div class="addToGL" data-soscuisine-aisle="17" data-soscuisine-sip="3942013"><i class="fa fa-cart-plus" title="Add to My Grocery List"></i><div></div></div></td><td><img class="storeItemImage" alt="lettuces, curly leaf" src="/media/images/store_item/blank.jpg"></td><td>lettuces, curly leaf</td><td class="not_printable sorting_1">vegetables</td><td><img style="width:50%;" src="/media/images/logos/marchands/13.png" alt="Jardin Mobile"></td><td><span itemprop="price">$0.99</span><span itemprop="eligibleQuantity" itemscope="" itemtype="http://schema.org/QuantitativeValue"> ea.</span></td><td>$2.83/kg</td><td style="display: none;">2020-02-26</td><td style="display: none;">USA</td><td style="display: none;"></td><td style="display: none;">standard</td><td style="display: none;">green or red</td><td style="display: none;"></td><td style="display: none;"></td><td style="display: none;"></td><td style="display: none;"><a class="recipeLink" href="/recipe_ingredient_search_results.php?query=(_QU5E__1__________345__[]_1_1)">Recipes with lettuces, curly leaf</a></td></tr><tr role="row" class="even"><td tabindex="0"><i class="fas fa-circle"></i></td><td class=" not_printable"><div class="addToGL" data-soscuisine-aisle="17" data-soscuisine-sip="3938533"><i class="fa fa-cart-plus" title="Add to My Grocery List"></i><div></div></div></td><td><img class="storeItemImage" alt="lettuces, escarole" src="/media/images/store_item/blank.jpg"></td><td>lettuces, escarole</td><td class="not_printable sorting_1">vegetables</td><td><img style="width:50%;" src="/media/images/logos/marchands/7.png" alt="Intermarché (Saveurs intl.)"></td><td><span itemprop="price">$1.50</span><span itemprop="eligibleQuantity" itemscope="" itemtype="http://schema.org/QuantitativeValue"> ea.</span></td><td>N/A</td><td style="display: none;">2020-02-26</td><td style="display: none;">USA</td><td style="display: none;"></td><td style="display: none;">size N/A</td><td style="display: none;"></td><td style="display: none;"></td><td style="display: none;"></td><td style="display: none;"></td><td style="display: none;"><a class="recipeLink" href="/recipe_ingredient_search_results.php?query=(_QU5E__1__________558__[]_1_1)">Recipes with lettuces, escarole</a></td></tr><tr role="row" class="odd"><td tabindex="0"><i class="fas fa-circle"></i></td><td class=" not_printable"><div class="addToGL" data-soscuisine-aisle="17" data-soscuisine-sip="3937267"><i class="fa fa-cart-plus" title="Add to My Grocery List"></i><div></div></div></td><td><img class="storeItemImage" itemprop="image" alt="lettuces, Romaine" src="/media/images/store_item/131.jpg"></td><td>lettuces, Romaine</td><td class="not_printable sorting_1">vegetables</td><td><img style="width:50%;" src="/media/images/logos/marchands/75.png" alt="Fruiterie 440"></td><td><span itemprop="price">$0.99</span><span itemprop="eligibleQuantity" itemscope="" itemtype="http://schema.org/QuantitativeValue"> ea.</span></td><td>N/A</td><td style="display: none;">2020-02-23</td><td style="display: none;">USA</td><td style="display: none;"></td><td style="display: none;">size N/A</td><td style="display: none;"></td><td style="display: none;"></td><td style="display: none;"></td><td style="display: none;"></td><td style="display: none;"><a class="recipeLink" href="/recipe_ingredient_search_results.php?query=(_QU5E__1__________131__[]_1_1)">Recipes with lettuces, Romaine</a></td></tr><tr role="row" class="even"><td tabindex="0"><i class="fas fa-circle"></i></td><td class=" not_printable"><div class="addToGL" data-soscuisine-aisle="17" data-soscuisine-sip="3938623"><i class="fa fa-cart-plus" title="Add to My Grocery List"></i><div></div></div></td><td><img class="storeItemImage" itemprop="image" alt="lettuces, Romaine" src="/media/images/store_item/131.jpg"></td><td>lettuces, Romaine</td><td class="not_printable sorting_1">vegetables</td><td><img style="width:50%;" src="/media/images/logos/marchands/69.png" alt="Intermarche (Provincial)"></td><td><span itemprop="price">$1.49</span><span itemprop="eligibleQuantity" itemscope="" itemtype="http://schema.org/QuantitativeValue"> ea.</span></td><td>N/A</td><td style="display: none;">2020-02-26</td><td style="display: none;">USA</td><td style="display: none;"></td><td style="display: none;">size N/A</td><td style="display: none;"></td><td style="display: none;"></td><td style="display: none;"></td><td style="display: none;">or Mexico</td><td style="display: none;"><a class="recipeLink" href="/recipe_ingredient_search_results.php?query=(_QU5E__1__________131__[]_1_1)">Recipes with lettuces, Romaine</a></td></tr><tr role="row" class="odd"><td tabindex="0"><i class="fas fa-exclamation"></i></td><td class=" not_printable"><div class="addToGL" data-soscuisine-aisle="17" data-soscuisine-sip="3937593"><i class="fa fa-cart-plus" title="Add to My Grocery List"></i><div></div></div></td><td><img class="storeItemImage" itemprop="image" alt="lettuces, Romaine" src="/media/images/store_item/131.jpg"></td><td>lettuces, Romaine</td><td class="not_printable sorting_1">vegetables</td><td><img style="width:50%;" src="/media/images/logos/marchands/1.png" alt="Metro"></td><td><span itemprop="price">$5.00</span><span itemprop="eligibleQuantity" itemscope="" itemtype="http://schema.org/QuantitativeValue">/<span itemprop="value">4</span></span></td><td>$1.92/kg</td><td style="display: none;">2020-02-26</td><td style="display: none;">USA</td><td style="display: none;"></td><td style="display: none;">size 24</td><td style="display: none;"></td><td style="display: none;"></td><td style="display: none;"></td><td style="display: none;"></td><td style="display: none;"><a class="recipeLink" href="/recipe_ingredient_search_results.php?query=(_QU5E__1__________131__[]_1_1)">Recipes with lettuces, Romaine</a></td></tr><tr role="row" class="even"><td tabindex="0"><i class="fa fa-thumbs-down"></i></td><td class=" not_printable"><div class="addToGL" data-soscuisine-aisle="17" data-soscuisine-sip="3939349"><i class="fa fa-cart-plus" title="Add to My Grocery List"></i><div></div></div></td><td><img class="storeItemImage" alt="lettuces, Romaine, hearts" src="/media/images/store_item/blank.jpg"></td><td>lettuces, Romaine, hearts</td><td class="not_printable sorting_1">vegetables</td><td><img style="width:50%;" src="/media/images/logos/marchands/3.png" alt="IGA"></td><td><span itemprop="price">$6.99</span><span itemprop="eligibleQuantity" itemscope="" itemtype="http://schema.org/QuantitativeValue">/<span itemprop="unitText">6-pack</span></span></td><td>$10.31/kg</td><td style="display: none;">2020-02-26</td><td style="display: none;">USA</td><td style="display: none;"></td><td style="display: none;">standard</td><td style="display: none;"></td><td style="display: none;"></td><td style="display: none;"></td><td style="display: none;"></td><td style="display: none;"><a class="recipeLink" href="/recipe_ingredient_search_results.php?query=(_QU5E__1__________1020__[]_1_1)">Recipes with lettuces, Romaine, hearts</a></td></tr><tr role="row" class="odd"><td tabindex="0"><i class="fas fa-hand-rock"></i></td><td class=" not_printable"><div class="addToGL" data-soscuisine-aisle="17" data-soscuisine-sip="3939081"><i class="fa fa-cart-plus" title="Add to My Grocery List"></i><div></div></div></td><td><img class="storeItemImage" alt="lettuces, Romaine, hearts" src="/media/images/store_item/blank.jpg"></td><td>lettuces, Romaine, hearts</td><td class="not_printable sorting_1">vegetables</td><td><img style="width:50%;" src="/media/images/logos/marchands/63.png" alt="Marché Adonis"></td><td><span itemprop="price">$5.00</span><span itemprop="eligibleQuantity" itemscope="" itemtype="http://schema.org/QuantitativeValue">/<span itemprop="value">2</span>x<span itemprop="unitText">3-pack</span></span>s</td><td>$7.37/kg</td><td style="display: none;">2020-02-26</td><td style="display: none;">USA</td><td style="display: none;">Andy Boy</td><td style="display: none;">standard</td><td style="display: none;"></td><td style="display: none;"></td><td style="display: none;"></td><td style="display: none;"></td><td style="display: none;"><a class="recipeLink" href="/recipe_ingredient_search_results.php?query=(_QU5E__1__________1020__[]_1_1)">Recipes with lettuces, Romaine, hearts</a></td></tr><tr role="row" class="even"><td tabindex="0"><i class="fa fa-thumbs-down"></i></td><td class=" not_printable"><div class="addToGL" data-soscuisine-aisle="17" data-soscuisine-sip="3938201"><i class="fa fa-cart-plus" title="Add to My Grocery List"></i><div></div></div></td><td><img class="storeItemImage" alt="lettuces, Romaine, hearts" src="/media/images/store_item/blank.jpg"></td><td>lettuces, Romaine, hearts</td><td class="not_printable sorting_1">vegetables</td><td><img style="width:50%;" src="/media/images/logos/marchands/2.png" alt="Provigo"></td><td><span itemprop="price">$3.99</span><span itemprop="eligibleQuantity" itemscope="" itemtype="http://schema.org/QuantitativeValue">/<span itemprop="unitText">3-pack</span></span></td><td>$11.77/kg</td><td style="display: none;">2020-02-26</td><td style="display: none;">USA</td><td style="display: none;"></td><td style="display: none;">standard</td><td style="display: none;"></td><td style="display: none;"></td><td style="display: none;"></td><td style="display: none;">or Mexico</td><td style="display: none;"><a class="recipeLink" href="/recipe_ingredient_search_results.php?query=(_QU5E__1__________1020__[]_1_1)">Recipes with lettuces, Romaine, hearts</a></td></tr><tr role="row" class="odd"><td tabindex="0"><i class="fa fa-thumbs-up"></i><i class="fa fa-thumbs-up"></i></td><td class=" not_printable"><div class="addToGL" data-soscuisine-aisle="17" data-soscuisine-sip="3940393"><i class="fa fa-cart-plus" title="Add to My Grocery List"></i><div></div></div></td><td><img class="storeItemImage" alt="lettuces, Romaine, hearts" src="/media/images/store_item/blank.jpg"></td><td>lettuces, Romaine, hearts</td><td class="not_printable sorting_1">vegetables</td><td><img style="width:50%;" src="/media/images/logos/marchands/5.png" alt="Super C"></td><td><span itemprop="price">$1.99</span><span itemprop="eligibleQuantity" itemscope="" itemtype="http://schema.org/QuantitativeValue">/<span itemprop="unitText">3-pack</span></span></td><td>$5.87/kg</td><td style="display: none;">2020-02-26</td><td style="display: none;">USA</td><td style="display: none;">Andy Boy</td><td style="display: none;">standard</td><td style="display: none;"></td><td style="display: none;"></td><td style="display: none;"></td><td style="display: none;"></td><td style="display: none;"><a class="recipeLink" href="/recipe_ingredient_search_results.php?query=(_QU5E__1__________1020__[]_1_1)">Recipes with lettuces, Romaine, hearts</a></td></tr><tr role="row" class="even"><td tabindex="0"><i class="fa fa-thumbs-up"></i></td><td class=" not_printable"><div class="addToGL" data-soscuisine-aisle="17" data-soscuisine-sip="3936023"><i class="fa fa-cart-plus" title="Add to My Grocery List"></i><div></div></div></td><td><img class="storeItemImage" alt="lettuces, Romaine, hearts" src="/media/images/store_item/blank.jpg"></td><td>lettuces, Romaine, hearts</td><td class="not_printable sorting_1">vegetables</td><td><img style="width:50%;" src="/media/images/logos/marchands/62.png" alt="Supermarché PA"></td><td><span itemprop="price">$4.00</span><span itemprop="eligibleQuantity" itemscope="" itemtype="http://schema.org/QuantitativeValue">/<span itemprop="value">2</span>x<span itemprop="unitText">3-pack</span></span>s</td><td>$5.90/kg</td><td style="display: none;">2020-02-23</td><td style="display: none;"></td><td style="display: none;"></td><td style="display: none;">standard</td><td style="display: none;"></td><td style="display: none;"></td><td style="display: none;"></td><td style="display: none;"></td><td style="display: none;"><a class="recipeLink" href="/recipe_ingredient_search_results.php?query=(_QU5E__1__________1020__[]_1_1)">Recipes with lettuces, Romaine, hearts</a></td></tr><tr role="row" class="odd"><td tabindex="0"><i class="fas fa-hand-rock"></i></td><td class=" not_printable"><div class="addToGL" data-soscuisine-aisle="17" data-soscuisine-sip="3939351"><i class="fa fa-cart-plus" title="Add to My Grocery List"></i><div></div></div></td><td><img class="storeItemImage" itemprop="image" alt="lettuces, Romaine, hearts, ORGANIC" src="/media/images/store_item/1022.jpg"></td><td>lettuces, Romaine, hearts, ORGANIC</td><td class="not_printable sorting_1">vegetables</td><td><img style="width:50%;" src="/media/images/logos/marchands/3.png" alt="IGA"></td><td><span itemprop="price">$3.49</span><span itemprop="eligibleQuantity" itemscope="" itemtype="http://schema.org/QuantitativeValue">/<span itemprop="unitText">3-pack</span></span></td><td>$10.29/kg</td><td style="display: none;">2020-02-26</td><td style="display: none;">USA</td><td style="display: none;"></td><td style="display: none;">standard</td><td style="display: none;"></td><td style="display: none;"></td><td style="display: none;"></td><td style="display: none;"></td><td style="display: none;"><a class="recipeLink" href="/recipe_ingredient_search_results.php?query=(_QU5E__1__________1022__[]_1_1)">Recipes with lettuces, Romaine, hearts, ORGANIC</a></td></tr><tr role="row" class="even"><td tabindex="0"><i class="fa fa-thumbs-up"></i><i class="fa fa-thumbs-up"></i></td><td class=" not_printable"><div class="addToGL" data-soscuisine-aisle="17" data-soscuisine-sip="3938787"><i class="fa fa-cart-plus" title="Add to My Grocery List"></i><div></div></div></td><td><img class="storeItemImage" itemprop="image" alt="lettuces, Romaine, hearts, ORGANIC" src="/media/images/store_item/1022.jpg"></td><td>lettuces, Romaine, hearts, ORGANIC</td><td class="not_printable sorting_1">vegetables</td><td><img style="width:50%;" src="/media/images/logos/marchands/93.png" alt="Rachelle Béry"></td><td><span itemprop="price">$2.99</span><span itemprop="eligibleQuantity" itemscope="" itemtype="http://schema.org/QuantitativeValue">/<span itemprop="unitText">3-pack</span></span></td><td>$8.82/kg</td><td style="display: none;">2020-03-04</td><td style="display: none;">USA</td><td style="display: none;"></td><td style="display: none;">standard</td><td style="display: none;"></td><td style="display: none;"></td><td style="display: none;"></td><td style="display: none;"></td><td style="display: none;"><a class="recipeLink" href="/recipe_ingredient_search_results.php?query=(_QU5E__1__________1022__[]_1_1)">Recipes with lettuces, Romaine, hearts, ORGANIC</a></td></tr><tr role="row" class="odd"><td tabindex="0"><i class="fa fa-thumbs-up"></i><i class="fa fa-thumbs-up"></i></td><td class=" not_printable"><div class="addToGL" data-soscuisine-aisle="17" data-soscuisine-sip="3938529"><i class="fa fa-cart-plus" title="Add to My Grocery List"></i><div></div></div></td><td><img class="storeItemImage" itemprop="image" alt="mini-peppers" src="/media/images/store_item/768.jpg"></td><td>mini-peppers</td><td class="not_printable sorting_1">vegetables</td><td><img style="width:50%;" src="/media/images/logos/marchands/7.png" alt="Intermarché (Saveurs intl.)"></td><td><span itemprop="price">$1.67</span><span itemprop="eligibleQuantity" itemscope="" itemtype="http://schema.org/QuantitativeValue">/<span itemprop="unitText">1lb (454g)</span></span></td><td>$3.68/kg</td><td style="display: none;">2020-02-26</td><td style="display: none;">Mexico</td><td style="display: none;"></td><td style="display: none;"></td><td style="display: none;"></td><td style="display: none;"></td><td style="display: none;"></td><td style="display: none;"></td><td style="display: none;"></td></tr><tr role="row" class="even"><td tabindex="0"><i class="fas fa-hand-rock"></i></td><td class=" not_printable"><div class="addToGL" data-soscuisine-aisle="17" data-soscuisine-sip="3942093"><i class="fa fa-cart-plus" title="Add to My Grocery List"></i><div></div></div></td><td><img class="storeItemImage" itemprop="image" alt="mini-peppers" src="/media/images/store_item/768.jpg"></td><td>mini-peppers</td><td class="not_printable sorting_1">vegetables</td><td><img style="width:50%;" src="/media/images/logos/marchands/13.png" alt="Jardin Mobile"></td><td><span itemprop="price">$2.99</span><span itemprop="eligibleQuantity" itemscope="" itemtype="http://schema.org/QuantitativeValue">/<span itemprop="unitText">1lb (454g)</span></span></td><td>$6.59/kg</td><td style="display: none;">2020-02-26</td><td style="display: none;">Mexico</td><td style="display: none;"></td><td style="display: none;"></td><td style="display: none;"></td><td style="display: none;"></td><td style="display: none;"></td><td style="display: none;"></td><td style="display: none;"></td></tr><tr role="row" class="odd"><td tabindex="0"><i class="fa fa-thumbs-down"></i></td><td class=" not_printable"><div class="addToGL" data-soscuisine-aisle="17" data-soscuisine-sip="3940919"><i class="fa fa-cart-plus" title="Add to My Grocery List"></i><div></div></div></td><td><img class="storeItemImage" itemprop="image" alt="mini-peppers" src="/media/images/store_item/768.jpg"></td><td>mini-peppers</td><td class="not_printable sorting_1">vegetables</td><td><img style="width:50%;" src="/media/images/logos/marchands/12.png" alt="Richelieu"></td><td><span itemprop="price">$3.99</span><span itemprop="eligibleQuantity" itemscope="" itemtype="http://schema.org/QuantitativeValue">/<span itemprop="unitText">8oz (227g)</span></span></td><td>$17.58/kg</td><td style="display: none;">2020-02-26</td><td style="display: none;">Canada</td><td style="display: none;"></td><td style="display: none;"></td><td style="display: none;"></td><td style="display: none;"></td><td style="display: none;"></td><td style="display: none;"></td><td style="display: none;"></td></tr><tr role="row" class="even"><td tabindex="0"><i class="fa fa-thumbs-up"></i><i class="fa fa-thumbs-up"></i></td><td class=" not_printable"><div class="addToGL" data-soscuisine-aisle="17" data-soscuisine-sip="3935907"><i class="fa fa-cart-plus" title="Add to My Grocery List"></i><div></div></div></td><td><img class="storeItemImage" itemprop="image" alt="mini-peppers" src="/media/images/store_item/768.jpg"></td><td>mini-peppers</td><td class="not_printable sorting_1">vegetables</td><td><img style="width:50%;" src="/media/images/logos/marchands/62.png" alt="Supermarché PA"></td><td><span itemprop="price">$1.00</span><span itemprop="eligibleQuantity" itemscope="" itemtype="http://schema.org/QuantitativeValue">/<span itemprop="unitText">1lb (454g)</span></span></td><td>$2.20/kg</td><td style="display: none;">2020-02-23</td><td style="display: none;"></td><td style="display: none;"></td><td style="display: none;"></td><td style="display: none;"></td><td style="display: none;"></td><td style="display: none;"></td><td style="display: none;"></td><td style="display: none;"></td></tr><tr role="row" class="odd"><td tabindex="0"><i class="fas fa-exclamation"></i></td><td class=" not_printable"><div class="addToGL" data-soscuisine-aisle="17" data-soscuisine-sip="3937403"><i class="fa fa-cart-plus" title="Add to My Grocery List"></i><div></div></div></td><td><img class="storeItemImage" alt="mini-peppers ORGANIC" src="/media/images/store_item/blank.jpg"></td><td>mini-peppers ORGANIC</td><td class="not_printable sorting_1">vegetables</td><td><img style="width:50%;" src="/media/images/logos/marchands/95.png" alt="Marchés Tau"></td><td><span itemprop="price">$1.99</span><span itemprop="eligibleQuantity" itemscope="" itemtype="http://schema.org/QuantitativeValue">/<span itemprop="unitText">8oz (227g)</span></span></td><td>$8.77/kg</td><td style="display: none;">2020-03-29</td><td style="display: none;">Mexico</td><td style="display: none;"></td><td style="display: none;"></td><td style="display: none;"></td><td style="display: none;"></td><td style="display: none;"></td><td style="display: none;"></td><td style="display: none;"></td></tr><tr role="row" class="even"><td tabindex="0"><i class="fa fa-thumbs-down"></i></td><td class=" not_printable"><div class="addToGL" data-soscuisine-aisle="17" data-soscuisine-sip="3939849"><i class="fa fa-cart-plus" title="Add to My Grocery List"></i><div></div></div></td><td><img class="storeItemImage" itemprop="image" alt="mini-tomatoes (cherry, miniature or grape)" src="/media/images/store_item/318.jpg"></td><td>mini-tomatoes (cherry, miniature or grape)</td><td class="not_printable sorting_1">vegetables</td><td><img style="width:50%;" src="/media/images/logos/marchands/10.png" alt="Bonichoix"></td><td><span itemprop="price">$7.00</span><span itemprop="eligibleQuantity" itemscope="" itemtype="http://schema.org/QuantitativeValue">/<span itemprop="value">2</span>x<span itemprop="unitText">9oz (255g)</span></span></td><td>$13.73/kg</td><td style="display: none;">2020-02-26</td><td style="display: none;">Canada</td><td style="display: none;"></td><td style="display: none;">cherry, grape</td><td style="display: none;"></td><td style="display: none;"></td><td style="display: none;"></td><td style="display: none;">Angel Sweet, Candi-To, or Zima, or Mexico</td><td style="display: none;"><a class="recipeLink" href="/recipe_ingredient_search_results.php?query=(_QU5E__1__________318__[]_1_1)">Recipes with mini-tomatoes (cherry, miniature or grape)</a></td></tr><tr role="row" class="odd"><td tabindex="0"><i class="fas fa-hand-rock"></i></td><td class=" not_printable"><div class="addToGL" data-soscuisine-aisle="17" data-soscuisine-sip="3937453"><i class="fa fa-cart-plus" title="Add to My Grocery List"></i><div></div></div></td><td><img class="storeItemImage" itemprop="image" alt="mini-tomatoes (cherry, miniature or grape)" src="/media/images/store_item/318.jpg"></td><td>mini-tomatoes (cherry, miniature or grape)</td><td class="not_printable sorting_1">vegetables</td><td><img style="width:50%;" src="/media/images/logos/marchands/6.png" alt="Maxi"></td><td><span itemprop="price">$2.00</span><span itemprop="eligibleQuantity" itemscope="" itemtype="http://schema.org/QuantitativeValue">/<span itemprop="unitText">9oz (255g)</span></span></td><td>$7.84/kg</td><td style="display: none;">2020-02-26</td><td style="display: none;">USA</td><td style="display: none;">house brand</td><td style="display: none;">grape</td><td style="display: none;"></td><td style="display: none;"></td><td style="display: none;"></td><td style="display: none;">or Mexico</td><td style="display: none;"><a class="recipeLink" href="/recipe_ingredient_search_results.php?query=(_QU5E__1__________318__[]_1_1)">Recipes with mini-tomatoes (cherry, miniature or grape)</a></td></tr><tr role="row" class="even"><td tabindex="0"><i class="fas fa-circle"></i></td><td class=" not_printable"><div class="addToGL" data-soscuisine-aisle="17" data-soscuisine-sip="3940555"><i class="fa fa-cart-plus" title="Add to My Grocery List"></i><div></div></div></td><td><img class="storeItemImage" itemprop="image" alt="mini-tomatoes (cherry, miniature or grape)" src="/media/images/store_item/318.jpg"></td><td>mini-tomatoes (cherry, miniature or grape)</td><td class="not_printable sorting_1">vegetables</td><td><img style="width:50%;" src="/media/images/logos/marchands/11.png" alt="Tradition"></td><td><span itemprop="price">$5.00</span><span itemprop="eligibleQuantity" itemscope="" itemtype="http://schema.org/QuantitativeValue">/<span itemprop="value">2</span>x <span itemprop="unitText">pack</span></span>s</td><td>N/A</td><td style="display: none;">2020-02-26</td><td style="display: none;">Mexico</td><td style="display: none;"></td><td style="display: none;">grape</td><td style="display: none;"></td><td style="display: none;"></td><td style="display: none;"></td><td style="display: none;"></td><td style="display: none;"><a class="recipeLink" href="/recipe_ingredient_search_results.php?query=(_QU5E__1__________318__[]_1_1)">Recipes with mini-tomatoes (cherry, miniature or grape)</a></td></tr><tr role="row" class="odd"><td tabindex="0"><i class="fa fa-thumbs-up"></i><i class="fa fa-thumbs-up"></i></td><td class=" not_printable"><div class="addToGL" data-soscuisine-aisle="17" data-soscuisine-sip="3938755"><i class="fa fa-cart-plus" title="Add to My Grocery List"></i><div></div></div></td><td><img class="storeItemImage" itemprop="image" alt="mini-tomatoes (cherry, miniature or grape) ORGANIC" src="/media/images/store_item/701.jpg"></td><td>mini-tomatoes (cherry, miniature or grape) ORGANIC</td><td class="not_printable sorting_1">vegetables</td><td><img style="width:50%;" src="/media/images/logos/marchands/93.png" alt="Rachelle Béry"></td><td><span itemprop="price">$3.99</span><span itemprop="eligibleQuantity" itemscope="" itemtype="http://schema.org/QuantitativeValue">/<span itemprop="unitText">1,5lb</span></span></td><td>$5.86/kg</td><td style="display: none;">2020-03-04</td><td style="display: none;">Mexico</td><td style="display: none;"></td><td style="display: none;">grape</td><td style="display: none;"></td><td style="display: none;"></td><td style="display: none;"></td><td style="display: none;"></td><td style="display: none;"><a class="recipeLink" href="/recipe_ingredient_search_results.php?query=(_QU5E__1__________701__[]_1_1)">Recipes with mini-tomatoes (cherry, miniature or grape) ORGANIC</a></td></tr><tr role="row" class="even"><td tabindex="0"><i class="fas fa-hand-rock"></i></td><td class=" not_printable"><div class="addToGL" data-soscuisine-aisle="17" data-soscuisine-sip="3937469"><i class="fa fa-cart-plus" title="Add to My Grocery List"></i><div></div></div></td><td><img class="storeItemImage" itemprop="image" alt="mixed greens" src="/media/images/store_item/235.jpg"></td><td>mixed greens</td><td class="not_printable sorting_1">vegetables</td><td><img style="width:50%;" src="/media/images/logos/marchands/6.png" alt="Maxi"></td><td><span itemprop="price">$2.00</span><span itemprop="eligibleQuantity" itemscope="" itemtype="http://schema.org/QuantitativeValue">/<span itemprop="unitText">5oz (142g)</span></span></td><td>$1.41/100g</td><td style="display: none;">2020-02-26</td><td style="display: none;">USA</td><td style="display: none;">Attitude</td><td style="display: none;"></td><td style="display: none;"></td><td style="display: none;"></td><td style="display: none;"></td><td style="display: none;"></td><td style="display: none;"><a class="recipeLink" href="/recipe_ingredient_search_results.php?query=(_QU5E__1__________235__[]_1_1)">Recipes with mixed greens</a></td></tr><tr role="row" class="odd"><td tabindex="0"><i class="fas fa-exclamation"></i></td><td class=" not_printable"><div class="addToGL" data-soscuisine-aisle="17" data-soscuisine-sip="3939507"><i class="fa fa-cart-plus" title="Add to My Grocery List"></i><div></div></div></td><td><img class="storeItemImage" alt="mushrooms Portobello ORGANIC" src="/media/images/store_item/blank.jpg"></td><td>mushrooms Portobello ORGANIC</td><td class="not_printable sorting_1">vegetables</td><td><img style="width:50%;" src="/media/images/logos/marchands/3.png" alt="IGA"></td><td><span itemprop="price">$4.49</span><span itemprop="eligibleQuantity" itemscope="" itemtype="http://schema.org/QuantitativeValue">/<span itemprop="unitText">6oz (171g)</span></span></td><td>$26.26/kg</td><td style="display: none;">2020-02-26</td><td style="display: none;">Canada</td><td style="display: none;"></td><td style="display: none;"></td><td style="display: none;"></td><td style="display: none;"></td><td style="display: none;"></td><td style="display: none;"></td><td style="display: none;"><a class="recipeLink" href="/recipe_ingredient_search_results.php?query=(_QU5E__1__________783__[]_1_1)">Recipes with mushrooms Portobello ORGANIC</a></td></tr><tr role="row" class="even"><td tabindex="0"><i class="fa fa-thumbs-up"></i><i class="fa fa-thumbs-up"></i></td><td class=" not_printable"><div class="addToGL" data-soscuisine-aisle="17" data-soscuisine-sip="3937271"><i class="fa fa-cart-plus" title="Add to My Grocery List"></i><div></div></div></td><td><img class="storeItemImage" itemprop="image" alt="mushrooms, button" src="/media/images/store_item/98.jpg"></td><td>mushrooms, button</td><td class="not_printable sorting_1">vegetables</td><td><img style="width:50%;" src="/media/images/logos/marchands/75.png" alt="Fruiterie 440"></td><td><span itemprop="price">$0.99</span><span itemprop="eligibleQuantity" itemscope="" itemtype="http://schema.org/QuantitativeValue">/<span itemprop="unitText">8oz (227g)</span></span></td><td>$4.36/kg</td><td style="display: none;">2020-02-23</td><td style="display: none;">Canada</td><td style="display: none;"></td><td style="display: none;"></td><td style="display: none;"></td><td style="display: none;"></td><td style="display: none;"></td><td style="display: none;">valid from the 17th to the 20th</td><td style="display: none;"><a class="recipeLink" href="/recipe_ingredient_search_results.php?query=(_QU5E__1__________98__[]_1_1)">Recipes with mushrooms, button</a></td></tr><tr role="row" class="odd"><td tabindex="0"><i class="fa fa-thumbs-up"></i></td><td class=" not_printable"><div class="addToGL" data-soscuisine-aisle="17" data-soscuisine-sip="3938937"><i class="fa fa-cart-plus" title="Add to My Grocery List"></i><div></div></div></td><td><img class="storeItemImage" itemprop="image" alt="mushrooms, button" src="/media/images/store_item/98.jpg"></td><td>mushrooms, button</td><td class="not_printable sorting_1">vegetables</td><td><img style="width:50%;" src="/media/images/logos/marchands/3.png" alt="IGA"></td><td><span itemprop="price">$3.99</span><span itemprop="eligibleQuantity" itemscope="" itemtype="http://schema.org/QuantitativeValue">/<span itemprop="value">3</span>x<span itemprop="unitText">8oz (227g)</span></span></td><td>$5.86/kg</td><td style="display: none;">2020-02-26</td><td style="display: none;">Canada</td><td style="display: none;"></td><td style="display: none;"></td><td style="display: none;">crimini, white</td><td style="display: none;"></td><td style="display: none;">sliced, whole</td><td style="display: none;"></td><td style="display: none;"><a class="recipeLink" href="/recipe_ingredient_search_results.php?query=(_QU5E__1__________98__[]_1_1)">Recipes with mushrooms, button</a></td></tr><tr role="row" class="even"><td tabindex="0"><i class="fa fa-thumbs-down"></i></td><td class=" not_printable"><div class="addToGL" data-soscuisine-aisle="17" data-soscuisine-sip="3937637"><i class="fa fa-cart-plus" title="Add to My Grocery List"></i><div></div></div></td><td><img class="storeItemImage" itemprop="image" alt="mushrooms, button" src="/media/images/store_item/98.jpg"></td><td>mushrooms, button</td><td class="not_printable sorting_1">vegetables</td><td><img style="width:50%;" src="/media/images/logos/marchands/1.png" alt="Metro"></td><td><span itemprop="price">$5.00</span><span itemprop="eligibleQuantity" itemscope="" itemtype="http://schema.org/QuantitativeValue">/<span itemprop="value">2</span>x<span itemprop="unitText">8oz (227g)</span></span></td><td>$11.01/kg</td><td style="display: none;">2020-02-26</td><td style="display: none;">Canada</td><td style="display: none;"></td><td style="display: none;"></td><td style="display: none;">crimini</td><td style="display: none;"></td><td style="display: none;">sliced</td><td style="display: none;"></td><td style="display: none;"><a class="recipeLink" href="/recipe_ingredient_search_results.php?query=(_QU5E__1__________98__[]_1_1)">Recipes with mushrooms, button</a></td></tr><tr role="row" class="odd"><td tabindex="0"><i class="fa fa-thumbs-down"></i></td><td class=" not_printable"><div class="addToGL" data-soscuisine-aisle="17" data-soscuisine-sip="3938141"><i class="fa fa-cart-plus" title="Add to My Grocery List"></i><div></div></div></td><td><img class="storeItemImage" itemprop="image" alt="mushrooms, button ORGANIC" src="/media/images/store_item/684.jpg"></td><td>mushrooms, button ORGANIC</td><td class="not_printable sorting_1">vegetables</td><td><img style="width:50%;" src="/media/images/logos/marchands/2.png" alt="Provigo"></td><td><span itemprop="price">$5.00</span><span itemprop="eligibleQuantity" itemscope="" itemtype="http://schema.org/QuantitativeValue">/<span itemprop="value">2</span>x<span itemprop="unitText">8oz (227g)</span></span></td><td>$11.01/kg</td><td style="display: none;">2020-02-26</td><td style="display: none;">Canada</td><td style="display: none;">house brand</td><td style="display: none;"></td><td style="display: none;">crimini, white</td><td style="display: none;"></td><td style="display: none;"></td><td style="display: none;"></td><td style="display: none;"><a class="recipeLink" href="/recipe_ingredient_search_results.php?query=(_QU5E__1__________684__[]_1_1)">Recipes with mushrooms, button ORGANIC</a></td></tr><tr role="row" class="even"><td tabindex="0"><i class="fa fa-thumbs-down"></i></td><td class=" not_printable"><div class="addToGL" data-soscuisine-aisle="17" data-soscuisine-sip="3938139"><i class="fa fa-cart-plus" title="Add to My Grocery List"></i><div></div></div></td><td><img class="storeItemImage" itemprop="image" alt="mushrooms, button ORGANIC" src="/media/images/store_item/684.jpg"></td><td>mushrooms, button ORGANIC</td><td class="not_printable sorting_1">vegetables</td><td><img style="width:50%;" src="/media/images/logos/marchands/2.png" alt="Provigo"></td><td><span itemprop="price">$2.99</span><span itemprop="eligibleQuantity" itemscope="" itemtype="http://schema.org/QuantitativeValue">/<span itemprop="unitText">8oz (227g)</span></span></td><td>$13.17/kg</td><td style="display: none;">2020-02-26</td><td style="display: none;">Canada</td><td style="display: none;">house brand</td><td style="display: none;"></td><td style="display: none;">crimini, white</td><td style="display: none;"></td><td style="display: none;"></td><td style="display: none;"></td><td style="display: none;"><a class="recipeLink" href="/recipe_ingredient_search_results.php?query=(_QU5E__1__________684__[]_1_1)">Recipes with mushrooms, button ORGANIC</a></td></tr><tr role="row" class="odd"><td tabindex="0"><i class="fa fa-thumbs-down"></i></td><td class=" not_printable"><div class="addToGL" data-soscuisine-aisle="17" data-soscuisine-sip="3940623"><i class="fa fa-cart-plus" title="Add to My Grocery List"></i><div></div></div></td><td><img class="storeItemImage" itemprop="image" alt="mushrooms, button ORGANIC" src="/media/images/store_item/684.jpg"></td><td>mushrooms, button ORGANIC</td><td class="not_printable sorting_1">vegetables</td><td><img style="width:50%;" src="/media/images/logos/marchands/11.png" alt="Tradition"></td><td><span itemprop="price">$5.00</span><span itemprop="eligibleQuantity" itemscope="" itemtype="http://schema.org/QuantitativeValue">/<span itemprop="value">2</span>x<span itemprop="unitText">8oz (227g)</span></span></td><td>$11.01/kg</td><td style="display: none;">2020-02-26</td><td style="display: none;">Canada</td><td style="display: none;">house brand</td><td style="display: none;"></td><td style="display: none;">crimini, white</td><td style="display: none;"></td><td style="display: none;">whole</td><td style="display: none;"></td><td style="display: none;"><a class="recipeLink" href="/recipe_ingredient_search_results.php?query=(_QU5E__1__________684__[]_1_1)">Recipes with mushrooms, button ORGANIC</a></td></tr><tr role="row" class="even"><td tabindex="0"><i class="fa fa-thumbs-down"></i></td><td class=" not_printable"><div class="addToGL" data-soscuisine-aisle="17" data-soscuisine-sip="3939501"><i class="fa fa-cart-plus" title="Add to My Grocery List"></i><div></div></div></td><td><img class="storeItemImage" itemprop="image" alt="mushrooms, Portobello (stuffer)" src="/media/images/store_item/450.jpg"></td><td>mushrooms, Portobello (stuffer)</td><td class="not_printable sorting_1">vegetables</td><td><img style="width:50%;" src="/media/images/logos/marchands/3.png" alt="IGA"></td><td><span itemprop="price">$4.49</span><span itemprop="eligibleQuantity" itemscope="" itemtype="http://schema.org/QuantitativeValue">/<span itemprop="unitText">6oz (171g)</span></span></td><td>$26.26/kg</td><td style="display: none;">2020-02-26</td><td style="display: none;">Canada</td><td style="display: none;"></td><td style="display: none;"></td><td style="display: none;"></td><td style="display: none;"></td><td style="display: none;">sliced, whole</td><td style="display: none;"></td><td style="display: none;"><a class="recipeLink" href="/recipe_ingredient_search_results.php?query=(_QU5E__1__________450__[]_1_1)">Recipes with mushrooms, Portobello (stuffer)</a></td></tr><tr role="row" class="odd"><td tabindex="0"><i class="fas fa-exclamation"></i></td><td class=" not_printable"><div class="addToGL" data-soscuisine-aisle="17" data-soscuisine-sip="3939505"><i class="fa fa-cart-plus" title="Add to My Grocery List"></i><div></div></div></td><td><img class="storeItemImage" alt="mushrooms, shiitake" src="/media/images/store_item/blank.jpg"></td><td>mushrooms, shiitake</td><td class="not_printable sorting_1">vegetables</td><td><img style="width:50%;" src="/media/images/logos/marchands/3.png" alt="IGA"></td><td><span itemprop="price">$4.49</span><span itemprop="eligibleQuantity" itemscope="" itemtype="http://schema.org/QuantitativeValue">/<span itemprop="unitText">4oz (113g)</span></span></td><td>$39.73/kg</td><td style="display: none;">2020-02-26</td><td style="display: none;">Canada</td><td style="display: none;"></td><td style="display: none;"></td><td style="display: none;"></td><td style="display: none;"></td><td style="display: none;"></td><td style="display: none;"></td><td style="display: none;"><a class="recipeLink" href="/recipe_ingredient_search_results.php?query=(_QU5E__1__________417__[]_1_1)">Recipes with mushrooms, shiitake</a></td></tr><tr role="row" class="even"><td tabindex="0"><i class="fas fa-exclamation"></i></td><td class=" not_printable"><div class="addToGL" data-soscuisine-aisle="17" data-soscuisine-sip="3939511"><i class="fa fa-cart-plus" title="Add to My Grocery List"></i><div></div></div></td><td><img class="storeItemImage" alt="mushrooms, shiitake ORGANIC" src="/media/images/store_item/blank.jpg"></td><td>mushrooms, shiitake ORGANIC</td><td class="not_printable sorting_1">vegetables</td><td><img style="width:50%;" src="/media/images/logos/marchands/3.png" alt="IGA"></td><td><span itemprop="price">$4.49</span><span itemprop="eligibleQuantity" itemscope="" itemtype="http://schema.org/QuantitativeValue">/<span itemprop="unitText">4oz (113g)</span></span></td><td>$39.73/kg</td><td style="display: none;">2020-02-26</td><td style="display: none;">Canada</td><td style="display: none;"></td><td style="display: none;"></td><td style="display: none;"></td><td style="display: none;"></td><td style="display: none;"></td><td style="display: none;"></td><td style="display: none;"><a class="recipeLink" href="/recipe_ingredient_search_results.php?query=(_QU5E__1__________722__[]_1_1)">Recipes with mushrooms, shiitake ORGANIC</a></td></tr><tr role="row" class="odd"><td tabindex="0"><i class="fa fa-thumbs-up"></i><i class="fa fa-thumbs-up"></i></td><td class=" not_printable"><div class="addToGL" data-soscuisine-aisle="17" data-soscuisine-sip="3938547"><i class="fa fa-cart-plus" title="Add to My Grocery List"></i><div></div></div></td><td><img class="storeItemImage" itemprop="image" alt="onions, yellow" src="/media/images/store_item/116.jpg"></td><td>onions, yellow</td><td class="not_printable sorting_1">vegetables</td><td><img style="width:50%;" src="/media/images/logos/marchands/7.png" alt="Intermarché (Saveurs intl.)"></td><td><span itemprop="price">$1.50</span><span itemprop="eligibleQuantity" itemscope="" itemtype="http://schema.org/QuantitativeValue">/<span itemprop="unitText">10lb (4,54kg)</span></span></td><td>$0.33/kg</td><td style="display: none;">2020-02-26</td><td style="display: none;">Quebec</td><td style="display: none;"></td><td style="display: none;"></td><td style="display: none;"></td><td style="display: none;"></td><td style="display: none;"></td><td style="display: none;">boiler</td><td style="display: none;"><a class="recipeLink" href="/recipe_ingredient_search_results.php?query=(_QU5E__1__________116__[]_1_1)">Recipes with onions, yellow</a></td></tr><tr role="row" class="even"><td tabindex="0"><i class="fa fa-thumbs-down"></i></td><td class=" not_printable"><div class="addToGL" data-soscuisine-aisle="17" data-soscuisine-sip="3938205"><i class="fa fa-cart-plus" title="Add to My Grocery List"></i><div></div></div></td><td><img class="storeItemImage" itemprop="image" alt="onions, yellow" src="/media/images/store_item/116.jpg"></td><td>onions, yellow</td><td class="not_printable sorting_1">vegetables</td><td><img style="width:50%;" src="/media/images/logos/marchands/2.png" alt="Provigo"></td><td><span itemprop="price">$5.00</span><span itemprop="eligibleQuantity" itemscope="" itemtype="http://schema.org/QuantitativeValue">/<span itemprop="value">2</span>x<span itemprop="unitText">3lb (1,37kg)</span></span></td><td>$1.84/kg</td><td style="display: none;">2020-02-26</td><td style="display: none;">Quebec</td><td style="display: none;">house brand</td><td style="display: none;"></td><td style="display: none;"></td><td style="display: none;"></td><td style="display: none;"></td><td style="display: none;"></td><td style="display: none;"><a class="recipeLink" href="/recipe_ingredient_search_results.php?query=(_QU5E__1__________116__[]_1_1)">Recipes with onions, yellow</a></td></tr><tr role="row" class="odd"><td tabindex="0"><i class="fa fa-thumbs-down"></i></td><td class=" not_printable"><div class="addToGL" data-soscuisine-aisle="17" data-soscuisine-sip="3938203"><i class="fa fa-cart-plus" title="Add to My Grocery List"></i><div></div></div></td><td><img class="storeItemImage" itemprop="image" alt="onions, yellow" src="/media/images/store_item/116.jpg"></td><td>onions, yellow</td><td class="not_printable sorting_1">vegetables</td><td><img style="width:50%;" src="/media/images/logos/marchands/2.png" alt="Provigo"></td><td><span itemprop="price">$2.99</span><span itemprop="eligibleQuantity" itemscope="" itemtype="http://schema.org/QuantitativeValue">/<span itemprop="unitText">3lb (1,37kg)</span></span></td><td>$2.20/kg</td><td style="display: none;">2020-02-26</td><td style="display: none;">Quebec</td><td style="display: none;">house brand</td><td style="display: none;"></td><td style="display: none;"></td><td style="display: none;"></td><td style="display: none;"></td><td style="display: none;"></td><td style="display: none;"><a class="recipeLink" href="/recipe_ingredient_search_results.php?query=(_QU5E__1__________116__[]_1_1)">Recipes with onions, yellow</a></td></tr><tr role="row" class="even"><td tabindex="0"><i class="fas fa-hand-rock"></i></td><td class=" not_printable"><div class="addToGL" data-soscuisine-aisle="17" data-soscuisine-sip="3940557"><i class="fa fa-cart-plus" title="Add to My Grocery List"></i><div></div></div></td><td><img class="storeItemImage" itemprop="image" alt="onions, yellow" src="/media/images/store_item/116.jpg"></td><td>onions, yellow</td><td class="not_printable sorting_1">vegetables</td><td><img style="width:50%;" src="/media/images/logos/marchands/11.png" alt="Tradition"></td><td><span itemprop="price">$2.99</span><span itemprop="eligibleQuantity" itemscope="" itemtype="http://schema.org/QuantitativeValue">/<span itemprop="unitText">5lb (2,3kg)</span></span></td><td>$1.32/kg</td><td style="display: none;">2020-02-26</td><td style="display: none;">Quebec</td><td style="display: none;"></td><td style="display: none;"></td><td style="display: none;"></td><td style="display: none;"></td><td style="display: none;"></td><td style="display: none;"></td><td style="display: none;"><a class="recipeLink" href="/recipe_ingredient_search_results.php?query=(_QU5E__1__________116__[]_1_1)">Recipes with onions, yellow</a></td></tr><tr role="row" class="odd"><td tabindex="0"><i class="fas fa-exclamation"></i></td><td class=" not_printable"><div class="addToGL" data-soscuisine-aisle="17" data-soscuisine-sip="3912813"><i class="fa fa-cart-plus" title="Add to My Grocery List"></i><div></div></div></td><td><img class="storeItemImage" alt="oyster mushrooms ORGANIC" src="/media/images/store_item/blank.jpg"></td><td>oyster mushrooms ORGANIC</td><td class="not_printable sorting_1">vegetables</td><td><img style="width:50%;" src="/media/images/logos/marchands/94.png" alt="Avril"></td><td><span itemprop="price">$2.99</span><span itemprop="eligibleQuantity" itemscope="" itemtype="http://schema.org/QuantitativeValue">/<span itemprop="unitText">5.3oz (150g)</span></span></td><td>$1.99/100g</td><td style="display: none;">2020-03-03</td><td style="display: none;">Ontario</td><td style="display: none;"></td><td style="display: none;"></td><td style="display: none;"></td><td style="display: none;"></td><td style="display: none;"></td><td style="display: none;">valid from february 5th to february 18th</td><td style="display: none;"><a class="recipeLink" href="/recipe_ingredient_search_results.php?query=(_QU5E__1__________784__[]_1_1)">Recipes with oyster mushrooms ORGANIC</a></td></tr><tr role="row" class="even"><td tabindex="0"><i class="fas fa-hand-rock"></i></td><td class=" not_printable"><div class="addToGL" data-soscuisine-aisle="17" data-soscuisine-sip="3939843"><i class="fa fa-cart-plus" title="Add to My Grocery List"></i><div></div></div></td><td><img class="storeItemImage" itemprop="image" alt="potatoes" src="/media/images/store_item/65.jpg"></td><td>potatoes</td><td class="not_printable sorting_1">vegetables</td><td><img style="width:50%;" src="/media/images/logos/marchands/10.png" alt="Bonichoix"></td><td><span itemprop="price">$4.99</span><span itemprop="eligibleQuantity" itemscope="" itemtype="http://schema.org/QuantitativeValue">/<span itemprop="unitText">10lb (4,54kg)</span></span></td><td>$1.10/kg</td><td style="display: none;">2020-02-26</td><td style="display: none;">Quebec</td><td style="display: none;"></td><td style="display: none;"></td><td style="display: none;">red, yellow</td><td style="display: none;"></td><td style="display: none;"></td><td style="display: none;">or russet</td><td style="display: none;"><a class="recipeLink" href="/recipe_ingredient_search_results.php?query=(_QU5E__1__________65__[]_1_1)">Recipes with potatoes</a></td></tr><tr role="row" class="odd"><td tabindex="0"><i class="fa fa-thumbs-down"></i></td><td class=" not_printable"><div class="addToGL" data-soscuisine-aisle="17" data-soscuisine-sip="3939303"><i class="fa fa-cart-plus" title="Add to My Grocery List"></i><div></div></div></td><td><img class="storeItemImage" itemprop="image" alt="potatoes" src="/media/images/store_item/65.jpg"></td><td>potatoes</td><td class="not_printable sorting_1">vegetables</td><td><img style="width:50%;" src="/media/images/logos/marchands/3.png" alt="IGA"></td><td><span itemprop="price">$3.99</span><span itemprop="eligibleQuantity" itemscope="" itemtype="http://schema.org/QuantitativeValue">/<span itemprop="unitText">5lb (2,3kg)</span></span></td><td>$1.76/kg</td><td style="display: none;">2020-02-26</td><td style="display: none;">Quebec</td><td style="display: none;">house brand</td><td style="display: none;"></td><td style="display: none;">red, yellow</td><td style="display: none;"></td><td style="display: none;"></td><td style="display: none;">or Russet</td><td style="display: none;"><a class="recipeLink" href="/recipe_ingredient_search_results.php?query=(_QU5E__1__________65__[]_1_1)">Recipes with potatoes</a></td></tr><tr role="row" class="even"><td tabindex="0"><i class="fas fa-hand-rock"></i></td><td class=" not_printable"><div class="addToGL" data-soscuisine-aisle="17" data-soscuisine-sip="3937451"><i class="fa fa-cart-plus" title="Add to My Grocery List"></i><div></div></div></td><td><img class="storeItemImage" itemprop="image" alt="potatoes" src="/media/images/store_item/65.jpg"></td><td>potatoes</td><td class="not_printable sorting_1">vegetables</td><td><img style="width:50%;" src="/media/images/logos/marchands/6.png" alt="Maxi"></td><td><span itemprop="price">$2.00</span><span itemprop="eligibleQuantity" itemscope="" itemtype="http://schema.org/QuantitativeValue">/<span itemprop="unitText">5lb (2,3kg)</span></span></td><td>$0.88/kg</td><td style="display: none;">2020-02-26</td><td style="display: none;">Quebec</td><td style="display: none;"></td><td style="display: none;"></td><td style="display: none;">red, yellow</td><td style="display: none;"></td><td style="display: none;"></td><td style="display: none;">or Russet</td><td style="display: none;"><a class="recipeLink" href="/recipe_ingredient_search_results.php?query=(_QU5E__1__________65__[]_1_1)">Recipes with potatoes</a></td></tr><tr role="row" class="odd"><td tabindex="0"><i class="fa fa-thumbs-up"></i></td><td class=" not_printable"><div class="addToGL" data-soscuisine-aisle="17" data-soscuisine-sip="3939059"><i class="fa fa-cart-plus" title="Add to My Grocery List"></i><div></div></div></td><td><img class="storeItemImage" itemprop="image" alt="potatoes" src="/media/images/store_item/65.jpg"></td><td>potatoes</td><td class="not_printable sorting_1">vegetables</td><td><img style="width:50%;" src="/media/images/logos/marchands/64.png" alt="Mourelatos"></td><td><span itemprop="price">$2.49</span><span itemprop="eligibleQuantity" itemscope="" itemtype="http://schema.org/QuantitativeValue">/<span itemprop="unitText">10lb (4,54kg)</span></span></td><td>$0.55/kg</td><td style="display: none;">2020-02-25</td><td style="display: none;">P.E.I</td><td style="display: none;"></td><td style="display: none;"></td><td style="display: none;"></td><td style="display: none;"></td><td style="display: none;"></td><td style="display: none;"></td><td style="display: none;"><a class="recipeLink" href="/recipe_ingredient_search_results.php?query=(_QU5E__1__________65__[]_1_1)">Recipes with potatoes</a></td></tr><tr role="row" class="even"><td tabindex="0"><i class="fa fa-thumbs-up"></i></td><td class=" not_printable"><div class="addToGL" data-soscuisine-aisle="17" data-soscuisine-sip="3937999"><i class="fa fa-cart-plus" title="Add to My Grocery List"></i><div></div></div></td><td><img class="storeItemImage" itemprop="image" alt="potatoes" src="/media/images/store_item/65.jpg"></td><td>potatoes</td><td class="not_printable sorting_1">vegetables</td><td><img style="width:50%;" src="/media/images/logos/marchands/2.png" alt="Provigo"></td><td><span itemprop="price">$5.00</span><span itemprop="eligibleQuantity" itemscope="" itemtype="http://schema.org/QuantitativeValue">/<span itemprop="value">2</span>x<span itemprop="unitText">10lb (4,54kg)</span></span></td><td>$0.55/kg</td><td style="display: none;">2020-02-26</td><td style="display: none;">Quebec</td><td style="display: none;">house brand</td><td style="display: none;"></td><td style="display: none;">Russet</td><td style="display: none;"></td><td style="display: none;"></td><td style="display: none;"></td><td style="display: none;"><a class="recipeLink" href="/recipe_ingredient_search_results.php?query=(_QU5E__1__________65__[]_1_1)">Recipes with potatoes</a></td></tr><tr role="row" class="odd"><td tabindex="0"><i class="fa fa-thumbs-up"></i></td><td class=" not_printable"><div class="addToGL" data-soscuisine-aisle="17" data-soscuisine-sip="3937997"><i class="fa fa-cart-plus" title="Add to My Grocery List"></i><div></div></div></td><td><img class="storeItemImage" itemprop="image" alt="potatoes" src="/media/images/store_item/65.jpg"></td><td>potatoes</td><td class="not_printable sorting_1">vegetables</td><td><img style="width:50%;" src="/media/images/logos/marchands/2.png" alt="Provigo"></td><td><span itemprop="price">$2.99</span><span itemprop="eligibleQuantity" itemscope="" itemtype="http://schema.org/QuantitativeValue">/<span itemprop="unitText">10lb (4,54kg)</span></span></td><td>$0.66/kg</td><td style="display: none;">2020-02-26</td><td style="display: none;">Quebec</td><td style="display: none;">house brand</td><td style="display: none;"></td><td style="display: none;">Russet</td><td style="display: none;"></td><td style="display: none;"></td><td style="display: none;"></td><td style="display: none;"><a class="recipeLink" href="/recipe_ingredient_search_results.php?query=(_QU5E__1__________65__[]_1_1)">Recipes with potatoes</a></td></tr><tr role="row" class="even"><td tabindex="0"><i class="fa fa-thumbs-down"></i></td><td class=" not_printable"><div class="addToGL" data-soscuisine-aisle="17" data-soscuisine-sip="3938213"><i class="fa fa-cart-plus" title="Add to My Grocery List"></i><div></div></div></td><td><img class="storeItemImage" itemprop="image" alt="potatoes" src="/media/images/store_item/65.jpg"></td><td>potatoes</td><td class="not_printable sorting_1">vegetables</td><td><img style="width:50%;" src="/media/images/logos/marchands/2.png" alt="Provigo"></td><td><span itemprop="price">$5.00</span><span itemprop="eligibleQuantity" itemscope="" itemtype="http://schema.org/QuantitativeValue">/<span itemprop="value">2</span>x<span itemprop="unitText">2lb (907g)</span></span></td><td>$2.76/kg</td><td style="display: none;">2020-02-26</td><td style="display: none;">Quebec</td><td style="display: none;">house brand</td><td style="display: none;"></td><td style="display: none;">yellow</td><td style="display: none;"></td><td style="display: none;"></td><td style="display: none;"></td><td style="display: none;"><a class="recipeLink" href="/recipe_ingredient_search_results.php?query=(_QU5E__1__________65__[]_1_1)">Recipes with potatoes</a></td></tr><tr role="row" class="odd"><td tabindex="0"><i class="fa fa-thumbs-down"></i></td><td class=" not_printable"><div class="addToGL" data-soscuisine-aisle="17" data-soscuisine-sip="3938209"><i class="fa fa-cart-plus" title="Add to My Grocery List"></i><div></div></div></td><td><img class="storeItemImage" itemprop="image" alt="potatoes" src="/media/images/store_item/65.jpg"></td><td>potatoes</td><td class="not_printable sorting_1">vegetables</td><td><img style="width:50%;" src="/media/images/logos/marchands/2.png" alt="Provigo"></td><td><span itemprop="price">$2.99</span><span itemprop="eligibleQuantity" itemscope="" itemtype="http://schema.org/QuantitativeValue">/<span itemprop="unitText">2lb (907g)</span></span></td><td>$3.30/kg</td><td style="display: none;">2020-02-26</td><td style="display: none;">Quebec</td><td style="display: none;">house brand</td><td style="display: none;"></td><td style="display: none;">yellow</td><td style="display: none;"></td><td style="display: none;"></td><td style="display: none;"></td><td style="display: none;"><a class="recipeLink" href="/recipe_ingredient_search_results.php?query=(_QU5E__1__________65__[]_1_1)">Recipes with potatoes</a></td></tr><tr role="row" class="even"><td tabindex="0"><i class="fas fa-hand-rock"></i></td><td class=" not_printable"><div class="addToGL" data-soscuisine-aisle="17" data-soscuisine-sip="3940533"><i class="fa fa-cart-plus" title="Add to My Grocery List"></i><div></div></div></td><td><img class="storeItemImage" itemprop="image" alt="potatoes" src="/media/images/store_item/65.jpg"></td><td>potatoes</td><td class="not_printable sorting_1">vegetables</td><td><img style="width:50%;" src="/media/images/logos/marchands/5.png" alt="Super C"></td><td><span itemprop="price">$3.99</span><span itemprop="eligibleQuantity" itemscope="" itemtype="http://schema.org/QuantitativeValue">/<span itemprop="unitText">10lb (4,54kg)</span></span></td><td>$0.88/kg</td><td style="display: none;">2020-02-26</td><td style="display: none;">Quebec</td><td style="display: none;"></td><td style="display: none;"></td><td style="display: none;">red, yellow</td><td style="display: none;"></td><td style="display: none;"></td><td style="display: none;">or Russet</td><td style="display: none;"><a class="recipeLink" href="/recipe_ingredient_search_results.php?query=(_QU5E__1__________65__[]_1_1)">Recipes with potatoes</a></td></tr><tr role="row" class="odd"><td tabindex="0"><i class="fa fa-thumbs-down"></i></td><td class=" not_printable"><div class="addToGL" data-soscuisine-aisle="17" data-soscuisine-sip="3940535"><i class="fa fa-cart-plus" title="Add to My Grocery List"></i><div></div></div></td><td><img class="storeItemImage" itemprop="image" alt="potatoes" src="/media/images/store_item/65.jpg"></td><td>potatoes</td><td class="not_printable sorting_1">vegetables</td><td><img style="width:50%;" src="/media/images/logos/marchands/5.png" alt="Super C"></td><td><span itemprop="price">$2.99</span><span itemprop="eligibleQuantity" itemscope="" itemtype="http://schema.org/QuantitativeValue">/<span itemprop="unitText">5lb (2,3kg)</span></span></td><td>$1.32/kg</td><td style="display: none;">2020-02-26</td><td style="display: none;"></td><td style="display: none;"></td><td style="display: none;"></td><td style="display: none;"></td><td style="display: none;"></td><td style="display: none;"></td><td style="display: none;"></td><td style="display: none;"><a class="recipeLink" href="/recipe_ingredient_search_results.php?query=(_QU5E__1__________65__[]_1_1)">Recipes with potatoes</a></td></tr><tr role="row" class="even"><td tabindex="0"><i class="fas fa-hand-rock"></i></td><td class=" not_printable"><div class="addToGL" data-soscuisine-aisle="17" data-soscuisine-sip="3940617"><i class="fa fa-cart-plus" title="Add to My Grocery List"></i><div></div></div></td><td><img class="storeItemImage" itemprop="image" alt="potatoes" src="/media/images/store_item/65.jpg"></td><td>potatoes</td><td class="not_printable sorting_1">vegetables</td><td><img style="width:50%;" src="/media/images/logos/marchands/11.png" alt="Tradition"></td><td><span itemprop="price">$4.99</span><span itemprop="eligibleQuantity" itemscope="" itemtype="http://schema.org/QuantitativeValue">/<span itemprop="unitText">10lb (4,54kg)</span></span></td><td>$1.10/kg</td><td style="display: none;">2020-02-26</td><td style="display: none;">Quebec</td><td style="display: none;"></td><td style="display: none;"></td><td style="display: none;">red, white, yellow</td><td style="display: none;"></td><td style="display: none;"></td><td style="display: none;"></td><td style="display: none;"><a class="recipeLink" href="/recipe_ingredient_search_results.php?query=(_QU5E__1__________65__[]_1_1)">Recipes with potatoes</a></td></tr><tr role="row" class="odd"><td tabindex="0"><i class="fas fa-hand-rock"></i></td><td class=" not_printable"><div class="addToGL" data-soscuisine-aisle="17" data-soscuisine-sip="3939305"><i class="fa fa-cart-plus" title="Add to My Grocery List"></i><div></div></div></td><td><img class="storeItemImage" itemprop="image" alt="potatoes ORGANIC" src="/media/images/store_item/694.jpg"></td><td>potatoes ORGANIC</td><td class="not_printable sorting_1">vegetables</td><td><img style="width:50%;" src="/media/images/logos/marchands/3.png" alt="IGA"></td><td><span itemprop="price">$4.99</span><span itemprop="eligibleQuantity" itemscope="" itemtype="http://schema.org/QuantitativeValue">/<span itemprop="unitText">5lb (2,3kg)</span></span></td><td>$2.20/kg</td><td style="display: none;">2020-02-26</td><td style="display: none;">Quebec</td><td style="display: none;"></td><td style="display: none;"></td><td style="display: none;">red, yellow</td><td style="display: none;"></td><td style="display: none;"></td><td style="display: none;">or Russet, or Canada</td><td style="display: none;"><a class="recipeLink" href="/recipe_ingredient_search_results.php?query=(_QU5E__1__________694__[]_1_1)">Recipes with potatoes ORGANIC</a></td></tr><tr role="row" class="even"><td tabindex="0"><i class="fa fa-thumbs-up"></i><i class="fa fa-thumbs-up"></i></td><td class=" not_printable"><div class="addToGL" data-soscuisine-aisle="17" data-soscuisine-sip="3939213"><i class="fa fa-cart-plus" title="Add to My Grocery List"></i><div></div></div></td><td><img class="storeItemImage" itemprop="image" alt="radishes" src="/media/images/store_item/250.jpg"></td><td>radishes</td><td class="not_printable sorting_1">vegetables</td><td><img style="width:50%;" src="/media/images/logos/marchands/63.png" alt="Marché Adonis"></td><td><span itemprop="price">$1.99</span><span itemprop="eligibleQuantity" itemscope="" itemtype="http://schema.org/QuantitativeValue">/<span itemprop="value">3</span> bunches</span></td><td>$3.69/kg</td><td style="display: none;">2020-02-26</td><td style="display: none;">USA</td><td style="display: none;"></td><td style="display: none;">standard</td><td style="display: none;"></td><td style="display: none;"></td><td style="display: none;"></td><td style="display: none;">with leaves</td><td style="display: none;"><a class="recipeLink" href="/recipe_ingredient_search_results.php?query=(_QU5E__1__________250__[]_1_1)">Recipes with radishes</a></td></tr><tr role="row" class="odd"><td tabindex="0"><i class="fa fa-thumbs-down"></i></td><td class=" not_printable"><div class="addToGL" data-soscuisine-aisle="17" data-soscuisine-sip="3937465"><i class="fa fa-cart-plus" title="Add to My Grocery List"></i><div></div></div></td><td><img class="storeItemImage" itemprop="image" alt="radishes" src="/media/images/store_item/250.jpg"></td><td>radishes</td><td class="not_printable sorting_1">vegetables</td><td><img style="width:50%;" src="/media/images/logos/marchands/6.png" alt="Maxi"></td><td><span itemprop="price">$1.00</span><span itemprop="eligibleQuantity" itemscope="" itemtype="http://schema.org/QuantitativeValue">/bunch</span></td><td>$5.56/kg</td><td style="display: none;">2020-02-26</td><td style="display: none;">Mexico</td><td style="display: none;"></td><td style="display: none;">standard</td><td style="display: none;"></td><td style="display: none;"></td><td style="display: none;"></td><td style="display: none;"></td><td style="display: none;"><a class="recipeLink" href="/recipe_ingredient_search_results.php?query=(_QU5E__1__________250__[]_1_1)">Recipes with radishes</a></td></tr><tr role="row" class="even"><td tabindex="0"><i class="fas fa-hand-rock"></i></td><td class=" not_printable"><div class="addToGL" data-soscuisine-aisle="17" data-soscuisine-sip="3940465"><i class="fa fa-cart-plus" title="Add to My Grocery List"></i><div></div></div></td><td><img class="storeItemImage" itemprop="image" alt="radishes" src="/media/images/store_item/250.jpg"></td><td>radishes</td><td class="not_printable sorting_1">vegetables</td><td><img style="width:50%;" src="/media/images/logos/marchands/5.png" alt="Super C"></td><td><span itemprop="price">$0.99</span><span itemprop="eligibleQuantity" itemscope="" itemtype="http://schema.org/QuantitativeValue">/bunch</span></td><td>$5.50/kg</td><td style="display: none;">2020-02-26</td><td style="display: none;">Mexico</td><td style="display: none;"></td><td style="display: none;">standard</td><td style="display: none;"></td><td style="display: none;"></td><td style="display: none;"></td><td style="display: none;"></td><td style="display: none;"><a class="recipeLink" href="/recipe_ingredient_search_results.php?query=(_QU5E__1__________250__[]_1_1)">Recipes with radishes</a></td></tr><tr role="row" class="odd"><td tabindex="0"><i class="fa fa-thumbs-down"></i></td><td class=" not_printable"><div class="addToGL" data-soscuisine-aisle="17" data-soscuisine-sip="3940563"><i class="fa fa-cart-plus" title="Add to My Grocery List"></i><div></div></div></td><td><img class="storeItemImage" itemprop="image" alt="radishes" src="/media/images/store_item/250.jpg"></td><td>radishes</td><td class="not_printable sorting_1">vegetables</td><td><img style="width:50%;" src="/media/images/logos/marchands/11.png" alt="Tradition"></td><td><span itemprop="price">$6.00</span><span itemprop="eligibleQuantity" itemscope="" itemtype="http://schema.org/QuantitativeValue">/<span itemprop="value">2</span>x<span itemprop="unitText">454g (1lb)</span></span></td><td>$6.61/kg</td><td style="display: none;">2020-02-26</td><td style="display: none;">USA</td><td style="display: none;"></td><td style="display: none;"></td><td style="display: none;"></td><td style="display: none;"></td><td style="display: none;"></td><td style="display: none;"></td><td style="display: none;"><a class="recipeLink" href="/recipe_ingredient_search_results.php?query=(_QU5E__1__________250__[]_1_1)">Recipes with radishes</a></td></tr><tr role="row" class="even"><td tabindex="0"><i class="fas fa-hand-rock"></i></td><td class=" not_printable"><div class="addToGL" data-soscuisine-aisle="17" data-soscuisine-sip="3939251"><i class="fa fa-cart-plus" title="Add to My Grocery List"></i><div></div></div></td><td><img class="storeItemImage" alt="shallots" src="/media/images/store_item/blank.jpg"></td><td>shallots</td><td class="not_printable sorting_1">vegetables</td><td><img style="width:50%;" src="/media/images/logos/marchands/3.png" alt="IGA"></td><td><span itemprop="price">$5.00</span><span itemprop="eligibleQuantity" itemscope="" itemtype="http://schema.org/QuantitativeValue">/<span itemprop="value">2</span>x<span itemprop="unitText">350g</span></span></td><td>$7.14/kg</td><td style="display: none;">2020-02-26</td><td style="display: none;">Quebec</td><td style="display: none;"></td><td style="display: none;"></td><td style="display: none;"></td><td style="display: none;"></td><td style="display: none;"></td><td style="display: none;"></td><td style="display: none;"><a class="recipeLink" href="/recipe_ingredient_search_results.php?query=(_QU5E__1__________117__[]_1_1)">Recipes with shallots</a></td></tr><tr role="row" class="odd"><td tabindex="0"><i class="fas fa-exclamation"></i></td><td class=" not_printable"><div class="addToGL" data-soscuisine-aisle="17" data-soscuisine-sip="3939265"><i class="fa fa-cart-plus" title="Add to My Grocery List"></i><div></div></div></td><td><img class="storeItemImage" alt="shallots ORGANIC" src="/media/images/store_item/blank.jpg"></td><td>shallots ORGANIC</td><td class="not_printable sorting_1">vegetables</td><td><img style="width:50%;" src="/media/images/logos/marchands/3.png" alt="IGA"></td><td><span itemprop="price">$3.99</span><span itemprop="eligibleQuantity" itemscope="" itemtype="http://schema.org/QuantitativeValue">/<span itemprop="unitText">5.3oz (150g)</span></span></td><td>$26.60/kg</td><td style="display: none;">2020-02-26</td><td style="display: none;">USA</td><td style="display: none;"></td><td style="display: none;"></td><td style="display: none;"></td><td style="display: none;"></td><td style="display: none;"></td><td style="display: none;"></td><td style="display: none;"><a class="recipeLink" href="/recipe_ingredient_search_results.php?query=(_QU5E__1__________740__[]_1_1)">Recipes with shallots ORGANIC</a></td></tr><tr role="row" class="even"><td tabindex="0"><i class="fas fa-hand-rock"></i></td><td class=" not_printable"><div class="addToGL" data-soscuisine-aisle="17" data-soscuisine-sip="3939837"><i class="fa fa-cart-plus" title="Add to My Grocery List"></i><div></div></div></td><td><img class="storeItemImage" itemprop="image" alt="small/baby potatoes (nugget)" src="/media/images/store_item/315.jpg"></td><td>small/baby potatoes (nugget)</td><td class="not_printable sorting_1">vegetables</td><td><img style="width:50%;" src="/media/images/logos/marchands/10.png" alt="Bonichoix"></td><td><span itemprop="price">$6.00</span><span itemprop="eligibleQuantity" itemscope="" itemtype="http://schema.org/QuantitativeValue">/<span itemprop="value">2</span>x<span itemprop="unitText">24oz (680g)</span></span></td><td>$4.41/kg</td><td style="display: none;">2020-02-26</td><td style="display: none;">Canada</td><td style="display: none;">The Little Potato Company</td><td style="display: none;"></td><td style="display: none;"></td><td style="display: none;"></td><td style="display: none;"></td><td style="display: none;"></td><td style="display: none;"><a class="recipeLink" href="/recipe_ingredient_search_results.php?query=(_QU5E__1__________315__[]_1_1)">Recipes with small/baby potatoes (nugget)</a></td></tr><tr role="row" class="odd"><td tabindex="0"><i class="fas fa-hand-rock"></i></td><td class=" not_printable"><div class="addToGL" data-soscuisine-aisle="17" data-soscuisine-sip="3939373"><i class="fa fa-cart-plus" title="Add to My Grocery List"></i><div></div></div></td><td><img class="storeItemImage" itemprop="image" alt="small/baby potatoes (nugget)" src="/media/images/store_item/315.jpg"></td><td>small/baby potatoes (nugget)</td><td class="not_printable sorting_1">vegetables</td><td><img style="width:50%;" src="/media/images/logos/marchands/3.png" alt="IGA"></td><td><span itemprop="price">$6.00</span><span itemprop="eligibleQuantity" itemscope="" itemtype="http://schema.org/QuantitativeValue">/<span itemprop="value">2</span>x<span itemprop="unitText">680g</span></span></td><td>$4.41/kg</td><td style="display: none;">2020-02-26</td><td style="display: none;">Canada</td><td style="display: none;">The Little Potato Company</td><td style="display: none;"></td><td style="display: none;"></td><td style="display: none;"></td><td style="display: none;"></td><td style="display: none;"></td><td style="display: none;"><a class="recipeLink" href="/recipe_ingredient_search_results.php?query=(_QU5E__1__________315__[]_1_1)">Recipes with small/baby potatoes (nugget)</a></td></tr><tr role="row" class="even"><td tabindex="0"><i class="fa fa-thumbs-up"></i><i class="fa fa-thumbs-up"></i></td><td class=" not_printable"><div class="addToGL" data-soscuisine-aisle="17" data-soscuisine-sip="3937661"><i class="fa fa-cart-plus" title="Add to My Grocery List"></i><div></div></div></td><td><img class="storeItemImage" itemprop="image" alt="small/baby potatoes (nugget)" src="/media/images/store_item/315.jpg"></td><td>small/baby potatoes (nugget)</td><td class="not_printable sorting_1">vegetables</td><td><img style="width:50%;" src="/media/images/logos/marchands/1.png" alt="Metro"></td><td><span itemprop="price">$1.99</span><span itemprop="eligibleQuantity" itemscope="" itemtype="http://schema.org/QuantitativeValue">/<span itemprop="unitText">3lb (1,37kg)</span></span></td><td>$1.46/kg</td><td style="display: none;">2020-02-26</td><td style="display: none;">Quebec</td><td style="display: none;"></td><td style="display: none;"></td><td style="display: none;">white, yellow</td><td style="display: none;"></td><td style="display: none;"></td><td style="display: none;"></td><td style="display: none;"><a class="recipeLink" href="/recipe_ingredient_search_results.php?query=(_QU5E__1__________315__[]_1_1)">Recipes with small/baby potatoes (nugget)</a></td></tr><tr role="row" class="odd"><td tabindex="0"><i class="fa fa-thumbs-up"></i><i class="fa fa-thumbs-up"></i></td><td class=" not_printable"><div class="addToGL" data-soscuisine-aisle="17" data-soscuisine-sip="3940395"><i class="fa fa-cart-plus" title="Add to My Grocery List"></i><div></div></div></td><td><img class="storeItemImage" itemprop="image" alt="small/baby potatoes (nugget)" src="/media/images/store_item/315.jpg"></td><td>small/baby potatoes (nugget)</td><td class="not_printable sorting_1">vegetables</td><td><img style="width:50%;" src="/media/images/logos/marchands/5.png" alt="Super C"></td><td><span itemprop="price">$1.99</span><span itemprop="eligibleQuantity" itemscope="" itemtype="http://schema.org/QuantitativeValue">/<span itemprop="unitText">1,5lb</span></span></td><td>$2.92/kg</td><td style="display: none;">2020-02-26</td><td style="display: none;">Quebec</td><td style="display: none;"></td><td style="display: none;"></td><td style="display: none;"></td><td style="display: none;"></td><td style="display: none;"></td><td style="display: none;"></td><td style="display: none;"><a class="recipeLink" href="/recipe_ingredient_search_results.php?query=(_QU5E__1__________315__[]_1_1)">Recipes with small/baby potatoes (nugget)</a></td></tr><tr role="row" class="even"><td tabindex="0"><i class="fa fa-thumbs-up"></i><i class="fa fa-thumbs-up"></i></td><td class=" not_printable"><div class="addToGL" data-soscuisine-aisle="17" data-soscuisine-sip="3936025"><i class="fa fa-cart-plus" title="Add to My Grocery List"></i><div></div></div></td><td><img class="storeItemImage" itemprop="image" alt="small/baby potatoes (nugget)" src="/media/images/store_item/315.jpg"></td><td>small/baby potatoes (nugget)</td><td class="not_printable sorting_1">vegetables</td><td><img style="width:50%;" src="/media/images/logos/marchands/62.png" alt="Supermarché PA"></td><td><span itemprop="price">$3.00</span><span itemprop="eligibleQuantity" itemscope="" itemtype="http://schema.org/QuantitativeValue">/<span itemprop="value">2</span>x<span itemprop="unitText">680g</span></span></td><td>$2.21/kg</td><td style="display: none;">2020-02-23</td><td style="display: none;"></td><td style="display: none;"></td><td style="display: none;"></td><td style="display: none;"></td><td style="display: none;"></td><td style="display: none;"></td><td style="display: none;"></td><td style="display: none;"><a class="recipeLink" href="/recipe_ingredient_search_results.php?query=(_QU5E__1__________315__[]_1_1)">Recipes with small/baby potatoes (nugget)</a></td></tr><tr role="row" class="odd"><td tabindex="0"><i class="fas fa-hand-rock"></i></td><td class=" not_printable"><div class="addToGL" data-soscuisine-aisle="17" data-soscuisine-sip="3940561"><i class="fa fa-cart-plus" title="Add to My Grocery List"></i><div></div></div></td><td><img class="storeItemImage" itemprop="image" alt="small/baby potatoes (nugget)" src="/media/images/store_item/315.jpg"></td><td>small/baby potatoes (nugget)</td><td class="not_printable sorting_1">vegetables</td><td><img style="width:50%;" src="/media/images/logos/marchands/11.png" alt="Tradition"></td><td><span itemprop="price">$6.00</span><span itemprop="eligibleQuantity" itemscope="" itemtype="http://schema.org/QuantitativeValue">/<span itemprop="value">2</span>x<span itemprop="unitText">24oz (680g)</span></span></td><td>$4.41/kg</td><td style="display: none;">2020-02-26</td><td style="display: none;">Canada</td><td style="display: none;">The Little Potato Company</td><td style="display: none;"></td><td style="display: none;"></td><td style="display: none;"></td><td style="display: none;"></td><td style="display: none;"></td><td style="display: none;"><a class="recipeLink" href="/recipe_ingredient_search_results.php?query=(_QU5E__1__________315__[]_1_1)">Recipes with small/baby potatoes (nugget)</a></td></tr><tr role="row" class="even"><td tabindex="0"><i class="fa fa-thumbs-up"></i><i class="fa fa-thumbs-up"></i></td><td class=" not_printable"><div class="addToGL" data-soscuisine-aisle="17" data-soscuisine-sip="3937287"><i class="fa fa-cart-plus" title="Add to My Grocery List"></i><div></div></div></td><td><img class="storeItemImage" alt="snow peas" src="/media/images/store_item/blank.jpg"></td><td>snow peas</td><td class="not_printable sorting_1">vegetables</td><td><img style="width:50%;" src="/media/images/logos/marchands/75.png" alt="Fruiterie 440"></td><td><span itemprop="price">$1.99</span><span itemprop="eligibleQuantity" itemscope="" itemtype="http://schema.org/QuantitativeValue">/<span itemprop="unitText">lb</span></span></td><td>$4.39/kg</td><td style="display: none;">2020-02-23</td><td style="display: none;">Imported</td><td style="display: none;"></td><td style="display: none;"></td><td style="display: none;"></td><td style="display: none;"></td><td style="display: none;"></td><td style="display: none;"></td><td style="display: none;"><a class="recipeLink" href="/recipe_ingredient_search_results.php?query=(_QU5E__1__________119__[]_1_1)">Recipes with snow peas</a></td></tr><tr role="row" class="odd"><td tabindex="0"><i class="fa fa-thumbs-up"></i><i class="fa fa-thumbs-up"></i></td><td class=" not_printable"><div class="addToGL" data-soscuisine-aisle="17" data-soscuisine-sip="3938559"><i class="fa fa-cart-plus" title="Add to My Grocery List"></i><div></div></div></td><td><img class="storeItemImage" alt="snow peas" src="/media/images/store_item/blank.jpg"></td><td>snow peas</td><td class="not_printable sorting_1">vegetables</td><td><img style="width:50%;" src="/media/images/logos/marchands/7.png" alt="Intermarché (Saveurs intl.)"></td><td><span itemprop="price">$2.00</span><span itemprop="eligibleQuantity" itemscope="" itemtype="http://schema.org/QuantitativeValue">/<span itemprop="unitText">lb</span></span></td><td>$4.41/kg</td><td style="display: none;">2020-02-26</td><td style="display: none;">Guatemala</td><td style="display: none;"></td><td style="display: none;"></td><td style="display: none;"></td><td style="display: none;"></td><td style="display: none;"></td><td style="display: none;"></td><td style="display: none;"><a class="recipeLink" href="/recipe_ingredient_search_results.php?query=(_QU5E__1__________119__[]_1_1)">Recipes with snow peas</a></td></tr><tr role="row" class="even"><td tabindex="0"><i class="fa fa-thumbs-up"></i><i class="fa fa-thumbs-up"></i></td><td class=" not_printable"><div class="addToGL" data-soscuisine-aisle="17" data-soscuisine-sip="3942079"><i class="fa fa-cart-plus" title="Add to My Grocery List"></i><div></div></div></td><td><img class="storeItemImage" alt="snow peas" src="/media/images/store_item/blank.jpg"></td><td>snow peas</td><td class="not_printable sorting_1">vegetables</td><td><img style="width:50%;" src="/media/images/logos/marchands/13.png" alt="Jardin Mobile"></td><td><span itemprop="price">$1.99</span><span itemprop="eligibleQuantity" itemscope="" itemtype="http://schema.org/QuantitativeValue">/<span itemprop="unitText">lb</span></span></td><td>$4.39/kg</td><td style="display: none;">2020-02-26</td><td style="display: none;">Imported</td><td style="display: none;"></td><td style="display: none;"></td><td style="display: none;"></td><td style="display: none;"></td><td style="display: none;"></td><td style="display: none;"></td><td style="display: none;"><a class="recipeLink" href="/recipe_ingredient_search_results.php?query=(_QU5E__1__________119__[]_1_1)">Recipes with snow peas</a></td></tr><tr role="row" class="odd"><td tabindex="0"><i class="fa fa-thumbs-up"></i><i class="fa fa-thumbs-up"></i></td><td class=" not_printable"><div class="addToGL" data-soscuisine-aisle="17" data-soscuisine-sip="3935967"><i class="fa fa-cart-plus" title="Add to My Grocery List"></i><div></div></div></td><td><img class="storeItemImage" alt="snow peas" src="/media/images/store_item/blank.jpg"></td><td>snow peas</td><td class="not_printable sorting_1">vegetables</td><td><img style="width:50%;" src="/media/images/logos/marchands/62.png" alt="Supermarché PA"></td><td><span itemprop="price">$1.99</span><span itemprop="eligibleQuantity" itemscope="" itemtype="http://schema.org/QuantitativeValue">/<span itemprop="unitText">lb</span></span></td><td>$4.39/kg</td><td style="display: none;">2020-02-23</td><td style="display: none;"></td><td style="display: none;"></td><td style="display: none;"></td><td style="display: none;"></td><td style="display: none;"></td><td style="display: none;"></td><td style="display: none;"></td><td style="display: none;"><a class="recipeLink" href="/recipe_ingredient_search_results.php?query=(_QU5E__1__________119__[]_1_1)">Recipes with snow peas</a></td></tr><tr role="row" class="even"><td tabindex="0"><i class="fa fa-thumbs-down"></i></td><td class=" not_printable"><div class="addToGL" data-soscuisine-aisle="17" data-soscuisine-sip="3937955"><i class="fa fa-cart-plus" title="Add to My Grocery List"></i><div></div></div></td><td><img class="storeItemImage" itemprop="image" alt="spinach" src="/media/images/store_item/121.jpg"></td><td>spinach</td><td class="not_printable sorting_1">vegetables</td><td><img style="width:50%;" src="/media/images/logos/marchands/1.png" alt="Metro"></td><td><span itemprop="price">$2.09</span><span itemprop="eligibleQuantity" itemscope="" itemtype="http://schema.org/QuantitativeValue">/<span itemprop="unitText">6oz (171g)</span></span></td><td>$12.22/kg</td><td style="display: none;">2020-02-26</td><td style="display: none;">USA</td><td style="display: none;"></td><td style="display: none;"></td><td style="display: none;"></td><td style="display: none;"></td><td style="display: none;"></td><td style="display: none;">or Mexico</td><td style="display: none;"><a class="recipeLink" href="/recipe_ingredient_search_results.php?query=(_QU5E__1__________121__[]_1_1)">Recipes with spinach</a></td></tr><tr role="row" class="odd"><td tabindex="0"><i class="fas fa-circle"></i></td><td class=" not_printable"><div class="addToGL" data-soscuisine-aisle="17" data-soscuisine-sip="3939045"><i class="fa fa-cart-plus" title="Add to My Grocery List"></i><div></div></div></td><td><img class="storeItemImage" itemprop="image" alt="spinach" src="/media/images/store_item/121.jpg"></td><td>spinach</td><td class="not_printable sorting_1">vegetables</td><td><img style="width:50%;" src="/media/images/logos/marchands/64.png" alt="Mourelatos"></td><td><span itemprop="price">$0.99</span><span itemprop="eligibleQuantity" itemscope="" itemtype="http://schema.org/QuantitativeValue">/<span itemprop="unitText">bunch</span></span></td><td>N/A</td><td style="display: none;">2020-02-25</td><td style="display: none;"></td><td style="display: none;"></td><td style="display: none;">standard</td><td style="display: none;"></td><td style="display: none;"></td><td style="display: none;"></td><td style="display: none;"></td><td style="display: none;"><a class="recipeLink" href="/recipe_ingredient_search_results.php?query=(_QU5E__1__________121__[]_1_1)">Recipes with spinach</a></td></tr><tr role="row" class="even"><td tabindex="0"><i class="fas fa-circle"></i></td><td class=" not_printable"><div class="addToGL" data-soscuisine-aisle="17" data-soscuisine-sip="3940521"><i class="fa fa-cart-plus" title="Add to My Grocery List"></i><div></div></div></td><td><img class="storeItemImage" itemprop="image" alt="spinach" src="/media/images/store_item/121.jpg"></td><td>spinach</td><td class="not_printable sorting_1">vegetables</td><td><img style="width:50%;" src="/media/images/logos/marchands/5.png" alt="Super C"></td><td><span itemprop="price">$1.99</span><span itemprop="eligibleQuantity" itemscope="" itemtype="http://schema.org/QuantitativeValue">/<span itemprop="unitText">bunch</span></span></td><td>N/A</td><td style="display: none;">2020-02-26</td><td style="display: none;">USA</td><td style="display: none;"></td><td style="display: none;">standard</td><td style="display: none;"></td><td style="display: none;"></td><td style="display: none;"></td><td style="display: none;">or Mexico</td><td style="display: none;"><a class="recipeLink" href="/recipe_ingredient_search_results.php?query=(_QU5E__1__________121__[]_1_1)">Recipes with spinach</a></td></tr><tr role="row" class="odd"><td tabindex="0"><i class="fas fa-exclamation"></i></td><td class=" not_printable"><div class="addToGL" data-soscuisine-aisle="17" data-soscuisine-sip="3937703"><i class="fa fa-cart-plus" title="Add to My Grocery List"></i><div></div></div></td><td><img class="storeItemImage" alt="sprouts, alfalfa ORGANIC" src="/media/images/store_item/blank.jpg"></td><td>sprouts, alfalfa ORGANIC</td><td class="not_printable sorting_1">vegetables</td><td><img style="width:50%;" src="/media/images/logos/marchands/1.png" alt="Metro"></td><td><span itemprop="price">$2.49</span><span itemprop="eligibleQuantity" itemscope="" itemtype="http://schema.org/QuantitativeValue">/<span itemprop="unitText">75g</span></span></td><td>$33.20/kg</td><td style="display: none;">2020-02-26</td><td style="display: none;">Quebec</td><td style="display: none;">Aquafuchsia</td><td style="display: none;"></td><td style="display: none;"></td><td style="display: none;"></td><td style="display: none;"></td><td style="display: none;"></td><td style="display: none;"><a class="recipeLink" href="/recipe_ingredient_search_results.php?query=(_QU5E__1__________832__[]_1_1)">Recipes with sprouts, alfalfa ORGANIC</a></td></tr><tr role="row" class="even"><td tabindex="0"><i class="fa fa-thumbs-up"></i><i class="fa fa-thumbs-up"></i></td><td class=" not_printable"><div class="addToGL" data-soscuisine-aisle="17" data-soscuisine-sip="3942069"><i class="fa fa-cart-plus" title="Add to My Grocery List"></i><div></div></div></td><td><img class="storeItemImage" itemprop="image" alt="sprouts, soybean/mung bean" src="/media/images/store_item/103.jpg"></td><td>sprouts, soybean/mung bean</td><td class="not_printable sorting_1">vegetables</td><td><img style="width:50%;" src="/media/images/logos/marchands/13.png" alt="Jardin Mobile"></td><td><span itemprop="price">$0.99</span><span itemprop="eligibleQuantity" itemscope="" itemtype="http://schema.org/QuantitativeValue">/<span itemprop="unitText">lb</span></span></td><td>$2.18/kg</td><td style="display: none;">2020-02-26</td><td style="display: none;">Quebec</td><td style="display: none;"></td><td style="display: none;"></td><td style="display: none;"></td><td style="display: none;"></td><td style="display: none;"></td><td style="display: none;"></td><td style="display: none;"><a class="recipeLink" href="/recipe_ingredient_search_results.php?query=(_QU5E__1__________103__[]_1_1)">Recipes with sprouts, soybean/mung bean</a></td></tr><tr role="row" class="odd"><td tabindex="0"><i class="fa fa-thumbs-up"></i><i class="fa fa-thumbs-up"></i></td><td class=" not_printable"><div class="addToGL" data-soscuisine-aisle="17" data-soscuisine-sip="3938555"><i class="fa fa-cart-plus" title="Add to My Grocery List"></i><div></div></div></td><td><img class="storeItemImage" itemprop="image" alt="sugar snap peas" src="/media/images/store_item/794.jpg"></td><td>sugar snap peas</td><td class="not_printable sorting_1">vegetables</td><td><img style="width:50%;" src="/media/images/logos/marchands/7.png" alt="Intermarché (Saveurs intl.)"></td><td><span itemprop="price">$2.00</span><span itemprop="eligibleQuantity" itemscope="" itemtype="http://schema.org/QuantitativeValue">/<span itemprop="unitText">lb</span></span></td><td>$4.41/kg</td><td style="display: none;">2020-02-26</td><td style="display: none;">Guatemala</td><td style="display: none;"></td><td style="display: none;"></td><td style="display: none;"></td><td style="display: none;"></td><td style="display: none;"></td><td style="display: none;"></td><td style="display: none;"><a class="recipeLink" href="/recipe_ingredient_search_results.php?query=(_QU5E__1__________794__[]_1_1)">Recipes with sugar snap peas</a></td></tr><tr role="row" class="even"><td tabindex="0"><i class="fa fa-thumbs-up"></i><i class="fa fa-thumbs-up"></i></td><td class=" not_printable"><div class="addToGL" data-soscuisine-aisle="17" data-soscuisine-sip="3942085"><i class="fa fa-cart-plus" title="Add to My Grocery List"></i><div></div></div></td><td><img class="storeItemImage" itemprop="image" alt="sugar snap peas" src="/media/images/store_item/794.jpg"></td><td>sugar snap peas</td><td class="not_printable sorting_1">vegetables</td><td><img style="width:50%;" src="/media/images/logos/marchands/13.png" alt="Jardin Mobile"></td><td><span itemprop="price">$1.99</span><span itemprop="eligibleQuantity" itemscope="" itemtype="http://schema.org/QuantitativeValue">/<span itemprop="unitText">lb</span></span></td><td>$4.39/kg</td><td style="display: none;">2020-02-26</td><td style="display: none;">Imported</td><td style="display: none;"></td><td style="display: none;"></td><td style="display: none;"></td><td style="display: none;"></td><td style="display: none;"></td><td style="display: none;"></td><td style="display: none;"><a class="recipeLink" href="/recipe_ingredient_search_results.php?query=(_QU5E__1__________794__[]_1_1)">Recipes with sugar snap peas</a></td></tr><tr role="row" class="odd"><td tabindex="0"><i class="fa fa-thumbs-up"></i><i class="fa fa-thumbs-up"></i></td><td class=" not_printable"><div class="addToGL" data-soscuisine-aisle="17" data-soscuisine-sip="3935971"><i class="fa fa-cart-plus" title="Add to My Grocery List"></i><div></div></div></td><td><img class="storeItemImage" itemprop="image" alt="sugar snap peas" src="/media/images/store_item/794.jpg"></td><td>sugar snap peas</td><td class="not_printable sorting_1">vegetables</td><td><img style="width:50%;" src="/media/images/logos/marchands/62.png" alt="Supermarché PA"></td><td><span itemprop="price">$1.99</span><span itemprop="eligibleQuantity" itemscope="" itemtype="http://schema.org/QuantitativeValue">/<span itemprop="unitText">lb</span></span></td><td>$4.39/kg</td><td style="display: none;">2020-02-23</td><td style="display: none;"></td><td style="display: none;"></td><td style="display: none;"></td><td style="display: none;"></td><td style="display: none;"></td><td style="display: none;"></td><td style="display: none;"></td><td style="display: none;"><a class="recipeLink" href="/recipe_ingredient_search_results.php?query=(_QU5E__1__________794__[]_1_1)">Recipes with sugar snap peas</a></td></tr><tr role="row" class="even"><td tabindex="0"><i class="fa fa-thumbs-down"></i></td><td class=" not_printable"><div class="addToGL" data-soscuisine-aisle="17" data-soscuisine-sip="3938637"><i class="fa fa-cart-plus" title="Add to My Grocery List"></i><div></div></div></td><td><img class="storeItemImage" itemprop="image" alt="summer squash, zucchini" src="/media/images/store_item/113.jpg"></td><td>summer squash, zucchini</td><td class="not_printable sorting_1">vegetables</td><td><img style="width:50%;" src="/media/images/logos/marchands/69.png" alt="Intermarche (Provincial)"></td><td><span itemprop="price">$1.99</span><span itemprop="eligibleQuantity" itemscope="" itemtype="http://schema.org/QuantitativeValue">/<span itemprop="unitText">lb</span></span></td><td>$4.39/kg</td><td style="display: none;">2020-02-26</td><td style="display: none;">Mexico</td><td style="display: none;"></td><td style="display: none;"></td><td style="display: none;"></td><td style="display: none;"></td><td style="display: none;"></td><td style="display: none;"></td><td style="display: none;"><a class="recipeLink" href="/recipe_ingredient_search_results.php?query=(_QU5E__1__________113__[]_1_1)">Recipes with summer squash, zucchini</a></td></tr><tr role="row" class="odd"><td tabindex="0"><i class="fa fa-thumbs-down"></i></td><td class=" not_printable"><div class="addToGL" data-soscuisine-aisle="17" data-soscuisine-sip="3937493"><i class="fa fa-cart-plus" title="Add to My Grocery List"></i><div></div></div></td><td><img class="storeItemImage" itemprop="image" alt="summer squash, zucchini" src="/media/images/store_item/113.jpg"></td><td>summer squash, zucchini</td><td class="not_printable sorting_1">vegetables</td><td><img style="width:50%;" src="/media/images/logos/marchands/6.png" alt="Maxi"></td><td><span itemprop="price">$2.00</span><span itemprop="eligibleQuantity" itemscope="" itemtype="http://schema.org/QuantitativeValue">/<span itemprop="unitText">lb</span></span></td><td>$4.41/kg</td><td style="display: none;">2020-02-26</td><td style="display: none;">Mexico</td><td style="display: none;"></td><td style="display: none;"></td><td style="display: none;">green</td><td style="display: none;"></td><td style="display: none;"></td><td style="display: none;"></td><td style="display: none;"><a class="recipeLink" href="/recipe_ingredient_search_results.php?query=(_QU5E__1__________113__[]_1_1)">Recipes with summer squash, zucchini</a></td></tr><tr role="row" class="even"><td tabindex="0"><i class="fa fa-thumbs-down"></i></td><td class=" not_printable"><div class="addToGL" data-soscuisine-aisle="17" data-soscuisine-sip="3937653"><i class="fa fa-cart-plus" title="Add to My Grocery List"></i><div></div></div></td><td><img class="storeItemImage" itemprop="image" alt="summer squash, zucchini" src="/media/images/store_item/113.jpg"></td><td>summer squash, zucchini</td><td class="not_printable sorting_1">vegetables</td><td><img style="width:50%;" src="/media/images/logos/marchands/1.png" alt="Metro"></td><td><span itemprop="price">$2.99</span><span itemprop="eligibleQuantity" itemscope="" itemtype="http://schema.org/QuantitativeValue">/<span itemprop="unitText">lb</span></span></td><td>$6.59/kg</td><td style="display: none;">2020-02-26</td><td style="display: none;">Mexico</td><td style="display: none;"></td><td style="display: none;"></td><td style="display: none;"></td><td style="display: none;"></td><td style="display: none;"></td><td style="display: none;"></td><td style="display: none;"><a class="recipeLink" href="/recipe_ingredient_search_results.php?query=(_QU5E__1__________113__[]_1_1)">Recipes with summer squash, zucchini</a></td></tr><tr role="row" class="odd"><td tabindex="0"><i class="fa fa-thumbs-down"></i></td><td class=" not_printable"><div class="addToGL" data-soscuisine-aisle="17" data-soscuisine-sip="3940613"><i class="fa fa-cart-plus" title="Add to My Grocery List"></i><div></div></div></td><td><img class="storeItemImage" itemprop="image" alt="summer squash, zucchini" src="/media/images/store_item/113.jpg"></td><td>summer squash, zucchini</td><td class="not_printable sorting_1">vegetables</td><td><img style="width:50%;" src="/media/images/logos/marchands/11.png" alt="Tradition"></td><td><span itemprop="price">$2.99</span><span itemprop="eligibleQuantity" itemscope="" itemtype="http://schema.org/QuantitativeValue">/<span itemprop="unitText">lb</span></span></td><td>$6.59/kg</td><td style="display: none;">2020-02-26</td><td style="display: none;">Mexico</td><td style="display: none;"></td><td style="display: none;"></td><td style="display: none;">green</td><td style="display: none;"></td><td style="display: none;"></td><td style="display: none;"></td><td style="display: none;"><a class="recipeLink" href="/recipe_ingredient_search_results.php?query=(_QU5E__1__________113__[]_1_1)">Recipes with summer squash, zucchini</a></td></tr><tr role="row" class="even"><td tabindex="0"><i class="fa fa-thumbs-down"></i></td><td class=" not_printable"><div class="addToGL" data-soscuisine-aisle="17" data-soscuisine-sip="3939853"><i class="fa fa-cart-plus" title="Add to My Grocery List"></i><div></div></div></td><td><img class="storeItemImage" itemprop="image" alt="sweet peppers, green" src="/media/images/store_item/107.jpg"></td><td>sweet peppers, green</td><td class="not_printable sorting_1">vegetables</td><td><img style="width:50%;" src="/media/images/logos/marchands/10.png" alt="Bonichoix"></td><td><span itemprop="price">$2.99</span><span itemprop="eligibleQuantity" itemscope="" itemtype="http://schema.org/QuantitativeValue">/<span itemprop="unitText">lb</span></span></td><td>$6.59/kg</td><td style="display: none;">2020-02-26</td><td style="display: none;">USA</td><td style="display: none;"></td><td style="display: none;"></td><td style="display: none;"></td><td style="display: none;"></td><td style="display: none;"></td><td style="display: none;"></td><td style="display: none;"><a class="recipeLink" href="/recipe_ingredient_search_results.php?query=(_QU5E__1__________107__[]_1_1)">Recipes with sweet peppers, green</a></td></tr><tr role="row" class="odd"><td tabindex="0"><i class="fa fa-thumbs-down"></i></td><td class=" not_printable"><div class="addToGL" data-soscuisine-aisle="17" data-soscuisine-sip="3939523"><i class="fa fa-cart-plus" title="Add to My Grocery List"></i><div></div></div></td><td><img class="storeItemImage" itemprop="image" alt="sweet peppers, green" src="/media/images/store_item/107.jpg"></td><td>sweet peppers, green</td><td class="not_printable sorting_1">vegetables</td><td><img style="width:50%;" src="/media/images/logos/marchands/3.png" alt="IGA"></td><td><span itemprop="price">$4.99</span><span itemprop="eligibleQuantity" itemscope="" itemtype="http://schema.org/QuantitativeValue">/<span itemprop="unitText">4-pack</span></span></td><td>$9.98/kg</td><td style="display: none;">2020-02-26</td><td style="display: none;">Imported</td><td style="display: none;"></td><td style="display: none;">standard</td><td style="display: none;">field</td><td style="display: none;"></td><td style="display: none;"></td><td style="display: none;"></td><td style="display: none;"><a class="recipeLink" href="/recipe_ingredient_search_results.php?query=(_QU5E__1__________107__[]_1_1)">Recipes with sweet peppers, green</a></td></tr><tr role="row" class="even"><td tabindex="0"><i class="fas fa-hand-rock"></i></td><td class=" not_printable"><div class="addToGL" data-soscuisine-aisle="17" data-soscuisine-sip="3939195"><i class="fa fa-cart-plus" title="Add to My Grocery List"></i><div></div></div></td><td><img class="storeItemImage" itemprop="image" alt="sweet peppers, green" src="/media/images/store_item/107.jpg"></td><td>sweet peppers, green</td><td class="not_printable sorting_1">vegetables</td><td><img style="width:50%;" src="/media/images/logos/marchands/63.png" alt="Marché Adonis"></td><td><span itemprop="price">$1.69</span><span itemprop="eligibleQuantity" itemscope="" itemtype="http://schema.org/QuantitativeValue">/<span itemprop="unitText">lb</span></span></td><td>$3.73/kg</td><td style="display: none;">2020-02-26</td><td style="display: none;">USA</td><td style="display: none;"></td><td style="display: none;"></td><td style="display: none;"></td><td style="display: none;"></td><td style="display: none;"></td><td style="display: none;"></td><td style="display: none;"><a class="recipeLink" href="/recipe_ingredient_search_results.php?query=(_QU5E__1__________107__[]_1_1)">Recipes with sweet peppers, green</a></td></tr><tr role="row" class="odd"><td tabindex="0"><i class="fas fa-hand-rock"></i></td><td class=" not_printable"><div class="addToGL" data-soscuisine-aisle="17" data-soscuisine-sip="3937467"><i class="fa fa-cart-plus" title="Add to My Grocery List"></i><div></div></div></td><td><img class="storeItemImage" itemprop="image" alt="sweet peppers, green" src="/media/images/store_item/107.jpg"></td><td>sweet peppers, green</td><td class="not_printable sorting_1">vegetables</td><td><img style="width:50%;" src="/media/images/logos/marchands/6.png" alt="Maxi"></td><td><span itemprop="price">$2.00</span><span itemprop="eligibleQuantity" itemscope="" itemtype="http://schema.org/QuantitativeValue">/<span itemprop="unitText">lb</span></span></td><td>$4.41/kg</td><td style="display: none;">2020-02-26</td><td style="display: none;">USA</td><td style="display: none;"></td><td style="display: none;"></td><td style="display: none;"></td><td style="display: none;"></td><td style="display: none;"></td><td style="display: none;"></td><td style="display: none;"><a class="recipeLink" href="/recipe_ingredient_search_results.php?query=(_QU5E__1__________107__[]_1_1)">Recipes with sweet peppers, green</a></td></tr><tr role="row" class="even"><td tabindex="0"><i class="fas fa-hand-rock"></i></td><td class=" not_printable"><div class="addToGL" data-soscuisine-aisle="17" data-soscuisine-sip="3937663"><i class="fa fa-cart-plus" title="Add to My Grocery List"></i><div></div></div></td><td><img class="storeItemImage" itemprop="image" alt="sweet peppers, green" src="/media/images/store_item/107.jpg"></td><td>sweet peppers, green</td><td class="not_printable sorting_1">vegetables</td><td><img style="width:50%;" src="/media/images/logos/marchands/1.png" alt="Metro"></td><td><span itemprop="price">$2.49</span><span itemprop="eligibleQuantity" itemscope="" itemtype="http://schema.org/QuantitativeValue">/<span itemprop="unitText">lb</span></span></td><td>$5.49/kg</td><td style="display: none;">2020-02-26</td><td style="display: none;">USA</td><td style="display: none;"></td><td style="display: none;"></td><td style="display: none;"></td><td style="display: none;"></td><td style="display: none;"></td><td style="display: none;">or Mexico</td><td style="display: none;"><a class="recipeLink" href="/recipe_ingredient_search_results.php?query=(_QU5E__1__________107__[]_1_1)">Recipes with sweet peppers, green</a></td></tr><tr role="row" class="odd"><td tabindex="0"><i class="fa fa-thumbs-up"></i><i class="fa fa-thumbs-up"></i></td><td class=" not_printable"><div class="addToGL" data-soscuisine-aisle="17" data-soscuisine-sip="3939047"><i class="fa fa-cart-plus" title="Add to My Grocery List"></i><div></div></div></td><td><img class="storeItemImage" itemprop="image" alt="sweet peppers, green" src="/media/images/store_item/107.jpg"></td><td>sweet peppers, green</td><td class="not_printable sorting_1">vegetables</td><td><img style="width:50%;" src="/media/images/logos/marchands/64.png" alt="Mourelatos"></td><td><span itemprop="price">$0.99</span><span itemprop="eligibleQuantity" itemscope="" itemtype="http://schema.org/QuantitativeValue">/<span itemprop="unitText">lb</span></span></td><td>$2.18/kg</td><td style="display: none;">2020-02-25</td><td style="display: none;"></td><td style="display: none;"></td><td style="display: none;"></td><td style="display: none;"></td><td style="display: none;"></td><td style="display: none;"></td><td style="display: none;"></td><td style="display: none;"><a class="recipeLink" href="/recipe_ingredient_search_results.php?query=(_QU5E__1__________107__[]_1_1)">Recipes with sweet peppers, green</a></td></tr><tr role="row" class="even"><td tabindex="0"><i class="fa fa-thumbs-down"></i></td><td class=" not_printable"><div class="addToGL" data-soscuisine-aisle="17" data-soscuisine-sip="3940897"><i class="fa fa-cart-plus" title="Add to My Grocery List"></i><div></div></div></td><td><img class="storeItemImage" itemprop="image" alt="sweet peppers, green" src="/media/images/store_item/107.jpg"></td><td>sweet peppers, green</td><td class="not_printable sorting_1">vegetables</td><td><img style="width:50%;" src="/media/images/logos/marchands/12.png" alt="Richelieu"></td><td><span itemprop="price">$2.99</span><span itemprop="eligibleQuantity" itemscope="" itemtype="http://schema.org/QuantitativeValue">/<span itemprop="unitText">lb</span></span></td><td>$6.59/kg</td><td style="display: none;">2020-02-26</td><td style="display: none;">USA</td><td style="display: none;"></td><td style="display: none;"></td><td style="display: none;"></td><td style="display: none;"></td><td style="display: none;"></td><td style="display: none;"></td><td style="display: none;"><a class="recipeLink" href="/recipe_ingredient_search_results.php?query=(_QU5E__1__________107__[]_1_1)">Recipes with sweet peppers, green</a></td></tr><tr role="row" class="odd"><td tabindex="0"><i class="fa fa-thumbs-down"></i></td><td class=" not_printable"><div class="addToGL" data-soscuisine-aisle="17" data-soscuisine-sip="3940505"><i class="fa fa-cart-plus" title="Add to My Grocery List"></i><div></div></div></td><td><img class="storeItemImage" itemprop="image" alt="sweet peppers, green" src="/media/images/store_item/107.jpg"></td><td>sweet peppers, green</td><td class="not_printable sorting_1">vegetables</td><td><img style="width:50%;" src="/media/images/logos/marchands/5.png" alt="Super C"></td><td><span itemprop="price">$2.99</span><span itemprop="eligibleQuantity" itemscope="" itemtype="http://schema.org/QuantitativeValue">/<span itemprop="unitText">lb</span></span></td><td>$6.59/kg</td><td style="display: none;">2020-02-26</td><td style="display: none;">USA</td><td style="display: none;"></td><td style="display: none;"></td><td style="display: none;"></td><td style="display: none;"></td><td style="display: none;"></td><td style="display: none;"></td><td style="display: none;"><a class="recipeLink" href="/recipe_ingredient_search_results.php?query=(_QU5E__1__________107__[]_1_1)">Recipes with sweet peppers, green</a></td></tr><tr role="row" class="even"><td tabindex="0"><i class="fa fa-thumbs-down"></i></td><td class=" not_printable"><div class="addToGL" data-soscuisine-aisle="17" data-soscuisine-sip="3940559"><i class="fa fa-cart-plus" title="Add to My Grocery List"></i><div></div></div></td><td><img class="storeItemImage" itemprop="image" alt="sweet peppers, green" src="/media/images/store_item/107.jpg"></td><td>sweet peppers, green</td><td class="not_printable sorting_1">vegetables</td><td><img style="width:50%;" src="/media/images/logos/marchands/11.png" alt="Tradition"></td><td><span itemprop="price">$2.99</span><span itemprop="eligibleQuantity" itemscope="" itemtype="http://schema.org/QuantitativeValue">/<span itemprop="unitText">lb</span></span></td><td>$6.59/kg</td><td style="display: none;">2020-02-26</td><td style="display: none;">USA</td><td style="display: none;"></td><td style="display: none;"></td><td style="display: none;"></td><td style="display: none;"></td><td style="display: none;"></td><td style="display: none;"></td><td style="display: none;"><a class="recipeLink" href="/recipe_ingredient_search_results.php?query=(_QU5E__1__________107__[]_1_1)">Recipes with sweet peppers, green</a></td></tr><tr role="row" class="odd"><td tabindex="0"><i class="fa fa-thumbs-down"></i></td><td class=" not_printable"><div class="addToGL" data-soscuisine-aisle="17" data-soscuisine-sip="3938635"><i class="fa fa-cart-plus" title="Add to My Grocery List"></i><div></div></div></td><td><img class="storeItemImage" itemprop="image" alt="sweet peppers, red" src="/media/images/store_item/291.jpg"></td><td>sweet peppers, red</td><td class="not_printable sorting_1">vegetables</td><td><img style="width:50%;" src="/media/images/logos/marchands/69.png" alt="Intermarche (Provincial)"></td><td><span itemprop="price">$4.99</span><span itemprop="eligibleQuantity" itemscope="" itemtype="http://schema.org/QuantitativeValue">/<span itemprop="unitText">4-pack</span></span></td><td>$9.98/kg</td><td style="display: none;">2020-02-26</td><td style="display: none;">Mexico</td><td style="display: none;">house brand</td><td style="display: none;">standard</td><td style="display: none;">orange, red, yellow</td><td style="display: none;"></td><td style="display: none;"></td><td style="display: none;"></td><td style="display: none;"><a class="recipeLink" href="/recipe_ingredient_search_results.php?query=(_QU5E__1__________291__[]_1_1)">Recipes with sweet peppers, red</a></td></tr><tr role="row" class="even"><td tabindex="0"><i class="fa fa-thumbs-down"></i></td><td class=" not_printable"><div class="addToGL" data-soscuisine-aisle="17" data-soscuisine-sip="3938129"><i class="fa fa-cart-plus" title="Add to My Grocery List"></i><div></div></div></td><td><img class="storeItemImage" itemprop="image" alt="sweet peppers, red" src="/media/images/store_item/291.jpg"></td><td>sweet peppers, red</td><td class="not_printable sorting_1">vegetables</td><td><img style="width:50%;" src="/media/images/logos/marchands/2.png" alt="Provigo"></td><td><span itemprop="price">$4.99</span><span itemprop="eligibleQuantity" itemscope="" itemtype="http://schema.org/QuantitativeValue">/<span itemprop="unitText">3-pack</span></span></td><td>$13.31/kg</td><td style="display: none;">2020-02-26</td><td style="display: none;">Mexico</td><td style="display: none;">house brand</td><td style="display: none;">standard</td><td style="display: none;">mixed type</td><td style="display: none;"></td><td style="display: none;"></td><td style="display: none;"></td><td style="display: none;"><a class="recipeLink" href="/recipe_ingredient_search_results.php?query=(_QU5E__1__________291__[]_1_1)">Recipes with sweet peppers, red</a></td></tr><tr role="row" class="odd"><td tabindex="0"><i class="fa fa-thumbs-down"></i></td><td class=" not_printable"><div class="addToGL" data-soscuisine-aisle="17" data-soscuisine-sip="3940509"><i class="fa fa-cart-plus" title="Add to My Grocery List"></i><div></div></div></td><td><img class="storeItemImage" itemprop="image" alt="sweet peppers, red" src="/media/images/store_item/291.jpg"></td><td>sweet peppers, red</td><td class="not_printable sorting_1">vegetables</td><td><img style="width:50%;" src="/media/images/logos/marchands/5.png" alt="Super C"></td><td><span itemprop="price">$4.99</span><span itemprop="eligibleQuantity" itemscope="" itemtype="http://schema.org/QuantitativeValue">/<span itemprop="unitText">4-pack</span></span></td><td>$9.98/kg</td><td style="display: none;">2020-02-26</td><td style="display: none;">Honduras</td><td style="display: none;"></td><td style="display: none;">standard</td><td style="display: none;">orange, red, yellow</td><td style="display: none;"></td><td style="display: none;"></td><td style="display: none;">or Mexico</td><td style="display: none;"><a class="recipeLink" href="/recipe_ingredient_search_results.php?query=(_QU5E__1__________291__[]_1_1)">Recipes with sweet peppers, red</a></td></tr><tr role="row" class="even"><td tabindex="0"><i class="fa fa-thumbs-up"></i><i class="fa fa-thumbs-up"></i></td><td class=" not_printable"><div class="addToGL" data-soscuisine-aisle="17" data-soscuisine-sip="3938753"><i class="fa fa-cart-plus" title="Add to My Grocery List"></i><div></div></div></td><td><img class="storeItemImage" itemprop="image" alt="sweet peppers, red ORGANIC" src="/media/images/store_item/945.jpg"></td><td>sweet peppers, red ORGANIC</td><td class="not_printable sorting_1">vegetables</td><td><img style="width:50%;" src="/media/images/logos/marchands/93.png" alt="Rachelle Béry"></td><td><span itemprop="price">$2.49</span><span itemprop="eligibleQuantity" itemscope="" itemtype="http://schema.org/QuantitativeValue">/<span itemprop="unitText">lb</span></span></td><td>$5.49/kg</td><td style="display: none;">2020-03-04</td><td style="display: none;">Imported</td><td style="display: none;"></td><td style="display: none;"></td><td style="display: none;">orange, red, yellow</td><td style="display: none;"></td><td style="display: none;"></td><td style="display: none;"></td><td style="display: none;"><a class="recipeLink" href="/recipe_ingredient_search_results.php?query=(_QU5E__1__________945__[]_1_1)">Recipes with sweet peppers, red ORGANIC</a></td></tr><tr role="row" class="odd"><td tabindex="0"><i class="fas fa-hand-rock"></i></td><td class=" not_printable"><div class="addToGL" data-soscuisine-aisle="17" data-soscuisine-sip="3938647"><i class="fa fa-cart-plus" title="Add to My Grocery List"></i><div></div></div></td><td><img class="storeItemImage" itemprop="image" alt="sweet potatoes/yams" src="/media/images/store_item/90.jpg"></td><td>sweet potatoes/yams</td><td class="not_printable sorting_1">vegetables</td><td><img style="width:50%;" src="/media/images/logos/marchands/69.png" alt="Intermarche (Provincial)"></td><td><span itemprop="price">$1.29</span><span itemprop="eligibleQuantity" itemscope="" itemtype="http://schema.org/QuantitativeValue">/<span itemprop="unitText">lb</span></span></td><td>$2.84/kg</td><td style="display: none;">2020-02-26</td><td style="display: none;">USA</td><td style="display: none;"></td><td style="display: none;"></td><td style="display: none;"></td><td style="display: none;"></td><td style="display: none;"></td><td style="display: none;"></td><td style="display: none;"><a class="recipeLink" href="/recipe_ingredient_search_results.php?query=(_QU5E__1__________90__[]_1_1)">Recipes with sweet potatoes/yams</a></td></tr><tr role="row" class="even"><td tabindex="0"><i class="fa fa-thumbs-up"></i></td><td class=" not_printable"><div class="addToGL" data-soscuisine-aisle="17" data-soscuisine-sip="3942071"><i class="fa fa-cart-plus" title="Add to My Grocery List"></i><div></div></div></td><td><img class="storeItemImage" itemprop="image" alt="sweet potatoes/yams" src="/media/images/store_item/90.jpg"></td><td>sweet potatoes/yams</td><td class="not_printable sorting_1">vegetables</td><td><img style="width:50%;" src="/media/images/logos/marchands/13.png" alt="Jardin Mobile"></td><td><span itemprop="price">$0.99</span><span itemprop="eligibleQuantity" itemscope="" itemtype="http://schema.org/QuantitativeValue">/<span itemprop="unitText">lb</span></span></td><td>$2.18/kg</td><td style="display: none;">2020-02-26</td><td style="display: none;">USA</td><td style="display: none;"></td><td style="display: none;"></td><td style="display: none;"></td><td style="display: none;"></td><td style="display: none;"></td><td style="display: none;"></td><td style="display: none;"><a class="recipeLink" href="/recipe_ingredient_search_results.php?query=(_QU5E__1__________90__[]_1_1)">Recipes with sweet potatoes/yams</a></td></tr><tr role="row" class="odd"><td tabindex="0"><i class="fas fa-hand-rock"></i></td><td class=" not_printable"><div class="addToGL" data-soscuisine-aisle="17" data-soscuisine-sip="3938163"><i class="fa fa-cart-plus" title="Add to My Grocery List"></i><div></div></div></td><td><img class="storeItemImage" itemprop="image" alt="sweet potatoes/yams" src="/media/images/store_item/90.jpg"></td><td>sweet potatoes/yams</td><td class="not_printable sorting_1">vegetables</td><td><img style="width:50%;" src="/media/images/logos/marchands/2.png" alt="Provigo"></td><td><span itemprop="price">$4.99</span><span itemprop="eligibleQuantity" itemscope="" itemtype="http://schema.org/QuantitativeValue">/<span itemprop="unitText">5lb (2,3kg)</span></span></td><td>$2.20/kg</td><td style="display: none;">2020-02-26</td><td style="display: none;">Canada</td><td style="display: none;">house brand</td><td style="display: none;"></td><td style="display: none;"></td><td style="display: none;"></td><td style="display: none;"></td><td style="display: none;"></td><td style="display: none;"><a class="recipeLink" href="/recipe_ingredient_search_results.php?query=(_QU5E__1__________90__[]_1_1)">Recipes with sweet potatoes/yams</a></td></tr><tr role="row" class="even"><td tabindex="0"><i class="fa fa-thumbs-up"></i></td><td class=" not_printable"><div class="addToGL" data-soscuisine-aisle="17" data-soscuisine-sip="3940455"><i class="fa fa-cart-plus" title="Add to My Grocery List"></i><div></div></div></td><td><img class="storeItemImage" itemprop="image" alt="sweet potatoes/yams" src="/media/images/store_item/90.jpg"></td><td>sweet potatoes/yams</td><td class="not_printable sorting_1">vegetables</td><td><img style="width:50%;" src="/media/images/logos/marchands/5.png" alt="Super C"></td><td><span itemprop="price">$0.99</span><span itemprop="eligibleQuantity" itemscope="" itemtype="http://schema.org/QuantitativeValue">/<span itemprop="unitText">lb</span></span></td><td>$2.18/kg</td><td style="display: none;">2020-02-26</td><td style="display: none;">USA</td><td style="display: none;"></td><td style="display: none;"></td><td style="display: none;"></td><td style="display: none;"></td><td style="display: none;"></td><td style="display: none;"></td><td style="display: none;"><a class="recipeLink" href="/recipe_ingredient_search_results.php?query=(_QU5E__1__________90__[]_1_1)">Recipes with sweet potatoes/yams</a></td></tr><tr role="row" class="odd"><td tabindex="0"><i class="fa fa-thumbs-up"></i><i class="fa fa-thumbs-up"></i></td><td class=" not_printable"><div class="addToGL" data-soscuisine-aisle="17" data-soscuisine-sip="3940989"><i class="fa fa-cart-plus" title="Add to My Grocery List"></i><div></div></div></td><td><img class="storeItemImage" itemprop="image" alt="sweet potatoes/yams" src="/media/images/store_item/90.jpg"></td><td>sweet potatoes/yams</td><td class="not_printable sorting_1">vegetables</td><td><img style="width:50%;" src="/media/images/logos/marchands/73.png" alt="Walmart"></td><td><span itemprop="price">$0.67</span><span itemprop="eligibleQuantity" itemscope="" itemtype="http://schema.org/QuantitativeValue">/<span itemprop="unitText">lb</span></span></td><td>$1.48/kg</td><td style="display: none;">2020-02-26</td><td style="display: none;">Canada</td><td style="display: none;"></td><td style="display: none;"></td><td style="display: none;"></td><td style="display: none;"></td><td style="display: none;"></td><td style="display: none;">supercentres only</td><td style="display: none;"><a class="recipeLink" href="/recipe_ingredient_search_results.php?query=(_QU5E__1__________90__[]_1_1)">Recipes with sweet potatoes/yams</a></td></tr><tr role="row" class="even"><td tabindex="0"><i class="fas fa-exclamation"></i></td><td class=" not_printable"><div class="addToGL" data-soscuisine-aisle="17" data-soscuisine-sip="3937393"><i class="fa fa-cart-plus" title="Add to My Grocery List"></i><div></div></div></td><td><img class="storeItemImage" itemprop="image" alt="sweet potatoes/yams ORGANIC" src="/media/images/store_item/754.jpg"></td><td>sweet potatoes/yams ORGANIC</td><td class="not_printable sorting_1">vegetables</td><td><img style="width:50%;" src="/media/images/logos/marchands/95.png" alt="Marchés Tau"></td><td><span itemprop="price">$1.99</span><span itemprop="eligibleQuantity" itemscope="" itemtype="http://schema.org/QuantitativeValue">/<span itemprop="unitText">lb</span></span></td><td>$4.39/kg</td><td style="display: none;">2020-03-29</td><td style="display: none;">USA</td><td style="display: none;"></td><td style="display: none;"></td><td style="display: none;"></td><td style="display: none;"></td><td style="display: none;"></td><td style="display: none;">japanese</td><td style="display: none;"><a class="recipeLink" href="/recipe_ingredient_search_results.php?query=(_QU5E__1__________754__[]_1_1)">Recipes with sweet potatoes/yams ORGANIC</a></td></tr><tr role="row" class="odd"><td tabindex="0"><i class="fas fa-circle"></i></td><td class=" not_printable"><div class="addToGL" data-soscuisine-aisle="17" data-soscuisine-sip="3939315"><i class="fa fa-cart-plus" title="Add to My Grocery List"></i><div></div></div></td><td><img class="storeItemImage" itemprop="image" alt="Swiss chard" src="/media/images/store_item/229.jpg"></td><td>Swiss chard</td><td class="not_printable sorting_1">vegetables</td><td><img style="width:50%;" src="/media/images/logos/marchands/3.png" alt="IGA"></td><td><span itemprop="price">$6.00</span><span itemprop="eligibleQuantity" itemscope="" itemtype="http://schema.org/QuantitativeValue">/<span itemprop="value">2</span> bunches</span></td><td>N/A</td><td style="display: none;">2020-02-26</td><td style="display: none;">USA</td><td style="display: none;"></td><td style="display: none;">size N/A</td><td style="display: none;"></td><td style="display: none;"></td><td style="display: none;"></td><td style="display: none;">or Mexico</td><td style="display: none;"><a class="recipeLink" href="/recipe_ingredient_search_results.php?query=(_QU5E__1__________229__[]_1_1)">Recipes with Swiss chard</a></td></tr><tr role="row" class="even"><td tabindex="0"><i class="fas fa-circle"></i></td><td class=" not_printable"><div class="addToGL" data-soscuisine-aisle="17" data-soscuisine-sip="3938499"><i class="fa fa-cart-plus" title="Add to My Grocery List"></i><div></div></div></td><td><img class="storeItemImage" itemprop="image" alt="Swiss chard" src="/media/images/store_item/229.jpg"></td><td>Swiss chard</td><td class="not_printable sorting_1">vegetables</td><td><img style="width:50%;" src="/media/images/logos/marchands/7.png" alt="Intermarché (Saveurs intl.)"></td><td><span itemprop="price">$1.67</span><span itemprop="eligibleQuantity" itemscope="" itemtype="http://schema.org/QuantitativeValue">/bunch</span></td><td>N/A</td><td style="display: none;">2020-02-26</td><td style="display: none;">USA</td><td style="display: none;"></td><td style="display: none;">size N/A</td><td style="display: none;">green or red</td><td style="display: none;"></td><td style="display: none;"></td><td style="display: none;"></td><td style="display: none;"><a class="recipeLink" href="/recipe_ingredient_search_results.php?query=(_QU5E__1__________229__[]_1_1)">Recipes with Swiss chard</a></td></tr><tr role="row" class="odd"><td tabindex="0"><i class="fas fa-circle"></i></td><td class=" not_printable"><div class="addToGL" data-soscuisine-aisle="17" data-soscuisine-sip="3939205"><i class="fa fa-cart-plus" title="Add to My Grocery List"></i><div></div></div></td><td><img class="storeItemImage" itemprop="image" alt="Swiss chard" src="/media/images/store_item/229.jpg"></td><td>Swiss chard</td><td class="not_printable sorting_1">vegetables</td><td><img style="width:50%;" src="/media/images/logos/marchands/63.png" alt="Marché Adonis"></td><td><span itemprop="price">$5.00</span><span itemprop="eligibleQuantity" itemscope="" itemtype="http://schema.org/QuantitativeValue">/<span itemprop="value">3</span> bunches</span></td><td>N/A</td><td style="display: none;">2020-02-26</td><td style="display: none;">USA</td><td style="display: none;"></td><td style="display: none;">size N/A</td><td style="display: none;"></td><td style="display: none;"></td><td style="display: none;"></td><td style="display: none;"></td><td style="display: none;"><a class="recipeLink" href="/recipe_ingredient_search_results.php?query=(_QU5E__1__________229__[]_1_1)">Recipes with Swiss chard</a></td></tr><tr role="row" class="even"><td tabindex="0"><i class="fas fa-hand-rock"></i></td><td class=" not_printable"><div class="addToGL" data-soscuisine-aisle="17" data-soscuisine-sip="3939075"><i class="fa fa-cart-plus" title="Add to My Grocery List"></i><div></div></div></td><td><img class="storeItemImage" itemprop="image" alt="tomatoes" src="/media/images/store_item/9.jpg"></td><td>tomatoes</td><td class="not_printable sorting_1">vegetables</td><td><img style="width:50%;" src="/media/images/logos/marchands/63.png" alt="Marché Adonis"></td><td><span itemprop="price">$1.99</span><span itemprop="eligibleQuantity" itemscope="" itemtype="http://schema.org/QuantitativeValue">/<span itemprop="unitText">lb</span></span></td><td>$4.39/kg</td><td style="display: none;">2020-02-26</td><td style="display: none;">Mexico</td><td style="display: none;"></td><td style="display: none;"></td><td style="display: none;">on the vine</td><td style="display: none;"></td><td style="display: none;"></td><td style="display: none;"></td><td style="display: none;"><a class="recipeLink" href="/recipe_ingredient_search_results.php?query=(_QU5E__1__________9__[]_1_1)">Recipes with tomatoes</a></td></tr><tr role="row" class="odd"><td tabindex="0"><i class="fa fa-thumbs-down"></i></td><td class=" not_printable"><div class="addToGL" data-soscuisine-aisle="17" data-soscuisine-sip="3937667"><i class="fa fa-cart-plus" title="Add to My Grocery List"></i><div></div></div></td><td><img class="storeItemImage" itemprop="image" alt="tomatoes" src="/media/images/store_item/9.jpg"></td><td>tomatoes</td><td class="not_printable sorting_1">vegetables</td><td><img style="width:50%;" src="/media/images/logos/marchands/1.png" alt="Metro"></td><td><span itemprop="price">$3.49</span><span itemprop="eligibleQuantity" itemscope="" itemtype="http://schema.org/QuantitativeValue">/<span itemprop="unitText">lb</span></span></td><td>$7.69/kg</td><td style="display: none;">2020-02-26</td><td style="display: none;">Canada</td><td style="display: none;"></td><td style="display: none;"></td><td style="display: none;">red, vine</td><td style="display: none;"></td><td style="display: none;"></td><td style="display: none;"></td><td style="display: none;"><a class="recipeLink" href="/recipe_ingredient_search_results.php?query=(_QU5E__1__________9__[]_1_1)">Recipes with tomatoes</a></td></tr><tr role="row" class="even"><td tabindex="0"><i class="fa fa-thumbs-down"></i></td><td class=" not_printable"><div class="addToGL" data-soscuisine-aisle="17" data-soscuisine-sip="3938181"><i class="fa fa-cart-plus" title="Add to My Grocery List"></i><div></div></div></td><td><img class="storeItemImage" itemprop="image" alt="tomatoes" src="/media/images/store_item/9.jpg"></td><td>tomatoes</td><td class="not_printable sorting_1">vegetables</td><td><img style="width:50%;" src="/media/images/logos/marchands/2.png" alt="Provigo"></td><td><span itemprop="price">$2.99</span><span itemprop="eligibleQuantity" itemscope="" itemtype="http://schema.org/QuantitativeValue">/<span itemprop="unitText">lb</span></span></td><td>$6.59/kg</td><td style="display: none;">2020-02-26</td><td style="display: none;">Canada</td><td style="display: none;"></td><td style="display: none;"></td><td style="display: none;">red, vine</td><td style="display: none;"></td><td style="display: none;"></td><td style="display: none;"></td><td style="display: none;"><a class="recipeLink" href="/recipe_ingredient_search_results.php?query=(_QU5E__1__________9__[]_1_1)">Recipes with tomatoes</a></td></tr><tr role="row" class="odd"><td tabindex="0"><i class="fa fa-thumbs-down"></i></td><td class=" not_printable"><div class="addToGL" data-soscuisine-aisle="17" data-soscuisine-sip="3941005"><i class="fa fa-cart-plus" title="Add to My Grocery List"></i><div></div></div></td><td><img class="storeItemImage" itemprop="image" alt="tomatoes" src="/media/images/store_item/9.jpg"></td><td>tomatoes</td><td class="not_printable sorting_1">vegetables</td><td><img style="width:50%;" src="/media/images/logos/marchands/73.png" alt="Walmart"></td><td><span itemprop="price">$2.47</span><span itemprop="eligibleQuantity" itemscope="" itemtype="http://schema.org/QuantitativeValue">/<span itemprop="unitText">lb</span></span></td><td>$5.45/kg</td><td style="display: none;">2020-02-26</td><td style="display: none;">Quebec</td><td style="display: none;"></td><td style="display: none;"></td><td style="display: none;">on the vine</td><td style="display: none;"></td><td style="display: none;"></td><td style="display: none;">supercentres only</td><td style="display: none;"><a class="recipeLink" href="/recipe_ingredient_search_results.php?query=(_QU5E__1__________9__[]_1_1)">Recipes with tomatoes</a></td></tr><tr role="row" class="even"><td tabindex="0"><i class="fa fa-thumbs-down"></i></td><td class=" not_printable"><div class="addToGL" data-soscuisine-aisle="17" data-soscuisine-sip="3938645"><i class="fa fa-cart-plus" title="Add to My Grocery List"></i><div></div></div></td><td><img class="storeItemImage" itemprop="image" alt="tomatoes, Roma type" src="/media/images/store_item/506.jpg"></td><td>tomatoes, Roma type</td><td class="not_printable sorting_1">vegetables</td><td><img style="width:50%;" src="/media/images/logos/marchands/69.png" alt="Intermarche (Provincial)"></td><td><span itemprop="price">$4.99</span><span itemprop="eligibleQuantity" itemscope="" itemtype="http://schema.org/QuantitativeValue">/<span itemprop="unitText">3lb (1,37kg)</span></span></td><td>$3.67/kg</td><td style="display: none;">2020-02-26</td><td style="display: none;">Mexico</td><td style="display: none;"></td><td style="display: none;"></td><td style="display: none;"></td><td style="display: none;"></td><td style="display: none;"></td><td style="display: none;">Italiano</td><td style="display: none;"><a class="recipeLink" href="/recipe_ingredient_search_results.php?query=(_QU5E__1__________506__[]_1_1)">Recipes with tomatoes, Roma type</a></td></tr><tr role="row" class="odd"><td tabindex="0"><i class="fa fa-thumbs-down"></i></td><td class=" not_printable"><div class="addToGL" data-soscuisine-aisle="17" data-soscuisine-sip="3938633"><i class="fa fa-cart-plus" title="Add to My Grocery List"></i><div></div></div></td><td><img class="storeItemImage" itemprop="image" alt="tomatoes, Roma type" src="/media/images/store_item/506.jpg"></td><td>tomatoes, Roma type</td><td class="not_printable sorting_1">vegetables</td><td><img style="width:50%;" src="/media/images/logos/marchands/69.png" alt="Intermarche (Provincial)"></td><td><span itemprop="price">$1.79</span><span itemprop="eligibleQuantity" itemscope="" itemtype="http://schema.org/QuantitativeValue">/<span itemprop="unitText">lb</span></span></td><td>$3.95/kg</td><td style="display: none;">2020-02-26</td><td style="display: none;">Mexico</td><td style="display: none;"></td><td style="display: none;"></td><td style="display: none;"></td><td style="display: none;"></td><td style="display: none;"></td><td style="display: none;"></td><td style="display: none;"><a class="recipeLink" href="/recipe_ingredient_search_results.php?query=(_QU5E__1__________506__[]_1_1)">Recipes with tomatoes, Roma type</a></td></tr><tr role="row" class="even"><td tabindex="0"><i class="fas fa-circle"></i></td><td class=" not_printable"><div class="addToGL" data-soscuisine-aisle="15" data-soscuisine-sip="3937701"><i class="fa fa-cart-plus" title="Add to My Grocery List"></i><div></div></div></td><td><img class="storeItemImage" alt="basil ORGANIC" src="/media/images/store_item/blank.jpg"></td><td>basil ORGANIC</td><td class="not_printable sorting_1">fresh herbs</td><td><img style="width:50%;" src="/media/images/logos/marchands/1.png" alt="Metro"></td><td><span itemprop="price">$2.29</span><span itemprop="eligibleQuantity" itemscope="" itemtype="http://schema.org/QuantitativeValue">/<span itemprop="unitText">pack</span></span></td><td>N/A</td><td style="display: none;">2020-02-26</td><td style="display: none;">Imported</td><td style="display: none;">house brand</td><td style="display: none;">standard</td><td style="display: none;"></td><td style="display: none;"></td><td style="display: none;"></td><td style="display: none;"></td><td style="display: none;"><a class="recipeLink" href="/recipe_ingredient_search_results.php?query=(_QU5E__1__________894__[]_1_1)">Recipes with basil ORGANIC</a></td></tr><tr role="row" class="odd"><td tabindex="0"><i class="fas fa-hand-rock"></i></td><td class=" not_printable"><div class="addToGL" data-soscuisine-aisle="15" data-soscuisine-sip="3939285"><i class="fa fa-cart-plus" title="Add to My Grocery List"></i><div></div></div></td><td><img class="storeItemImage" alt="cilantro, fresh" src="/media/images/store_item/blank.jpg"></td><td>cilantro, fresh</td><td class="not_printable sorting_1">fresh herbs</td><td><img style="width:50%;" src="/media/images/logos/marchands/3.png" alt="IGA"></td><td><span itemprop="price">$3.00</span><span itemprop="eligibleQuantity" itemscope="" itemtype="http://schema.org/QuantitativeValue">/<span itemprop="value">2</span> bunches</span></td><td>$1.50/100g</td><td style="display: none;">2020-02-26</td><td style="display: none;">USA</td><td style="display: none;"></td><td style="display: none;">standard</td><td style="display: none;"></td><td style="display: none;"></td><td style="display: none;"></td><td style="display: none;">or Mexico</td><td style="display: none;"><a class="recipeLink" href="/recipe_ingredient_search_results.php?query=(_QU5E__1__________30__[]_1_1)">Recipes with cilantro, fresh</a></td></tr><tr role="row" class="even"><td tabindex="0"><i class="fas fa-exclamation"></i></td><td class=" not_printable"><div class="addToGL" data-soscuisine-aisle="15" data-soscuisine-sip="3939297"><i class="fa fa-cart-plus" title="Add to My Grocery List"></i><div></div></div></td><td><img class="storeItemImage" alt="cilantro, fresh ORGANIC" src="/media/images/store_item/blank.jpg"></td><td>cilantro, fresh ORGANIC</td><td class="not_printable sorting_1">fresh herbs</td><td><img style="width:50%;" src="/media/images/logos/marchands/3.png" alt="IGA"></td><td><span itemprop="price">$4.00</span><span itemprop="eligibleQuantity" itemscope="" itemtype="http://schema.org/QuantitativeValue">/<span itemprop="value">2</span> bunches</span></td><td>$2.00/100g</td><td style="display: none;">2020-02-26</td><td style="display: none;">USA</td><td style="display: none;"></td><td style="display: none;">standard</td><td style="display: none;"></td><td style="display: none;"></td><td style="display: none;"></td><td style="display: none;">or Mexico</td><td style="display: none;"><a class="recipeLink" href="/recipe_ingredient_search_results.php?query=(_QU5E__1__________828__[]_1_1)">Recipes with cilantro, fresh ORGANIC</a></td></tr><tr role="row" class="odd"><td tabindex="0"><i class="fas fa-exclamation"></i></td><td class=" not_printable"><div class="addToGL" data-soscuisine-aisle="15" data-soscuisine-sip="3938785"><i class="fa fa-cart-plus" title="Add to My Grocery List"></i><div></div></div></td><td><img class="storeItemImage" alt="cilantro, fresh ORGANIC" src="/media/images/store_item/blank.jpg"></td><td>cilantro, fresh ORGANIC</td><td class="not_printable sorting_1">fresh herbs</td><td><img style="width:50%;" src="/media/images/logos/marchands/93.png" alt="Rachelle Béry"></td><td><span itemprop="price">$2.98</span><span itemprop="eligibleQuantity" itemscope="" itemtype="http://schema.org/QuantitativeValue">/<span itemprop="value">2</span> bunches</span></td><td>$1.49/100g</td><td style="display: none;">2020-03-04</td><td style="display: none;">USA</td><td style="display: none;"></td><td style="display: none;">standard</td><td style="display: none;"></td><td style="display: none;"></td><td style="display: none;"></td><td style="display: none;">or Mexico</td><td style="display: none;"><a class="recipeLink" href="/recipe_ingredient_search_results.php?query=(_QU5E__1__________828__[]_1_1)">Recipes with cilantro, fresh ORGANIC</a></td></tr><tr role="row" class="even"><td tabindex="0"><i class="fas fa-circle"></i></td><td class=" not_printable"><div class="addToGL" data-soscuisine-aisle="15" data-soscuisine-sip="3939283"><i class="fa fa-cart-plus" title="Add to My Grocery List"></i><div></div></div></td><td><img class="storeItemImage" alt="dill, fresh" src="/media/images/store_item/blank.jpg"></td><td>dill, fresh</td><td class="not_printable sorting_1">fresh herbs</td><td><img style="width:50%;" src="/media/images/logos/marchands/3.png" alt="IGA"></td><td><span itemprop="price">$3.00</span><span itemprop="eligibleQuantity" itemscope="" itemtype="http://schema.org/QuantitativeValue">/<span itemprop="value">2</span>x<span itemprop="unitText">bunch</span></span></td><td>N/A</td><td style="display: none;">2020-02-26</td><td style="display: none;">USA</td><td style="display: none;"></td><td style="display: none;">standard</td><td style="display: none;"></td><td style="display: none;"></td><td style="display: none;"></td><td style="display: none;">or Mexico</td><td style="display: none;"><a class="recipeLink" href="/recipe_ingredient_search_results.php?query=(_QU5E__1__________25__[]_1_1)">Recipes with dill, fresh</a></td></tr><tr role="row" class="odd"><td tabindex="0"><i class="fas fa-circle"></i></td><td class=" not_printable"><div class="addToGL" data-soscuisine-aisle="15" data-soscuisine-sip="3937693"><i class="fa fa-cart-plus" title="Add to My Grocery List"></i><div></div></div></td><td><img class="storeItemImage" alt="fresh herbs ORGANIC" src="/media/images/store_item/blank.jpg"></td><td>fresh herbs ORGANIC</td><td class="not_printable sorting_1">fresh herbs</td><td><img style="width:50%;" src="/media/images/logos/marchands/1.png" alt="Metro"></td><td><span itemprop="price">$2.29</span><span itemprop="eligibleQuantity" itemscope="" itemtype="http://schema.org/QuantitativeValue">/<span itemprop="unitText">pack</span></span></td><td>N/A</td><td style="display: none;">2020-02-26</td><td style="display: none;">Imported</td><td style="display: none;">house brand</td><td style="display: none;">standard</td><td style="display: none;"></td><td style="display: none;"></td><td style="display: none;"></td><td style="display: none;"></td><td style="display: none;"><a class="recipeLink" href="/recipe_ingredient_search_results.php?query=(_QU5E__1__________723__[]_1_1)">Recipes with fresh herbs ORGANIC</a></td></tr><tr role="row" class="even"><td tabindex="0"><i class="fas fa-circle"></i></td><td class=" not_printable"><div class="addToGL" data-soscuisine-aisle="15" data-soscuisine-sip="3939289"><i class="fa fa-cart-plus" title="Add to My Grocery List"></i><div></div></div></td><td><img class="storeItemImage" alt="mint" src="/media/images/store_item/blank.jpg"></td><td>mint</td><td class="not_printable sorting_1">fresh herbs</td><td><img style="width:50%;" src="/media/images/logos/marchands/3.png" alt="IGA"></td><td><span itemprop="price">$3.00</span><span itemprop="eligibleQuantity" itemscope="" itemtype="http://schema.org/QuantitativeValue">/<span itemprop="value">2</span>x<span itemprop="unitText">bunch</span></span></td><td>N/A</td><td style="display: none;">2020-02-26</td><td style="display: none;">USA</td><td style="display: none;"></td><td style="display: none;">standard</td><td style="display: none;"></td><td style="display: none;"></td><td style="display: none;"></td><td style="display: none;">or Mexico</td><td style="display: none;"><a class="recipeLink" href="/recipe_ingredient_search_results.php?query=(_QU5E__1__________238__[]_1_1)">Recipes with mint</a></td></tr><tr role="row" class="odd"><td tabindex="0"><i class="fas fa-circle"></i></td><td class=" not_printable"><div class="addToGL" data-soscuisine-aisle="15" data-soscuisine-sip="3939201"><i class="fa fa-cart-plus" title="Add to My Grocery List"></i><div></div></div></td><td><img class="storeItemImage" alt="mint" src="/media/images/store_item/blank.jpg"></td><td>mint</td><td class="not_printable sorting_1">fresh herbs</td><td><img style="width:50%;" src="/media/images/logos/marchands/63.png" alt="Marché Adonis"></td><td><span itemprop="price">$1.99</span><span itemprop="eligibleQuantity" itemscope="" itemtype="http://schema.org/QuantitativeValue">/<span itemprop="value">3</span>x<span itemprop="unitText">bunch</span></span></td><td>N/A</td><td style="display: none;">2020-02-26</td><td style="display: none;">Morocco</td><td style="display: none;"></td><td style="display: none;">standard</td><td style="display: none;"></td><td style="display: none;"></td><td style="display: none;"></td><td style="display: none;"></td><td style="display: none;"><a class="recipeLink" href="/recipe_ingredient_search_results.php?query=(_QU5E__1__________238__[]_1_1)">Recipes with mint</a></td></tr><tr role="row" class="even"><td tabindex="0"><i class="fas fa-exclamation"></i></td><td class=" not_printable"><div class="addToGL" data-soscuisine-aisle="15" data-soscuisine-sip="3939295"><i class="fa fa-cart-plus" title="Add to My Grocery List"></i><div></div></div></td><td><img class="storeItemImage" alt="parsley ORGANIC" src="/media/images/store_item/blank.jpg"></td><td>parsley ORGANIC</td><td class="not_printable sorting_1">fresh herbs</td><td><img style="width:50%;" src="/media/images/logos/marchands/3.png" alt="IGA"></td><td><span itemprop="price">$4.00</span><span itemprop="eligibleQuantity" itemscope="" itemtype="http://schema.org/QuantitativeValue">/<span itemprop="value">2</span> bunches</span></td><td>$2.00/100g</td><td style="display: none;">2020-02-26</td><td style="display: none;">USA</td><td style="display: none;"></td><td style="display: none;">standard</td><td style="display: none;"></td><td style="display: none;"></td><td style="display: none;"></td><td style="display: none;">or Mexico</td><td style="display: none;"><a class="recipeLink" href="/recipe_ingredient_search_results.php?query=(_QU5E__1__________698__[]_1_1)">Recipes with parsley ORGANIC</a></td></tr><tr role="row" class="odd"><td tabindex="0"><i class="fas fa-exclamation"></i></td><td class=" not_printable"><div class="addToGL" data-soscuisine-aisle="15" data-soscuisine-sip="3938781"><i class="fa fa-cart-plus" title="Add to My Grocery List"></i><div></div></div></td><td><img class="storeItemImage" alt="parsley ORGANIC" src="/media/images/store_item/blank.jpg"></td><td>parsley ORGANIC</td><td class="not_printable sorting_1">fresh herbs</td><td><img style="width:50%;" src="/media/images/logos/marchands/93.png" alt="Rachelle Béry"></td><td><span itemprop="price">$2.98</span><span itemprop="eligibleQuantity" itemscope="" itemtype="http://schema.org/QuantitativeValue">/<span itemprop="value">2</span> bunches</span></td><td>$1.49/100g</td><td style="display: none;">2020-03-04</td><td style="display: none;">USA</td><td style="display: none;"></td><td style="display: none;">standard</td><td style="display: none;"></td><td style="display: none;"></td><td style="display: none;"></td><td style="display: none;">or Mexico</td><td style="display: none;"><a class="recipeLink" href="/recipe_ingredient_search_results.php?query=(_QU5E__1__________698__[]_1_1)">Recipes with parsley ORGANIC</a></td></tr><tr role="row" class="even"><td tabindex="0"><i class="fas fa-hand-rock"></i></td><td class=" not_printable"><div class="addToGL" data-soscuisine-aisle="15" data-soscuisine-sip="3939291"><i class="fa fa-cart-plus" title="Add to My Grocery List"></i><div></div></div></td><td><img class="storeItemImage" alt="parsley, fresh" src="/media/images/store_item/blank.jpg"></td><td>parsley, fresh</td><td class="not_printable sorting_1">fresh herbs</td><td><img style="width:50%;" src="/media/images/logos/marchands/3.png" alt="IGA"></td><td><span itemprop="price">$3.00</span><span itemprop="eligibleQuantity" itemscope="" itemtype="http://schema.org/QuantitativeValue">/<span itemprop="value">2</span> bunches</span></td><td>$1.50/100g</td><td style="display: none;">2020-02-26</td><td style="display: none;">USA</td><td style="display: none;"></td><td style="display: none;">standard</td><td style="display: none;"></td><td style="display: none;"></td><td style="display: none;"></td><td style="display: none;">or Mexico</td><td style="display: none;"><a class="recipeLink" href="/recipe_ingredient_search_results.php?query=(_QU5E__1__________22__[]_1_1)">Recipes with parsley, fresh</a></td></tr><tr role="row" class="odd"><td tabindex="0"><i class="fas fa-circle"></i></td><td class=" not_printable"><div class="addToGL" data-soscuisine-aisle="15" data-soscuisine-sip="3937697"><i class="fa fa-cart-plus" title="Add to My Grocery List"></i><div></div></div></td><td><img class="storeItemImage" alt="thyme ORGANIC" src="/media/images/store_item/blank.jpg"></td><td>thyme ORGANIC</td><td class="not_printable sorting_1">fresh herbs</td><td><img style="width:50%;" src="/media/images/logos/marchands/1.png" alt="Metro"></td><td><span itemprop="price">$2.29</span><span itemprop="eligibleQuantity" itemscope="" itemtype="http://schema.org/QuantitativeValue">/<span itemprop="unitText">bunch</span></span></td><td>N/A</td><td style="display: none;">2020-02-26</td><td style="display: none;">Imported</td><td style="display: none;">house brand</td><td style="display: none;">standard</td><td style="display: none;"></td><td style="display: none;"></td><td style="display: none;"></td><td style="display: none;"></td><td style="display: none;"><a class="recipeLink" href="/recipe_ingredient_search_results.php?query=(_QU5E__1__________1143__[]_1_1)">Recipes with thyme ORGANIC</a></td></tr><tr role="row" class="even"><td tabindex="0"><i class="fa fa-thumbs-down"></i></td><td class=" not_printable"><div class="addToGL" data-soscuisine-aisle="5" data-soscuisine-sip="3939167"><i class="fa fa-cart-plus" title="Add to My Grocery List"></i><div></div></div></td><td><img class="storeItemImage" alt="butter" src="/media/images/store_item/blank.jpg"></td><td>butter</td><td class="not_printable sorting_1">dairy products &amp; eggs</td><td><img style="width:50%;" src="/media/images/logos/marchands/63.png" alt="Marché Adonis"></td><td><span itemprop="price">$5.49</span><span itemprop="eligibleQuantity" itemscope="" itemtype="http://schema.org/QuantitativeValue">/<span itemprop="unitText">454g (1lb)</span></span></td><td>$12.10/kg</td><td style="display: none;">2020-02-26</td><td style="display: none;"></td><td style="display: none;">Lactantia</td><td style="display: none;"></td><td style="display: none;"></td><td style="display: none;"></td><td style="display: none;"></td><td style="display: none;">sticks</td><td style="display: none;"><a class="recipeLink" href="/recipe_ingredient_search_results.php?query=(_QU5E__1__________17__[]_1_1)">Recipes with butter</a></td></tr><tr role="row" class="odd"><td tabindex="0"><i class="fa fa-thumbs-up"></i><i class="fa fa-thumbs-up"></i></td><td class=" not_printable"><div class="addToGL" data-soscuisine-aisle="5" data-soscuisine-sip="3937623"><i class="fa fa-cart-plus" title="Add to My Grocery List"></i><div></div></div></td><td><img class="storeItemImage" alt="butter" src="/media/images/store_item/blank.jpg"></td><td>butter</td><td class="not_printable sorting_1">dairy products &amp; eggs</td><td><img style="width:50%;" src="/media/images/logos/marchands/1.png" alt="Metro"></td><td><span itemprop="price">$2.99</span><span itemprop="eligibleQuantity" itemscope="" itemtype="http://schema.org/QuantitativeValue">/<span itemprop="unitText">454g (1lb)</span></span></td><td>$6.59/kg</td><td style="display: none;">2020-02-26</td><td style="display: none;"></td><td style="display: none;">Lactantia</td><td style="display: none;"></td><td style="display: none;"></td><td style="display: none;"></td><td style="display: none;"></td><td style="display: none;"></td><td style="display: none;"><a class="recipeLink" href="/recipe_ingredient_search_results.php?query=(_QU5E__1__________17__[]_1_1)">Recipes with butter</a></td></tr><tr role="row" class="even"><td tabindex="0"><i class="fas fa-hand-rock"></i></td><td class=" not_printable"><div class="addToGL" data-soscuisine-aisle="5" data-soscuisine-sip="3940517"><i class="fa fa-cart-plus" title="Add to My Grocery List"></i><div></div></div></td><td><img class="storeItemImage" alt="butter" src="/media/images/store_item/blank.jpg"></td><td>butter</td><td class="not_printable sorting_1">dairy products &amp; eggs</td><td><img style="width:50%;" src="/media/images/logos/marchands/11.png" alt="Tradition"></td><td><span itemprop="price">$4.97</span><span itemprop="eligibleQuantity" itemscope="" itemtype="http://schema.org/QuantitativeValue">/<span itemprop="unitText">454g (1lb)</span></span></td><td>$10.96/kg</td><td style="display: none;">2020-02-26</td><td style="display: none;"></td><td style="display: none;">Lactantia</td><td style="display: none;"></td><td style="display: none;"></td><td style="display: none;"></td><td style="display: none;"></td><td style="display: none;"></td><td style="display: none;"><a class="recipeLink" href="/recipe_ingredient_search_results.php?query=(_QU5E__1__________17__[]_1_1)">Recipes with butter</a></td></tr><tr role="row" class="odd"><td tabindex="0"><i class="fa fa-thumbs-up"></i><i class="fa fa-thumbs-up"></i></td><td class=" not_printable"><div class="addToGL" data-soscuisine-aisle="5" data-soscuisine-sip="3912881"><i class="fa fa-cart-plus" title="Add to My Grocery List"></i><div></div></div></td><td><img class="storeItemImage" alt="butter ORGANIC" src="/media/images/store_item/blank.jpg"></td><td>butter ORGANIC</td><td class="not_printable sorting_1">dairy products &amp; eggs</td><td><img style="width:50%;" src="/media/images/logos/marchands/94.png" alt="Avril"></td><td><span itemprop="price">$7.99</span><span itemprop="eligibleQuantity" itemscope="" itemtype="http://schema.org/QuantitativeValue">/<span itemprop="unitText">454g (1lb)</span></span></td><td>$17.62/kg</td><td style="display: none;">2020-03-03</td><td style="display: none;"></td><td style="display: none;">Liberté</td><td style="display: none;"></td><td style="display: none;"></td><td style="display: none;"></td><td style="display: none;"></td><td style="display: none;"></td><td style="display: none;"><a class="recipeLink" href="/recipe_ingredient_search_results.php?query=(_QU5E__1__________818__[]_1_1)">Recipes with butter ORGANIC</a></td></tr><tr role="row" class="even"><td tabindex="0"><i class="fa fa-thumbs-down"></i></td><td class=" not_printable"><div class="addToGL" data-soscuisine-aisle="5" data-soscuisine-sip="3939787"><i class="fa fa-cart-plus" title="Add to My Grocery List"></i><div></div></div></td><td><img class="storeItemImage" alt="butter ORGANIC" src="/media/images/store_item/blank.jpg"></td><td>butter ORGANIC</td><td class="not_printable sorting_1">dairy products &amp; eggs</td><td><img style="width:50%;" src="/media/images/logos/marchands/3.png" alt="IGA"></td><td><span itemprop="price">$5.59</span><span itemprop="eligibleQuantity" itemscope="" itemtype="http://schema.org/QuantitativeValue">/<span itemprop="unitText">250g</span></span></td><td>$22.36/kg</td><td style="display: none;">2020-02-26</td><td style="display: none;">Quebec</td><td style="display: none;">Natrel</td><td style="display: none;"></td><td style="display: none;"></td><td style="display: none;"></td><td style="display: none;"></td><td style="display: none;"></td><td style="display: none;"><a class="recipeLink" href="/recipe_ingredient_search_results.php?query=(_QU5E__1__________818__[]_1_1)">Recipes with butter ORGANIC</a></td></tr><tr role="row" class="odd"><td tabindex="0"><i class="fas fa-hand-rock"></i></td><td class=" not_printable"><div class="addToGL" data-soscuisine-aisle="5" data-soscuisine-sip="3939651"><i class="fa fa-cart-plus" title="Add to My Grocery List"></i><div></div></div></td><td><img class="storeItemImage" alt="cheese bar" src="/media/images/store_item/blank.jpg"></td><td>cheese bar</td><td class="not_printable sorting_1">dairy products &amp; eggs</td><td><img style="width:50%;" src="/media/images/logos/marchands/10.png" alt="Bonichoix"></td><td><span itemprop="price">$3.99</span><span itemprop="eligibleQuantity" itemscope="" itemtype="http://schema.org/QuantitativeValue">/<span itemprop="unitText">300g</span></span></td><td>$1.33/100g</td><td style="display: none;">2020-02-26</td><td style="display: none;">Quebec</td><td style="display: none;">house brand</td><td style="display: none;"></td><td style="display: none;"></td><td style="display: none;"></td><td style="display: none;"></td><td style="display: none;"></td><td style="display: none;"></td></tr><tr role="row" class="even"><td tabindex="0"><i class="fas fa-hand-rock"></i></td><td class=" not_printable"><div class="addToGL" data-soscuisine-aisle="5" data-soscuisine-sip="3939623"><i class="fa fa-cart-plus" title="Add to My Grocery List"></i><div></div></div></td><td><img class="storeItemImage" alt="cheese bar" src="/media/images/store_item/blank.jpg"></td><td>cheese bar</td><td class="not_printable sorting_1">dairy products &amp; eggs</td><td><img style="width:50%;" src="/media/images/logos/marchands/3.png" alt="IGA"></td><td><span itemprop="price">$9.98</span><span itemprop="eligibleQuantity" itemscope="" itemtype="http://schema.org/QuantitativeValue">/<span itemprop="value">2</span>x<span itemprop="unitText">400g</span></span></td><td>$1.25/100g</td><td style="display: none;">2020-02-26</td><td style="display: none;"></td><td style="display: none;">house brand</td><td style="display: none;"></td><td style="display: none;"></td><td style="display: none;"></td><td style="display: none;"></td><td style="display: none;"></td><td style="display: none;"></td></tr><tr role="row" class="odd"><td tabindex="0"><i class="fa fa-thumbs-down"></i></td><td class=" not_printable"><div class="addToGL" data-soscuisine-aisle="5" data-soscuisine-sip="3939619"><i class="fa fa-cart-plus" title="Add to My Grocery List"></i><div></div></div></td><td><img class="storeItemImage" alt="cheese bar" src="/media/images/store_item/blank.jpg"></td><td>cheese bar</td><td class="not_printable sorting_1">dairy products &amp; eggs</td><td><img style="width:50%;" src="/media/images/logos/marchands/3.png" alt="IGA"></td><td><span itemprop="price">$5.99</span><span itemprop="eligibleQuantity" itemscope="" itemtype="http://schema.org/QuantitativeValue">/<span itemprop="unitText">400g</span></span></td><td>$1.50/100g</td><td style="display: none;">2020-02-26</td><td style="display: none;"></td><td style="display: none;">house brand</td><td style="display: none;"></td><td style="display: none;"></td><td style="display: none;"></td><td style="display: none;"></td><td style="display: none;"></td><td style="display: none;"></td></tr><tr role="row" class="even"><td tabindex="0"><i class="fa fa-thumbs-up"></i><i class="fa fa-thumbs-up"></i></td><td class=" not_printable"><div class="addToGL" data-soscuisine-aisle="5" data-soscuisine-sip="3938579"><i class="fa fa-cart-plus" title="Add to My Grocery List"></i><div></div></div></td><td><img class="storeItemImage" alt="cheese bar" src="/media/images/store_item/blank.jpg"></td><td>cheese bar</td><td class="not_printable sorting_1">dairy products &amp; eggs</td><td><img style="width:50%;" src="/media/images/logos/marchands/69.png" alt="Intermarche (Provincial)"></td><td><span itemprop="price">$4.50</span><span itemprop="eligibleQuantity" itemscope="" itemtype="http://schema.org/QuantitativeValue">/<span itemprop="unitText">450g</span></span></td><td>$1.00/100g</td><td style="display: none;">2020-02-26</td><td style="display: none;"></td><td style="display: none;">house brand</td><td style="display: none;"></td><td style="display: none;"></td><td style="display: none;"></td><td style="display: none;"></td><td style="display: none;"></td><td style="display: none;"></td></tr><tr role="row" class="odd"><td tabindex="0"><i class="fa fa-thumbs-up"></i><i class="fa fa-thumbs-up"></i></td><td class=" not_printable"><div class="addToGL" data-soscuisine-aisle="5" data-soscuisine-sip="3938085"><i class="fa fa-cart-plus" title="Add to My Grocery List"></i><div></div></div></td><td><img class="storeItemImage" alt="cheese bar" src="/media/images/store_item/blank.jpg"></td><td>cheese bar</td><td class="not_printable sorting_1">dairy products &amp; eggs</td><td><img style="width:50%;" src="/media/images/logos/marchands/7.png" alt="Intermarché (Saveurs intl.)"></td><td><span itemprop="price">$4.50</span><span itemprop="eligibleQuantity" itemscope="" itemtype="http://schema.org/QuantitativeValue">/<span itemprop="unitText">450g</span></span></td><td>$1.00/100g</td><td style="display: none;">2020-02-26</td><td style="display: none;"></td><td style="display: none;">house brand</td><td style="display: none;"></td><td style="display: none;"></td><td style="display: none;"></td><td style="display: none;"></td><td style="display: none;"></td><td style="display: none;"></td></tr><tr role="row" class="even"><td tabindex="0"><i class="fa fa-thumbs-up"></i><i class="fa fa-thumbs-up"></i></td><td class=" not_printable"><div class="addToGL" data-soscuisine-aisle="5" data-soscuisine-sip="3942033"><i class="fa fa-cart-plus" title="Add to My Grocery List"></i><div></div></div></td><td><img class="storeItemImage" alt="cheese bar" src="/media/images/store_item/blank.jpg"></td><td>cheese bar</td><td class="not_printable sorting_1">dairy products &amp; eggs</td><td><img style="width:50%;" src="/media/images/logos/marchands/13.png" alt="Jardin Mobile"></td><td><span itemprop="price">$9.99</span><span itemprop="eligibleQuantity" itemscope="" itemtype="http://schema.org/QuantitativeValue">/<span itemprop="unitText">1kg</span></span></td><td>$1.00/100g</td><td style="display: none;">2020-02-26</td><td style="display: none;"></td><td style="display: none;">Saputo</td><td style="display: none;"></td><td style="display: none;"></td><td style="display: none;"></td><td style="display: none;"></td><td style="display: none;"></td><td style="display: none;"></td></tr><tr role="row" class="odd"><td tabindex="0"><i class="fas fa-hand-rock"></i></td><td class=" not_printable"><div class="addToGL" data-soscuisine-aisle="5" data-soscuisine-sip="3937915"><i class="fa fa-cart-plus" title="Add to My Grocery List"></i><div></div></div></td><td><img class="storeItemImage" alt="cheese bar" src="/media/images/store_item/blank.jpg"></td><td>cheese bar</td><td class="not_printable sorting_1">dairy products &amp; eggs</td><td><img style="width:50%;" src="/media/images/logos/marchands/1.png" alt="Metro"></td><td><span itemprop="price">$5.99</span><span itemprop="eligibleQuantity" itemscope="" itemtype="http://schema.org/QuantitativeValue">/<span itemprop="unitText">500g</span></span></td><td>$1.20/100g</td><td style="display: none;">2020-02-26</td><td style="display: none;"></td><td style="display: none;">Galbani</td><td style="display: none;"></td><td style="display: none;"></td><td style="display: none;"></td><td style="display: none;"></td><td style="display: none;"></td><td style="display: none;"></td></tr><tr role="row" class="even"><td tabindex="0"><i class="fas fa-hand-rock"></i></td><td class=" not_printable"><div class="addToGL" data-soscuisine-aisle="5" data-soscuisine-sip="3937909"><i class="fa fa-cart-plus" title="Add to My Grocery List"></i><div></div></div></td><td><img class="storeItemImage" alt="cheese bar" src="/media/images/store_item/blank.jpg"></td><td>cheese bar</td><td class="not_printable sorting_1">dairy products &amp; eggs</td><td><img style="width:50%;" src="/media/images/logos/marchands/1.png" alt="Metro"></td><td><span itemprop="price">$5.99</span><span itemprop="eligibleQuantity" itemscope="" itemtype="http://schema.org/QuantitativeValue">/<span itemprop="unitText">450g</span></span></td><td>$1.33/100g</td><td style="display: none;">2020-02-26</td><td style="display: none;"></td><td style="display: none;">Black Diamond</td><td style="display: none;"></td><td style="display: none;"></td><td style="display: none;"></td><td style="display: none;"></td><td style="display: none;"></td><td style="display: none;"></td></tr><tr role="row" class="odd"><td tabindex="0"><i class="fa fa-thumbs-down"></i></td><td class=" not_printable"><div class="addToGL" data-soscuisine-aisle="5" data-soscuisine-sip="3937947"><i class="fa fa-cart-plus" title="Add to My Grocery List"></i><div></div></div></td><td><img class="storeItemImage" alt="cheese bar" src="/media/images/store_item/blank.jpg"></td><td>cheese bar</td><td class="not_printable sorting_1">dairy products &amp; eggs</td><td><img style="width:50%;" src="/media/images/logos/marchands/1.png" alt="Metro"></td><td><span itemprop="price">$3.99</span><span itemprop="eligibleQuantity" itemscope="" itemtype="http://schema.org/QuantitativeValue">/<span itemprop="unitText">250g</span></span></td><td>$1.60/100g</td><td style="display: none;">2020-02-26</td><td style="display: none;"></td><td style="display: none;">house brand</td><td style="display: none;"></td><td style="display: none;"></td><td style="display: none;"></td><td style="display: none;"></td><td style="display: none;"></td><td style="display: none;"></td></tr><tr role="row" class="even"><td tabindex="0"><i class="fa fa-thumbs-down"></i></td><td class=" not_printable"><div class="addToGL" data-soscuisine-aisle="5" data-soscuisine-sip="3937855"><i class="fa fa-cart-plus" title="Add to My Grocery List"></i><div></div></div></td><td><img class="storeItemImage" alt="cheese bar" src="/media/images/store_item/blank.jpg"></td><td>cheese bar</td><td class="not_printable sorting_1">dairy products &amp; eggs</td><td><img style="width:50%;" src="/media/images/logos/marchands/1.png" alt="Metro"></td><td><span itemprop="price">$5.99</span><span itemprop="eligibleQuantity" itemscope="" itemtype="http://schema.org/QuantitativeValue">/<span itemprop="unitText">200g</span></span></td><td>$2.99/100g</td><td style="display: none;">2020-02-26</td><td style="display: none;"></td><td style="display: none;">house brand</td><td style="display: none;"></td><td style="display: none;">organic</td><td style="display: none;"></td><td style="display: none;"></td><td style="display: none;"></td><td style="display: none;"></td></tr><tr role="row" class="odd"><td tabindex="0"><i class="fa fa-thumbs-up"></i></td><td class=" not_printable"><div class="addToGL" data-soscuisine-aisle="5" data-soscuisine-sip="3938299"><i class="fa fa-cart-plus" title="Add to My Grocery List"></i><div></div></div></td><td><img class="storeItemImage" alt="cheese bar" src="/media/images/store_item/blank.jpg"></td><td>cheese bar</td><td class="not_printable sorting_1">dairy products &amp; eggs</td><td><img style="width:50%;" src="/media/images/logos/marchands/2.png" alt="Provigo"></td><td><span itemprop="price">$10.00</span><span itemprop="eligibleQuantity" itemscope="" itemtype="http://schema.org/QuantitativeValue">/<span itemprop="value">2</span>x<span itemprop="unitText">450g</span></span></td><td>$1.11/100g</td><td style="display: none;">2020-02-26</td><td style="display: none;"></td><td style="display: none;">house brand</td><td style="display: none;"></td><td style="display: none;"></td><td style="display: none;"></td><td style="display: none;"></td><td style="display: none;"></td><td style="display: none;"></td></tr><tr role="row" class="even"><td tabindex="0"><i class="fas fa-hand-rock"></i></td><td class=" not_printable"><div class="addToGL" data-soscuisine-aisle="5" data-soscuisine-sip="3938041"><i class="fa fa-cart-plus" title="Add to My Grocery List"></i><div></div></div></td><td><img class="storeItemImage" alt="cheese bar" src="/media/images/store_item/blank.jpg"></td><td>cheese bar</td><td class="not_printable sorting_1">dairy products &amp; eggs</td><td><img style="width:50%;" src="/media/images/logos/marchands/2.png" alt="Provigo"></td><td><span itemprop="price">$5.99</span><span itemprop="eligibleQuantity" itemscope="" itemtype="http://schema.org/QuantitativeValue">/<span itemprop="unitText">500g</span></span></td><td>$1.20/100g</td><td style="display: none;">2020-02-26</td><td style="display: none;"></td><td style="display: none;">Saputo</td><td style="display: none;"></td><td style="display: none;"></td><td style="display: none;"></td><td style="display: none;"></td><td style="display: none;"></td><td style="display: none;"></td></tr><tr role="row" class="odd"><td tabindex="0"><i class="fas fa-hand-rock"></i></td><td class=" not_printable"><div class="addToGL" data-soscuisine-aisle="5" data-soscuisine-sip="3938297"><i class="fa fa-cart-plus" title="Add to My Grocery List"></i><div></div></div></td><td><img class="storeItemImage" alt="cheese bar" src="/media/images/store_item/blank.jpg"></td><td>cheese bar</td><td class="not_printable sorting_1">dairy products &amp; eggs</td><td><img style="width:50%;" src="/media/images/logos/marchands/2.png" alt="Provigo"></td><td><span itemprop="price">$5.49</span><span itemprop="eligibleQuantity" itemscope="" itemtype="http://schema.org/QuantitativeValue">/<span itemprop="unitText">450g</span></span></td><td>$1.22/100g</td><td style="display: none;">2020-02-26</td><td style="display: none;"></td><td style="display: none;">house brand</td><td style="display: none;"></td><td style="display: none;"></td><td style="display: none;"></td><td style="display: none;"></td><td style="display: none;"></td><td style="display: none;"></td></tr><tr role="row" class="even"><td tabindex="0"><i class="fa fa-thumbs-down"></i></td><td class=" not_printable"><div class="addToGL" data-soscuisine-aisle="5" data-soscuisine-sip="3938039"><i class="fa fa-cart-plus" title="Add to My Grocery List"></i><div></div></div></td><td><img class="storeItemImage" alt="cheese bar" src="/media/images/store_item/blank.jpg"></td><td>cheese bar</td><td class="not_printable sorting_1">dairy products &amp; eggs</td><td><img style="width:50%;" src="/media/images/logos/marchands/2.png" alt="Provigo"></td><td><span itemprop="price">$5.99</span><span itemprop="eligibleQuantity" itemscope="" itemtype="http://schema.org/QuantitativeValue">/<span itemprop="unitText">400g</span></span></td><td>$1.50/100g</td><td style="display: none;">2020-02-26</td><td style="display: none;"></td><td style="display: none;">P'tit Québec</td><td style="display: none;"></td><td style="display: none;"></td><td style="display: none;"></td><td style="display: none;"></td><td style="display: none;"></td><td style="display: none;"></td></tr><tr role="row" class="odd"><td tabindex="0"><i class="fa fa-thumbs-down"></i></td><td class=" not_printable"><div class="addToGL" data-soscuisine-aisle="5" data-soscuisine-sip="3938835"><i class="fa fa-cart-plus" title="Add to My Grocery List"></i><div></div></div></td><td><img class="storeItemImage" alt="cheese bar" src="/media/images/store_item/blank.jpg"></td><td>cheese bar</td><td class="not_printable sorting_1">dairy products &amp; eggs</td><td><img style="width:50%;" src="/media/images/logos/marchands/93.png" alt="Rachelle Béry"></td><td><span itemprop="price">$5.99</span><span itemprop="eligibleQuantity" itemscope="" itemtype="http://schema.org/QuantitativeValue">/<span itemprop="unitText">375g</span></span></td><td>$1.60/100g</td><td style="display: none;">2020-03-04</td><td style="display: none;">Quebec</td><td style="display: none;">Riviera</td><td style="display: none;"></td><td style="display: none;"></td><td style="display: none;"></td><td style="display: none;"></td><td style="display: none;"></td><td style="display: none;"></td></tr><tr role="row" class="even"><td tabindex="0"><i class="fa fa-thumbs-down"></i></td><td class=" not_printable"><div class="addToGL" data-soscuisine-aisle="5" data-soscuisine-sip="3940969"><i class="fa fa-cart-plus" title="Add to My Grocery List"></i><div></div></div></td><td><img class="storeItemImage" alt="cheese bar" src="/media/images/store_item/blank.jpg"></td><td>cheese bar</td><td class="not_printable sorting_1">dairy products &amp; eggs</td><td><img style="width:50%;" src="/media/images/logos/marchands/12.png" alt="Richelieu"></td><td><span itemprop="price">$3.99</span><span itemprop="eligibleQuantity" itemscope="" itemtype="http://schema.org/QuantitativeValue">/<span itemprop="unitText">270g</span></span></td><td>$1.48/100g</td><td style="display: none;">2020-02-26</td><td style="display: none;"></td><td style="display: none;">P'tit Québec</td><td style="display: none;"></td><td style="display: none;"></td><td style="display: none;"></td><td style="display: none;"></td><td style="display: none;"></td><td style="display: none;"></td></tr><tr role="row" class="odd"><td tabindex="0"><i class="fa fa-thumbs-up"></i><i class="fa fa-thumbs-up"></i></td><td class=" not_printable"><div class="addToGL" data-soscuisine-aisle="5" data-soscuisine-sip="3940415"><i class="fa fa-cart-plus" title="Add to My Grocery List"></i><div></div></div></td><td><img class="storeItemImage" alt="cheese bar" src="/media/images/store_item/blank.jpg"></td><td>cheese bar</td><td class="not_printable sorting_1">dairy products &amp; eggs</td><td><img style="width:50%;" src="/media/images/logos/marchands/5.png" alt="Super C"></td><td><span itemprop="price">$3.97</span><span itemprop="eligibleQuantity" itemscope="" itemtype="http://schema.org/QuantitativeValue">/<span itemprop="unitText">400g</span></span></td><td>$0.99/100g</td><td style="display: none;">2020-02-26</td><td style="display: none;"></td><td style="display: none;">house brand</td><td style="display: none;"></td><td style="display: none;"></td><td style="display: none;"></td><td style="display: none;"></td><td style="display: none;"></td><td style="display: none;"></td></tr><tr role="row" class="even"><td tabindex="0"><i class="fa fa-thumbs-up"></i><i class="fa fa-thumbs-up"></i></td><td class=" not_printable"><div class="addToGL" data-soscuisine-aisle="5" data-soscuisine-sip="3935923"><i class="fa fa-cart-plus" title="Add to My Grocery List"></i><div></div></div></td><td><img class="storeItemImage" alt="cheese bar" src="/media/images/store_item/blank.jpg"></td><td>cheese bar</td><td class="not_printable sorting_1">dairy products &amp; eggs</td><td><img style="width:50%;" src="/media/images/logos/marchands/62.png" alt="Supermarché PA"></td><td><span itemprop="price">$2.99</span><span itemprop="eligibleQuantity" itemscope="" itemtype="http://schema.org/QuantitativeValue">/<span itemprop="unitText">400g</span></span></td><td>$0.75/100g</td><td style="display: none;">2020-02-23</td><td style="display: none;"></td><td style="display: none;">Cracker Barrel</td><td style="display: none;"></td><td style="display: none;"></td><td style="display: none;"></td><td style="display: none;"></td><td style="display: none;"></td><td style="display: none;"></td></tr><tr role="row" class="odd"><td tabindex="0"><i class="fas fa-hand-rock"></i></td><td class=" not_printable"><div class="addToGL" data-soscuisine-aisle="5" data-soscuisine-sip="3940523"><i class="fa fa-cart-plus" title="Add to My Grocery List"></i><div></div></div></td><td><img class="storeItemImage" alt="cheese bar" src="/media/images/store_item/blank.jpg"></td><td>cheese bar</td><td class="not_printable sorting_1">dairy products &amp; eggs</td><td><img style="width:50%;" src="/media/images/logos/marchands/11.png" alt="Tradition"></td><td><span itemprop="price">$4.97</span><span itemprop="eligibleQuantity" itemscope="" itemtype="http://schema.org/QuantitativeValue">/<span itemprop="unitText">400g</span></span></td><td>$1.24/100g</td><td style="display: none;">2020-02-26</td><td style="display: none;"></td><td style="display: none;">Cracker Barrel</td><td style="display: none;"></td><td style="display: none;"></td><td style="display: none;"></td><td style="display: none;"></td><td style="display: none;"></td><td style="display: none;"></td></tr><tr role="row" class="even"><td tabindex="0"><i class="fa fa-thumbs-up"></i><i class="fa fa-thumbs-up"></i></td><td class=" not_printable"><div class="addToGL" data-soscuisine-aisle="5" data-soscuisine-sip="3939139"><i class="fa fa-cart-plus" title="Add to My Grocery List"></i><div></div></div></td><td><img class="storeItemImage" alt="cheese Edam" src="/media/images/store_item/blank.jpg"></td><td>cheese Edam</td><td class="not_printable sorting_1">dairy products &amp; eggs</td><td><img style="width:50%;" src="/media/images/logos/marchands/63.png" alt="Marché Adonis"></td><td><span itemprop="price">$6.99</span><span itemprop="eligibleQuantity" itemscope="" itemtype="http://schema.org/QuantitativeValue">/<span itemprop="unitText">lb</span></span></td><td>$1.54/100g</td><td style="display: none;">2020-02-26</td><td style="display: none;">Holland</td><td style="display: none;">Frico</td><td style="display: none;"></td><td style="display: none;">ball</td><td style="display: none;"></td><td style="display: none;"></td><td style="display: none;"></td><td style="display: none;"></td></tr><tr role="row" class="odd"><td tabindex="0"><i class="fa fa-thumbs-up"></i><i class="fa fa-thumbs-up"></i></td><td class=" not_printable"><div class="addToGL" data-soscuisine-aisle="5" data-soscuisine-sip="3942035"><i class="fa fa-cart-plus" title="Add to My Grocery List"></i><div></div></div></td><td><img class="storeItemImage" alt="cheese mozzarella" src="/media/images/store_item/blank.jpg"></td><td>cheese mozzarella</td><td class="not_printable sorting_1">dairy products &amp; eggs</td><td><img style="width:50%;" src="/media/images/logos/marchands/13.png" alt="Jardin Mobile"></td><td><span itemprop="price">$9.99</span><span itemprop="eligibleQuantity" itemscope="" itemtype="http://schema.org/QuantitativeValue">/<span itemprop="unitText">1kg</span></span></td><td>$1.00/100g</td><td style="display: none;">2020-02-26</td><td style="display: none;"></td><td style="display: none;">Saputo</td><td style="display: none;"></td><td style="display: none;"></td><td style="display: none;"></td><td style="display: none;"></td><td style="display: none;"></td><td style="display: none;"><a class="recipeLink" href="/recipe_ingredient_search_results.php?query=(_QU5E__1__________728__[]_1_1)">Recipes with cheese mozzarella</a></td></tr><tr role="row" class="even"><td tabindex="0"><i class="fa fa-thumbs-up"></i><i class="fa fa-thumbs-up"></i></td><td class=" not_printable"><div class="addToGL" data-soscuisine-aisle="5" data-soscuisine-sip="3938515"><i class="fa fa-cart-plus" title="Add to My Grocery List"></i><div></div></div></td><td><img class="storeItemImage" alt="cheese mozzarella" src="/media/images/store_item/blank.jpg"></td><td>cheese mozzarella</td><td class="not_printable sorting_1">dairy products &amp; eggs</td><td><img style="width:50%;" src="/media/images/logos/marchands/6.png" alt="Maxi"></td><td><span itemprop="price">$4.00</span><span itemprop="eligibleQuantity" itemscope="" itemtype="http://schema.org/QuantitativeValue">/<span itemprop="unitText">500g</span></span></td><td>$0.80/100g</td><td style="display: none;">2020-02-26</td><td style="display: none;"></td><td style="display: none;">Saputo</td><td style="display: none;"></td><td style="display: none;"></td><td style="display: none;"></td><td style="display: none;"></td><td style="display: none;"></td><td style="display: none;"><a class="recipeLink" href="/recipe_ingredient_search_results.php?query=(_QU5E__1__________728__[]_1_1)">Recipes with cheese mozzarella</a></td></tr><tr role="row" class="odd"><td tabindex="0"><i class="fas fa-hand-rock"></i></td><td class=" not_printable"><div class="addToGL" data-soscuisine-aisle="5" data-soscuisine-sip="3937913"><i class="fa fa-cart-plus" title="Add to My Grocery List"></i><div></div></div></td><td><img class="storeItemImage" alt="cheese mozzarella" src="/media/images/store_item/blank.jpg"></td><td>cheese mozzarella</td><td class="not_printable sorting_1">dairy products &amp; eggs</td><td><img style="width:50%;" src="/media/images/logos/marchands/1.png" alt="Metro"></td><td><span itemprop="price">$5.99</span><span itemprop="eligibleQuantity" itemscope="" itemtype="http://schema.org/QuantitativeValue">/<span itemprop="unitText">450g</span></span></td><td>$1.33/100g</td><td style="display: none;">2020-02-26</td><td style="display: none;"></td><td style="display: none;">Black Diamond</td><td style="display: none;"></td><td style="display: none;"></td><td style="display: none;"></td><td style="display: none;"></td><td style="display: none;"></td><td style="display: none;"><a class="recipeLink" href="/recipe_ingredient_search_results.php?query=(_QU5E__1__________728__[]_1_1)">Recipes with cheese mozzarella</a></td></tr><tr role="row" class="even"><td tabindex="0"><i class="fas fa-hand-rock"></i></td><td class=" not_printable"><div class="addToGL" data-soscuisine-aisle="5" data-soscuisine-sip="3938045"><i class="fa fa-cart-plus" title="Add to My Grocery List"></i><div></div></div></td><td><img class="storeItemImage" alt="cheese mozzarella" src="/media/images/store_item/blank.jpg"></td><td>cheese mozzarella</td><td class="not_printable sorting_1">dairy products &amp; eggs</td><td><img style="width:50%;" src="/media/images/logos/marchands/2.png" alt="Provigo"></td><td><span itemprop="price">$5.99</span><span itemprop="eligibleQuantity" itemscope="" itemtype="http://schema.org/QuantitativeValue">/<span itemprop="unitText">500g</span></span></td><td>$1.20/100g</td><td style="display: none;">2020-02-26</td><td style="display: none;"></td><td style="display: none;">Saputo</td><td style="display: none;"></td><td style="display: none;"></td><td style="display: none;"></td><td style="display: none;"></td><td style="display: none;"></td><td style="display: none;"><a class="recipeLink" href="/recipe_ingredient_search_results.php?query=(_QU5E__1__________728__[]_1_1)">Recipes with cheese mozzarella</a></td></tr><tr role="row" class="odd"><td tabindex="0"><i class="fa fa-thumbs-down"></i></td><td class=" not_printable"><div class="addToGL" data-soscuisine-aisle="5" data-soscuisine-sip="3940965"><i class="fa fa-cart-plus" title="Add to My Grocery List"></i><div></div></div></td><td><img class="storeItemImage" alt="cheese mozzarella" src="/media/images/store_item/blank.jpg"></td><td>cheese mozzarella</td><td class="not_printable sorting_1">dairy products &amp; eggs</td><td><img style="width:50%;" src="/media/images/logos/marchands/12.png" alt="Richelieu"></td><td><span itemprop="price">$3.99</span><span itemprop="eligibleQuantity" itemscope="" itemtype="http://schema.org/QuantitativeValue">/<span itemprop="unitText">270g</span></span></td><td>$1.48/100g</td><td style="display: none;">2020-02-26</td><td style="display: none;"></td><td style="display: none;">P'tit Québec</td><td style="display: none;"></td><td style="display: none;"></td><td style="display: none;"></td><td style="display: none;"></td><td style="display: none;"></td><td style="display: none;"><a class="recipeLink" href="/recipe_ingredient_search_results.php?query=(_QU5E__1__________728__[]_1_1)">Recipes with cheese mozzarella</a></td></tr><tr role="row" class="even"><td tabindex="0"><i class="fa fa-thumbs-up"></i><i class="fa fa-thumbs-up"></i></td><td class=" not_printable"><div class="addToGL" data-soscuisine-aisle="5" data-soscuisine-sip="3940421"><i class="fa fa-cart-plus" title="Add to My Grocery List"></i><div></div></div></td><td><img class="storeItemImage" alt="cheese mozzarella" src="/media/images/store_item/blank.jpg"></td><td>cheese mozzarella</td><td class="not_printable sorting_1">dairy products &amp; eggs</td><td><img style="width:50%;" src="/media/images/logos/marchands/5.png" alt="Super C"></td><td><span itemprop="price">$3.97</span><span itemprop="eligibleQuantity" itemscope="" itemtype="http://schema.org/QuantitativeValue">/<span itemprop="unitText">400g</span></span></td><td>$0.99/100g</td><td style="display: none;">2020-02-26</td><td style="display: none;"></td><td style="display: none;">house brand</td><td style="display: none;"></td><td style="display: none;"></td><td style="display: none;"></td><td style="display: none;"></td><td style="display: none;"></td><td style="display: none;"><a class="recipeLink" href="/recipe_ingredient_search_results.php?query=(_QU5E__1__________728__[]_1_1)">Recipes with cheese mozzarella</a></td></tr><tr role="row" class="odd"><td tabindex="0"><i class="fa fa-thumbs-up"></i><i class="fa fa-thumbs-up"></i></td><td class=" not_printable"><div class="addToGL" data-soscuisine-aisle="5" data-soscuisine-sip="3935927"><i class="fa fa-cart-plus" title="Add to My Grocery List"></i><div></div></div></td><td><img class="storeItemImage" alt="cheese mozzarella" src="/media/images/store_item/blank.jpg"></td><td>cheese mozzarella</td><td class="not_printable sorting_1">dairy products &amp; eggs</td><td><img style="width:50%;" src="/media/images/logos/marchands/62.png" alt="Supermarché PA"></td><td><span itemprop="price">$2.99</span><span itemprop="eligibleQuantity" itemscope="" itemtype="http://schema.org/QuantitativeValue">/<span itemprop="unitText">400g</span></span></td><td>$0.75/100g</td><td style="display: none;">2020-02-23</td><td style="display: none;"></td><td style="display: none;">Cracker Barrel</td><td style="display: none;"></td><td style="display: none;"></td><td style="display: none;"></td><td style="display: none;"></td><td style="display: none;"></td><td style="display: none;"><a class="recipeLink" href="/recipe_ingredient_search_results.php?query=(_QU5E__1__________728__[]_1_1)">Recipes with cheese mozzarella</a></td></tr><tr role="row" class="even"><td tabindex="0"><i class="fa fa-thumbs-down"></i></td><td class=" not_printable"><div class="addToGL" data-soscuisine-aisle="5" data-soscuisine-sip="3935989"><i class="fa fa-cart-plus" title="Add to My Grocery List"></i><div></div></div></td><td><img class="storeItemImage" alt="cheese mozzarella" src="/media/images/store_item/blank.jpg"></td><td>cheese mozzarella</td><td class="not_printable sorting_1">dairy products &amp; eggs</td><td><img style="width:50%;" src="/media/images/logos/marchands/62.png" alt="Supermarché PA"></td><td><span itemprop="price">$1.99</span><span itemprop="eligibleQuantity" itemscope="" itemtype="http://schema.org/QuantitativeValue">/<span itemprop="unitText">100g</span></span></td><td>$1.99/100g</td><td style="display: none;">2020-02-23</td><td style="display: none;"></td><td style="display: none;"></td><td style="display: none;"></td><td style="display: none;">ball</td><td style="display: none;"></td><td style="display: none;"></td><td style="display: none;">Dal Molise</td><td style="display: none;"><a class="recipeLink" href="/recipe_ingredient_search_results.php?query=(_QU5E__1__________728__[]_1_1)">Recipes with cheese mozzarella</a></td></tr><tr role="row" class="odd"><td tabindex="0"><i class="fas fa-exclamation"></i></td><td class=" not_printable"><div class="addToGL" data-soscuisine-aisle="5" data-soscuisine-sip="3939127"><i class="fa fa-cart-plus" title="Add to My Grocery List"></i><div></div></div></td><td><img class="storeItemImage" alt="cheese, Appenzeller" src="/media/images/store_item/blank.jpg"></td><td>cheese, Appenzeller</td><td class="not_printable sorting_1">dairy products &amp; eggs</td><td><img style="width:50%;" src="/media/images/logos/marchands/63.png" alt="Marché Adonis"></td><td><span itemprop="price">$14.99</span><span itemprop="eligibleQuantity" itemscope="" itemtype="http://schema.org/QuantitativeValue">/<span itemprop="unitText">lb</span></span></td><td>$3.30/100g</td><td style="display: none;">2020-02-26</td><td style="display: none;"></td><td style="display: none;"></td><td style="display: none;"></td><td style="display: none;"></td><td style="display: none;"></td><td style="display: none;"></td><td style="display: none;"></td><td style="display: none;"><a class="recipeLink" href="/recipe_ingredient_search_results.php?query=(_QU5E__1__________552__[]_1_1)">Recipes with cheese, Appenzeller</a></td></tr><tr role="row" class="even"><td tabindex="0"><i class="fas fa-hand-rock"></i></td><td class=" not_printable"><div class="addToGL" data-soscuisine-aisle="5" data-soscuisine-sip="3938407"><i class="fa fa-cart-plus" title="Add to My Grocery List"></i><div></div></div></td><td><img class="storeItemImage" alt="cheese, blue cheese" src="/media/images/store_item/blank.jpg"></td><td>cheese, blue cheese</td><td class="not_printable sorting_1">dairy products &amp; eggs</td><td><img style="width:50%;" src="/media/images/logos/marchands/7.png" alt="Intermarché (Saveurs intl.)"></td><td><span itemprop="price">$3.99</span><span itemprop="eligibleQuantity" itemscope="" itemtype="http://schema.org/QuantitativeValue">/125g</span></td><td>$3.19/100g</td><td style="display: none;">2020-02-26</td><td style="display: none;"></td><td style="display: none;">Castello</td><td style="display: none;"></td><td style="display: none;"></td><td style="display: none;"></td><td style="display: none;"></td><td style="display: none;"></td><td style="display: none;"><a class="recipeLink" href="/recipe_ingredient_search_results.php?query=(_QU5E__1__________346__[]_1_1)">Recipes with cheese, blue cheese</a></td></tr><tr role="row" class="odd"><td tabindex="0"><i class="fa fa-thumbs-down"></i></td><td class=" not_printable"><div class="addToGL" data-soscuisine-aisle="5" data-soscuisine-sip="3939169"><i class="fa fa-cart-plus" title="Add to My Grocery List"></i><div></div></div></td><td><img class="storeItemImage" alt="cheese, blue cheese" src="/media/images/store_item/blank.jpg"></td><td>cheese, blue cheese</td><td class="not_printable sorting_1">dairy products &amp; eggs</td><td><img style="width:50%;" src="/media/images/logos/marchands/63.png" alt="Marché Adonis"></td><td><span itemprop="price">$5.99</span><span itemprop="eligibleQuantity" itemscope="" itemtype="http://schema.org/QuantitativeValue">/125g</span></td><td>$4.79/100g</td><td style="display: none;">2020-02-26</td><td style="display: none;"></td><td style="display: none;">Saint Agur</td><td style="display: none;"></td><td style="display: none;"></td><td style="display: none;"></td><td style="display: none;"></td><td style="display: none;"></td><td style="display: none;"><a class="recipeLink" href="/recipe_ingredient_search_results.php?query=(_QU5E__1__________346__[]_1_1)">Recipes with cheese, blue cheese</a></td></tr><tr role="row" class="even"><td tabindex="0"><i class="fa fa-thumbs-up"></i><i class="fa fa-thumbs-up"></i></td><td class=" not_printable"><div class="addToGL" data-soscuisine-aisle="5" data-soscuisine-sip="3935903"><i class="fa fa-cart-plus" title="Add to My Grocery List"></i><div></div></div></td><td><img class="storeItemImage" alt="cheese, blue cheese" src="/media/images/store_item/blank.jpg"></td><td>cheese, blue cheese</td><td class="not_printable sorting_1">dairy products &amp; eggs</td><td><img style="width:50%;" src="/media/images/logos/marchands/62.png" alt="Supermarché PA"></td><td><span itemprop="price">$5.99</span><span itemprop="eligibleQuantity" itemscope="" itemtype="http://schema.org/QuantitativeValue">/<span itemprop="unitText">lb</span></span></td><td>$1.32/100g</td><td style="display: none;">2020-02-23</td><td style="display: none;"></td><td style="display: none;">Castello</td><td style="display: none;"></td><td style="display: none;"></td><td style="display: none;"></td><td style="display: none;"></td><td style="display: none;"></td><td style="display: none;"><a class="recipeLink" href="/recipe_ingredient_search_results.php?query=(_QU5E__1__________346__[]_1_1)">Recipes with cheese, blue cheese</a></td></tr><tr role="row" class="odd"><td tabindex="0"><i class="fa fa-thumbs-down"></i></td><td class=" not_printable"><div class="addToGL" data-soscuisine-aisle="5" data-soscuisine-sip="3939421"><i class="fa fa-cart-plus" title="Add to My Grocery List"></i><div></div></div></td><td><img class="storeItemImage" alt="cheese, bocconcini (fresh mozzarella)" src="/media/images/store_item/blank.jpg"></td><td>cheese, bocconcini (fresh mozzarella)</td><td class="not_printable sorting_1">dairy products &amp; eggs</td><td><img style="width:50%;" src="/media/images/logos/marchands/3.png" alt="IGA"></td><td><span itemprop="price">$9.50</span><span itemprop="eligibleQuantity" itemscope="" itemtype="http://schema.org/QuantitativeValue">/<span itemprop="value">2</span>x<span itemprop="unitText">200g</span></span></td><td>$2.38/100g</td><td style="display: none;">2020-02-26</td><td style="display: none;"></td><td style="display: none;">Saputo</td><td style="display: none;"></td><td style="display: none;"></td><td style="display: none;"></td><td style="display: none;"></td><td style="display: none;"></td><td style="display: none;"><a class="recipeLink" href="/recipe_ingredient_search_results.php?query=(_QU5E__1__________147__[]_1_1)">Recipes with cheese, bocconcini (fresh mozzarella)</a></td></tr><tr role="row" class="even"><td tabindex="0"><i class="fa fa-thumbs-up"></i><i class="fa fa-thumbs-up"></i></td><td class=" not_printable"><div class="addToGL" data-soscuisine-aisle="5" data-soscuisine-sip="3938057"><i class="fa fa-cart-plus" title="Add to My Grocery List"></i><div></div></div></td><td><img class="storeItemImage" alt="cheese, bocconcini (fresh mozzarella)" src="/media/images/store_item/blank.jpg"></td><td>cheese, bocconcini (fresh mozzarella)</td><td class="not_printable sorting_1">dairy products &amp; eggs</td><td><img style="width:50%;" src="/media/images/logos/marchands/7.png" alt="Intermarché (Saveurs intl.)"></td><td><span itemprop="price">$3.00</span><span itemprop="eligibleQuantity" itemscope="" itemtype="http://schema.org/QuantitativeValue">/<span itemprop="unitText">200g</span></span></td><td>$1.50/100g</td><td style="display: none;">2020-02-26</td><td style="display: none;"></td><td style="display: none;">Galbani</td><td style="display: none;"></td><td style="display: none;"></td><td style="display: none;"></td><td style="display: none;"></td><td style="display: none;"></td><td style="display: none;"><a class="recipeLink" href="/recipe_ingredient_search_results.php?query=(_QU5E__1__________147__[]_1_1)">Recipes with cheese, bocconcini (fresh mozzarella)</a></td></tr><tr role="row" class="odd"><td tabindex="0"><i class="fa fa-thumbs-up"></i><i class="fa fa-thumbs-up"></i></td><td class=" not_printable"><div class="addToGL" data-soscuisine-aisle="5" data-soscuisine-sip="3939331"><i class="fa fa-cart-plus" title="Add to My Grocery List"></i><div></div></div></td><td><img class="storeItemImage" alt="cheese, bocconcini (fresh mozzarella)" src="/media/images/store_item/blank.jpg"></td><td>cheese, bocconcini (fresh mozzarella)</td><td class="not_printable sorting_1">dairy products &amp; eggs</td><td><img style="width:50%;" src="/media/images/logos/marchands/63.png" alt="Marché Adonis"></td><td><span itemprop="price">$2.99</span><span itemprop="eligibleQuantity" itemscope="" itemtype="http://schema.org/QuantitativeValue">/<span itemprop="unitText">200g</span></span></td><td>$1.50/100g</td><td style="display: none;">2020-02-26</td><td style="display: none;"></td><td style="display: none;">Saputo</td><td style="display: none;"></td><td style="display: none;"></td><td style="display: none;"></td><td style="display: none;"></td><td style="display: none;"></td><td style="display: none;"><a class="recipeLink" href="/recipe_ingredient_search_results.php?query=(_QU5E__1__________147__[]_1_1)">Recipes with cheese, bocconcini (fresh mozzarella)</a></td></tr><tr role="row" class="even"><td tabindex="0"><i class="fa fa-thumbs-down"></i></td><td class=" not_printable"><div class="addToGL" data-soscuisine-aisle="5" data-soscuisine-sip="3938255"><i class="fa fa-cart-plus" title="Add to My Grocery List"></i><div></div></div></td><td><img class="storeItemImage" alt="cheese, bocconcini (fresh mozzarella)" src="/media/images/store_item/blank.jpg"></td><td>cheese, bocconcini (fresh mozzarella)</td><td class="not_printable sorting_1">dairy products &amp; eggs</td><td><img style="width:50%;" src="/media/images/logos/marchands/2.png" alt="Provigo"></td><td><span itemprop="price">$5.49</span><span itemprop="eligibleQuantity" itemscope="" itemtype="http://schema.org/QuantitativeValue">/<span itemprop="unitText">200g</span></span></td><td>$2.74/100g</td><td style="display: none;">2020-02-26</td><td style="display: none;"></td><td style="display: none;">house brand</td><td style="display: none;"></td><td style="display: none;"></td><td style="display: none;"></td><td style="display: none;"></td><td style="display: none;"></td><td style="display: none;"><a class="recipeLink" href="/recipe_ingredient_search_results.php?query=(_QU5E__1__________147__[]_1_1)">Recipes with cheese, bocconcini (fresh mozzarella)</a></td></tr><tr role="row" class="odd"><td tabindex="0"><i class="fa fa-thumbs-down"></i></td><td class=" not_printable"><div class="addToGL" data-soscuisine-aisle="5" data-soscuisine-sip="3939571"><i class="fa fa-cart-plus" title="Add to My Grocery List"></i><div></div></div></td><td><img class="storeItemImage" alt="cheese, brie" src="/media/images/store_item/blank.jpg"></td><td>cheese, brie</td><td class="not_printable sorting_1">dairy products &amp; eggs</td><td><img style="width:50%;" src="/media/images/logos/marchands/10.png" alt="Bonichoix"></td><td><span itemprop="price">$5.99</span><span itemprop="eligibleQuantity" itemscope="" itemtype="http://schema.org/QuantitativeValue">/<span itemprop="unitText">6oz (171g)</span></span></td><td>$3.50/100g</td><td style="display: none;">2020-02-26</td><td style="display: none;"></td><td style="display: none;">Agropur</td><td style="display: none;"></td><td style="display: none;"></td><td style="display: none;"></td><td style="display: none;"></td><td style="display: none;">or double cream</td><td style="display: none;"><a class="recipeLink" href="/recipe_ingredient_search_results.php?query=(_QU5E__1__________424__[]_1_1)">Recipes with cheese, brie</a></td></tr><tr role="row" class="even"><td tabindex="0"><i class="fa fa-thumbs-down"></i></td><td class=" not_printable"><div class="addToGL" data-soscuisine-aisle="5" data-soscuisine-sip="3939433"><i class="fa fa-cart-plus" title="Add to My Grocery List"></i><div></div></div></td><td><img class="storeItemImage" alt="cheese, brie" src="/media/images/store_item/blank.jpg"></td><td>cheese, brie</td><td class="not_printable sorting_1">dairy products &amp; eggs</td><td><img style="width:50%;" src="/media/images/logos/marchands/3.png" alt="IGA"></td><td><span itemprop="price">$7.99</span><span itemprop="eligibleQuantity" itemscope="" itemtype="http://schema.org/QuantitativeValue">/<span itemprop="unitText">250g</span></span></td><td>$3.20/100g</td><td style="display: none;">2020-02-26</td><td style="display: none;"></td><td style="display: none;">L'Extra</td><td style="display: none;"></td><td style="display: none;"></td><td style="display: none;"></td><td style="display: none;"></td><td style="display: none;"></td><td style="display: none;"><a class="recipeLink" href="/recipe_ingredient_search_results.php?query=(_QU5E__1__________424__[]_1_1)">Recipes with cheese, brie</a></td></tr><tr role="row" class="odd"><td tabindex="0"><i class="fas fa-hand-rock"></i></td><td class=" not_printable"><div class="addToGL" data-soscuisine-aisle="5" data-soscuisine-sip="3938665"><i class="fa fa-cart-plus" title="Add to My Grocery List"></i><div></div></div></td><td><img class="storeItemImage" alt="cheese, brie" src="/media/images/store_item/blank.jpg"></td><td>cheese, brie</td><td class="not_printable sorting_1">dairy products &amp; eggs</td><td><img style="width:50%;" src="/media/images/logos/marchands/69.png" alt="Intermarche (Provincial)"></td><td><span itemprop="price">$2.79</span><span itemprop="eligibleQuantity" itemscope="" itemtype="http://schema.org/QuantitativeValue">/<span itemprop="unitText">100g</span></span></td><td>$2.79/100g</td><td style="display: none;">2020-02-26</td><td style="display: none;"></td><td style="display: none;">Alexis de Portneuf</td><td style="display: none;"></td><td style="display: none;"></td><td style="display: none;"></td><td style="display: none;"></td><td style="display: none;"></td><td style="display: none;"><a class="recipeLink" href="/recipe_ingredient_search_results.php?query=(_QU5E__1__________424__[]_1_1)">Recipes with cheese, brie</a></td></tr><tr role="row" class="even"><td tabindex="0"><i class="fa fa-thumbs-down"></i></td><td class=" not_printable"><div class="addToGL" data-soscuisine-aisle="5" data-soscuisine-sip="3938679"><i class="fa fa-cart-plus" title="Add to My Grocery List"></i><div></div></div></td><td><img class="storeItemImage" alt="cheese, brie" src="/media/images/store_item/blank.jpg"></td><td>cheese, brie</td><td class="not_printable sorting_1">dairy products &amp; eggs</td><td><img style="width:50%;" src="/media/images/logos/marchands/69.png" alt="Intermarche (Provincial)"></td><td><span itemprop="price">$5.99</span><span itemprop="eligibleQuantity" itemscope="" itemtype="http://schema.org/QuantitativeValue">/<span itemprop="unitText">6oz (171g)</span></span></td><td>$3.50/100g</td><td style="display: none;">2020-02-26</td><td style="display: none;"></td><td style="display: none;">Alexis de Portneuf</td><td style="display: none;"></td><td style="display: none;"></td><td style="display: none;"></td><td style="display: none;"></td><td style="display: none;"></td><td style="display: none;"><a class="recipeLink" href="/recipe_ingredient_search_results.php?query=(_QU5E__1__________424__[]_1_1)">Recipes with cheese, brie</a></td></tr><tr role="row" class="odd"><td tabindex="0"><i class="fas fa-hand-rock"></i></td><td class=" not_printable"><div class="addToGL" data-soscuisine-aisle="5" data-soscuisine-sip="3938403"><i class="fa fa-cart-plus" title="Add to My Grocery List"></i><div></div></div></td><td><img class="storeItemImage" alt="cheese, brie" src="/media/images/store_item/blank.jpg"></td><td>cheese, brie</td><td class="not_printable sorting_1">dairy products &amp; eggs</td><td><img style="width:50%;" src="/media/images/logos/marchands/7.png" alt="Intermarché (Saveurs intl.)"></td><td><span itemprop="price">$2.79</span><span itemprop="eligibleQuantity" itemscope="" itemtype="http://schema.org/QuantitativeValue">/<span itemprop="unitText">100g</span></span></td><td>$2.79/100g</td><td style="display: none;">2020-02-26</td><td style="display: none;"></td><td style="display: none;">Alexis de Portneuf</td><td style="display: none;"></td><td style="display: none;"></td><td style="display: none;"></td><td style="display: none;"></td><td style="display: none;"></td><td style="display: none;"><a class="recipeLink" href="/recipe_ingredient_search_results.php?query=(_QU5E__1__________424__[]_1_1)">Recipes with cheese, brie</a></td></tr><tr role="row" class="even"><td tabindex="0"><i class="fa fa-thumbs-down"></i></td><td class=" not_printable"><div class="addToGL" data-soscuisine-aisle="5" data-soscuisine-sip="3938413"><i class="fa fa-cart-plus" title="Add to My Grocery List"></i><div></div></div></td><td><img class="storeItemImage" alt="cheese, brie" src="/media/images/store_item/blank.jpg"></td><td>cheese, brie</td><td class="not_printable sorting_1">dairy products &amp; eggs</td><td><img style="width:50%;" src="/media/images/logos/marchands/7.png" alt="Intermarché (Saveurs intl.)"></td><td><span itemprop="price">$3.99</span><span itemprop="eligibleQuantity" itemscope="" itemtype="http://schema.org/QuantitativeValue">/125g</span></td><td>$3.19/100g</td><td style="display: none;">2020-02-26</td><td style="display: none;"></td><td style="display: none;">Castello</td><td style="display: none;"></td><td style="display: none;"></td><td style="display: none;"></td><td style="display: none;"></td><td style="display: none;"></td><td style="display: none;"><a class="recipeLink" href="/recipe_ingredient_search_results.php?query=(_QU5E__1__________424__[]_1_1)">Recipes with cheese, brie</a></td></tr><tr role="row" class="odd"><td tabindex="0"><i class="fa fa-thumbs-down"></i></td><td class=" not_printable"><div class="addToGL" data-soscuisine-aisle="5" data-soscuisine-sip="3938421"><i class="fa fa-cart-plus" title="Add to My Grocery List"></i><div></div></div></td><td><img class="storeItemImage" alt="cheese, brie" src="/media/images/store_item/blank.jpg"></td><td>cheese, brie</td><td class="not_printable sorting_1">dairy products &amp; eggs</td><td><img style="width:50%;" src="/media/images/logos/marchands/7.png" alt="Intermarché (Saveurs intl.)"></td><td><span itemprop="price">$5.99</span><span itemprop="eligibleQuantity" itemscope="" itemtype="http://schema.org/QuantitativeValue">/<span itemprop="unitText">6oz (171g)</span></span></td><td>$3.50/100g</td><td style="display: none;">2020-02-26</td><td style="display: none;"></td><td style="display: none;">Alexis de Portneuf</td><td style="display: none;"></td><td style="display: none;"></td><td style="display: none;"></td><td style="display: none;"></td><td style="display: none;"></td><td style="display: none;"><a class="recipeLink" href="/recipe_ingredient_search_results.php?query=(_QU5E__1__________424__[]_1_1)">Recipes with cheese, brie</a></td></tr><tr role="row" class="even"><td tabindex="0"><i class="fas fa-hand-rock"></i></td><td class=" not_printable"><div class="addToGL" data-soscuisine-aisle="5" data-soscuisine-sip="3942103"><i class="fa fa-cart-plus" title="Add to My Grocery List"></i><div></div></div></td><td><img class="storeItemImage" alt="cheese, brie" src="/media/images/store_item/blank.jpg"></td><td>cheese, brie</td><td class="not_printable sorting_1">dairy products &amp; eggs</td><td><img style="width:50%;" src="/media/images/logos/marchands/13.png" alt="Jardin Mobile"></td><td><span itemprop="price">$2.58</span><span itemprop="eligibleQuantity" itemscope="" itemtype="http://schema.org/QuantitativeValue">/<span itemprop="unitText">100g</span></span></td><td>$2.58/100g</td><td style="display: none;">2020-02-26</td><td style="display: none;"></td><td style="display: none;">L'Extra</td><td style="display: none;"></td><td style="display: none;"></td><td style="display: none;">double cream</td><td style="display: none;"></td><td style="display: none;">participating stores</td><td style="display: none;"><a class="recipeLink" href="/recipe_ingredient_search_results.php?query=(_QU5E__1__________424__[]_1_1)">Recipes with cheese, brie</a></td></tr><tr role="row" class="odd"><td tabindex="0"><i class="fas fa-hand-rock"></i></td><td class=" not_printable"><div class="addToGL" data-soscuisine-aisle="5" data-soscuisine-sip="3942099"><i class="fa fa-cart-plus" title="Add to My Grocery List"></i><div></div></div></td><td><img class="storeItemImage" alt="cheese, brie" src="/media/images/store_item/blank.jpg"></td><td>cheese, brie</td><td class="not_printable sorting_1">dairy products &amp; eggs</td><td><img style="width:50%;" src="/media/images/logos/marchands/13.png" alt="Jardin Mobile"></td><td><span itemprop="price">$7.99</span><span itemprop="eligibleQuantity" itemscope="" itemtype="http://schema.org/QuantitativeValue">/<span itemprop="unitText">300g</span></span></td><td>$2.66/100g</td><td style="display: none;">2020-02-26</td><td style="display: none;"></td><td style="display: none;">Alexis de Portneuf</td><td style="display: none;"></td><td style="display: none;"></td><td style="display: none;"></td><td style="display: none;"></td><td style="display: none;"></td><td style="display: none;"><a class="recipeLink" href="/recipe_ingredient_search_results.php?query=(_QU5E__1__________424__[]_1_1)">Recipes with cheese, brie</a></td></tr><tr role="row" class="even"><td tabindex="0"><i class="fas fa-hand-rock"></i></td><td class=" not_printable"><div class="addToGL" data-soscuisine-aisle="5" data-soscuisine-sip="3942109"><i class="fa fa-cart-plus" title="Add to My Grocery List"></i><div></div></div></td><td><img class="storeItemImage" alt="cheese, brie" src="/media/images/store_item/blank.jpg"></td><td>cheese, brie</td><td class="not_printable sorting_1">dairy products &amp; eggs</td><td><img style="width:50%;" src="/media/images/logos/marchands/13.png" alt="Jardin Mobile"></td><td><span itemprop="price">$12.00</span><span itemprop="eligibleQuantity" itemscope="" itemtype="http://schema.org/QuantitativeValue">/<span itemprop="value">2</span>x<span itemprop="unitText">200g</span></span></td><td>$3.00/100g</td><td style="display: none;">2020-02-26</td><td style="display: none;"></td><td style="display: none;">Président</td><td style="display: none;"></td><td style="display: none;"></td><td style="display: none;"></td><td style="display: none;"></td><td style="display: none;"></td><td style="display: none;"><a class="recipeLink" href="/recipe_ingredient_search_results.php?query=(_QU5E__1__________424__[]_1_1)">Recipes with cheese, brie</a></td></tr><tr role="row" class="odd"><td tabindex="0"><i class="fa fa-thumbs-down"></i></td><td class=" not_printable"><div class="addToGL" data-soscuisine-aisle="5" data-soscuisine-sip="3939573"><i class="fa fa-cart-plus" title="Add to My Grocery List"></i><div></div></div></td><td><img class="storeItemImage" alt="cheese, Camembert" src="/media/images/store_item/blank.jpg"></td><td>cheese, Camembert</td><td class="not_printable sorting_1">dairy products &amp; eggs</td><td><img style="width:50%;" src="/media/images/logos/marchands/10.png" alt="Bonichoix"></td><td><span itemprop="price">$5.99</span><span itemprop="eligibleQuantity" itemscope="" itemtype="http://schema.org/QuantitativeValue">/<span itemprop="unitText">6oz (171g)</span></span></td><td>$3.50/100g</td><td style="display: none;">2020-02-26</td><td style="display: none;"></td><td style="display: none;">L'Extra</td><td style="display: none;"></td><td style="display: none;"></td><td style="display: none;"></td><td style="display: none;"></td><td style="display: none;"></td><td style="display: none;"></td></tr><tr role="row" class="even"><td tabindex="0"><i class="fa fa-thumbs-down"></i></td><td class=" not_printable"><div class="addToGL" data-soscuisine-aisle="5" data-soscuisine-sip="3939431"><i class="fa fa-cart-plus" title="Add to My Grocery List"></i><div></div></div></td><td><img class="storeItemImage" alt="cheese, Camembert" src="/media/images/store_item/blank.jpg"></td><td>cheese, Camembert</td><td class="not_printable sorting_1">dairy products &amp; eggs</td><td><img style="width:50%;" src="/media/images/logos/marchands/3.png" alt="IGA"></td><td><span itemprop="price">$7.99</span><span itemprop="eligibleQuantity" itemscope="" itemtype="http://schema.org/QuantitativeValue">/<span itemprop="unitText">250g</span></span></td><td>$3.20/100g</td><td style="display: none;">2020-02-26</td><td style="display: none;"></td><td style="display: none;">Le Rustique</td><td style="display: none;"></td><td style="display: none;"></td><td style="display: none;"></td><td style="display: none;"></td><td style="display: none;"></td><td style="display: none;"></td></tr><tr role="row" class="odd"><td tabindex="0"><i class="fas fa-hand-rock"></i></td><td class=" not_printable"><div class="addToGL" data-soscuisine-aisle="5" data-soscuisine-sip="3938667"><i class="fa fa-cart-plus" title="Add to My Grocery List"></i><div></div></div></td><td><img class="storeItemImage" alt="cheese, Camembert" src="/media/images/store_item/blank.jpg"></td><td>cheese, Camembert</td><td class="not_printable sorting_1">dairy products &amp; eggs</td><td><img style="width:50%;" src="/media/images/logos/marchands/69.png" alt="Intermarche (Provincial)"></td><td><span itemprop="price">$2.79</span><span itemprop="eligibleQuantity" itemscope="" itemtype="http://schema.org/QuantitativeValue">/<span itemprop="unitText">100g</span></span></td><td>$2.79/100g</td><td style="display: none;">2020-02-26</td><td style="display: none;"></td><td style="display: none;">Alexis de Portneuf</td><td style="display: none;"></td><td style="display: none;"></td><td style="display: none;"></td><td style="display: none;"></td><td style="display: none;"></td><td style="display: none;"></td></tr><tr role="row" class="even"><td tabindex="0"><i class="fas fa-hand-rock"></i></td><td class=" not_printable"><div class="addToGL" data-soscuisine-aisle="5" data-soscuisine-sip="3938405"><i class="fa fa-cart-plus" title="Add to My Grocery List"></i><div></div></div></td><td><img class="storeItemImage" alt="cheese, Camembert" src="/media/images/store_item/blank.jpg"></td><td>cheese, Camembert</td><td class="not_printable sorting_1">dairy products &amp; eggs</td><td><img style="width:50%;" src="/media/images/logos/marchands/7.png" alt="Intermarché (Saveurs intl.)"></td><td><span itemprop="price">$2.79</span><span itemprop="eligibleQuantity" itemscope="" itemtype="http://schema.org/QuantitativeValue">/<span itemprop="unitText">100g</span></span></td><td>$2.79/100g</td><td style="display: none;">2020-02-26</td><td style="display: none;"></td><td style="display: none;">Alexis de Portneuf</td><td style="display: none;"></td><td style="display: none;"></td><td style="display: none;"></td><td style="display: none;"></td><td style="display: none;"></td><td style="display: none;"></td></tr><tr role="row" class="odd"><td tabindex="0"><i class="fas fa-hand-rock"></i></td><td class=" not_printable"><div class="addToGL" data-soscuisine-aisle="5" data-soscuisine-sip="3938415"><i class="fa fa-cart-plus" title="Add to My Grocery List"></i><div></div></div></td><td><img class="storeItemImage" alt="cheese, Camembert" src="/media/images/store_item/blank.jpg"></td><td>cheese, Camembert</td><td class="not_printable sorting_1">dairy products &amp; eggs</td><td><img style="width:50%;" src="/media/images/logos/marchands/7.png" alt="Intermarché (Saveurs intl.)"></td><td><span itemprop="price">$3.99</span><span itemprop="eligibleQuantity" itemscope="" itemtype="http://schema.org/QuantitativeValue">/125g</span></td><td>$3.19/100g</td><td style="display: none;">2020-02-26</td><td style="display: none;"></td><td style="display: none;">Castello</td><td style="display: none;"></td><td style="display: none;"></td><td style="display: none;"></td><td style="display: none;"></td><td style="display: none;"></td><td style="display: none;"></td></tr><tr role="row" class="even"><td tabindex="0"><i class="fa fa-thumbs-up"></i></td><td class=" not_printable"><div class="addToGL" data-soscuisine-aisle="5" data-soscuisine-sip="3942101"><i class="fa fa-cart-plus" title="Add to My Grocery List"></i><div></div></div></td><td><img class="storeItemImage" alt="cheese, Camembert" src="/media/images/store_item/blank.jpg"></td><td>cheese, Camembert</td><td class="not_printable sorting_1">dairy products &amp; eggs</td><td><img style="width:50%;" src="/media/images/logos/marchands/13.png" alt="Jardin Mobile"></td><td><span itemprop="price">$7.99</span><span itemprop="eligibleQuantity" itemscope="" itemtype="http://schema.org/QuantitativeValue">/<span itemprop="unitText">300g</span></span></td><td>$2.66/100g</td><td style="display: none;">2020-02-26</td><td style="display: none;"></td><td style="display: none;">Alexis de Portneuf</td><td style="display: none;"></td><td style="display: none;"></td><td style="display: none;"></td><td style="display: none;"></td><td style="display: none;"></td><td style="display: none;"></td></tr><tr role="row" class="odd"><td tabindex="0"><i class="fas fa-hand-rock"></i></td><td class=" not_printable"><div class="addToGL" data-soscuisine-aisle="5" data-soscuisine-sip="3942105"><i class="fa fa-cart-plus" title="Add to My Grocery List"></i><div></div></div></td><td><img class="storeItemImage" alt="cheese, Camembert" src="/media/images/store_item/blank.jpg"></td><td>cheese, Camembert</td><td class="not_printable sorting_1">dairy products &amp; eggs</td><td><img style="width:50%;" src="/media/images/logos/marchands/13.png" alt="Jardin Mobile"></td><td><span itemprop="price">$12.00</span><span itemprop="eligibleQuantity" itemscope="" itemtype="http://schema.org/QuantitativeValue">/<span itemprop="value">2</span>x<span itemprop="unitText">200g</span></span></td><td>$3.00/100g</td><td style="display: none;">2020-02-26</td><td style="display: none;"></td><td style="display: none;">Président</td><td style="display: none;"></td><td style="display: none;"></td><td style="display: none;"></td><td style="display: none;"></td><td style="display: none;"></td><td style="display: none;"></td></tr><tr role="row" class="even"><td tabindex="0"><i class="fa fa-thumbs-up"></i></td><td class=" not_printable"><div class="addToGL" data-soscuisine-aisle="5" data-soscuisine-sip="3939173"><i class="fa fa-cart-plus" title="Add to My Grocery List"></i><div></div></div></td><td><img class="storeItemImage" alt="cheese, Camembert" src="/media/images/store_item/blank.jpg"></td><td>cheese, Camembert</td><td class="not_printable sorting_1">dairy products &amp; eggs</td><td><img style="width:50%;" src="/media/images/logos/marchands/63.png" alt="Marché Adonis"></td><td><span itemprop="price">$5.99</span><span itemprop="eligibleQuantity" itemscope="" itemtype="http://schema.org/QuantitativeValue">/<span itemprop="unitText">250g</span></span></td><td>$2.40/100g</td><td style="display: none;">2020-02-26</td><td style="display: none;"></td><td style="display: none;">Le Rustique</td><td style="display: none;"></td><td style="display: none;"></td><td style="display: none;"></td><td style="display: none;"></td><td style="display: none;">regular or Light</td><td style="display: none;"></td></tr><tr role="row" class="odd"><td tabindex="0"><i class="fa fa-thumbs-down"></i></td><td class=" not_printable"><div class="addToGL" data-soscuisine-aisle="5" data-soscuisine-sip="3940635"><i class="fa fa-cart-plus" title="Add to My Grocery List"></i><div></div></div></td><td><img class="storeItemImage" alt="cheese, Camembert" src="/media/images/store_item/blank.jpg"></td><td>cheese, Camembert</td><td class="not_printable sorting_1">dairy products &amp; eggs</td><td><img style="width:50%;" src="/media/images/logos/marchands/11.png" alt="Tradition"></td><td><span itemprop="price">$8.99</span><span itemprop="eligibleQuantity" itemscope="" itemtype="http://schema.org/QuantitativeValue">/<span itemprop="unitText">250g</span></span></td><td>$3.60/100g</td><td style="display: none;">2020-02-26</td><td style="display: none;"></td><td style="display: none;">Le Rustique</td><td style="display: none;"></td><td style="display: none;"></td><td style="display: none;"></td><td style="display: none;"></td><td style="display: none;"></td><td style="display: none;"></td></tr><tr role="row" class="even"><td tabindex="0"><i class="fas fa-hand-rock"></i></td><td class=" not_printable"><div class="addToGL" data-soscuisine-aisle="5" data-soscuisine-sip="3939657"><i class="fa fa-cart-plus" title="Add to My Grocery List"></i><div></div></div></td><td><img class="storeItemImage" alt="cheese, Cheddar" src="/media/images/store_item/blank.jpg"></td><td>cheese, Cheddar</td><td class="not_printable sorting_1">dairy products &amp; eggs</td><td><img style="width:50%;" src="/media/images/logos/marchands/10.png" alt="Bonichoix"></td><td><span itemprop="price">$3.99</span><span itemprop="eligibleQuantity" itemscope="" itemtype="http://schema.org/QuantitativeValue">/<span itemprop="unitText">300g</span></span></td><td>$1.33/100g</td><td style="display: none;">2020-02-26</td><td style="display: none;">Quebec</td><td style="display: none;">house brand</td><td style="display: none;"></td><td style="display: none;">marble</td><td style="display: none;"></td><td style="display: none;"></td><td style="display: none;"></td><td style="display: none;"><a class="recipeLink" href="/recipe_ingredient_search_results.php?query=(_QU5E__1__________761__[]_1_1)">Recipes with cheese, Cheddar</a></td></tr><tr role="row" class="odd"><td tabindex="0"><i class="fas fa-hand-rock"></i></td><td class=" not_printable"><div class="addToGL" data-soscuisine-aisle="5" data-soscuisine-sip="3939625"><i class="fa fa-cart-plus" title="Add to My Grocery List"></i><div></div></div></td><td><img class="storeItemImage" alt="cheese, Cheddar" src="/media/images/store_item/blank.jpg"></td><td>cheese, Cheddar</td><td class="not_printable sorting_1">dairy products &amp; eggs</td><td><img style="width:50%;" src="/media/images/logos/marchands/3.png" alt="IGA"></td><td><span itemprop="price">$9.98</span><span itemprop="eligibleQuantity" itemscope="" itemtype="http://schema.org/QuantitativeValue">/<span itemprop="value">2</span>x<span itemprop="unitText">400g</span></span></td><td>$1.25/100g</td><td style="display: none;">2020-02-26</td><td style="display: none;"></td><td style="display: none;">house brand</td><td style="display: none;"></td><td style="display: none;"></td><td style="display: none;"></td><td style="display: none;"></td><td style="display: none;"></td><td style="display: none;"><a class="recipeLink" href="/recipe_ingredient_search_results.php?query=(_QU5E__1__________761__[]_1_1)">Recipes with cheese, Cheddar</a></td></tr><tr role="row" class="even"><td tabindex="0"><i class="fas fa-hand-rock"></i></td><td class=" not_printable"><div class="addToGL" data-soscuisine-aisle="5" data-soscuisine-sip="3939621"><i class="fa fa-cart-plus" title="Add to My Grocery List"></i><div></div></div></td><td><img class="storeItemImage" alt="cheese, Cheddar" src="/media/images/store_item/blank.jpg"></td><td>cheese, Cheddar</td><td class="not_printable sorting_1">dairy products &amp; eggs</td><td><img style="width:50%;" src="/media/images/logos/marchands/3.png" alt="IGA"></td><td><span itemprop="price">$5.99</span><span itemprop="eligibleQuantity" itemscope="" itemtype="http://schema.org/QuantitativeValue">/<span itemprop="unitText">400g</span></span></td><td>$1.50/100g</td><td style="display: none;">2020-02-26</td><td style="display: none;"></td><td style="display: none;">house brand</td><td style="display: none;"></td><td style="display: none;"></td><td style="display: none;"></td><td style="display: none;"></td><td style="display: none;"></td><td style="display: none;"><a class="recipeLink" href="/recipe_ingredient_search_results.php?query=(_QU5E__1__________761__[]_1_1)">Recipes with cheese, Cheddar</a></td></tr><tr role="row" class="odd"><td tabindex="0"><i class="fa fa-thumbs-up"></i><i class="fa fa-thumbs-up"></i></td><td class=" not_printable"><div class="addToGL" data-soscuisine-aisle="5" data-soscuisine-sip="3938581"><i class="fa fa-cart-plus" title="Add to My Grocery List"></i><div></div></div></td><td><img class="storeItemImage" alt="cheese, Cheddar" src="/media/images/store_item/blank.jpg"></td><td>cheese, Cheddar</td><td class="not_printable sorting_1">dairy products &amp; eggs</td><td><img style="width:50%;" src="/media/images/logos/marchands/69.png" alt="Intermarche (Provincial)"></td><td><span itemprop="price">$4.50</span><span itemprop="eligibleQuantity" itemscope="" itemtype="http://schema.org/QuantitativeValue">/<span itemprop="unitText">450g</span></span></td><td>$1.00/100g</td><td style="display: none;">2020-02-26</td><td style="display: none;"></td><td style="display: none;">house brand</td><td style="display: none;"></td><td style="display: none;"></td><td style="display: none;"></td><td style="display: none;"></td><td style="display: none;"></td><td style="display: none;"><a class="recipeLink" href="/recipe_ingredient_search_results.php?query=(_QU5E__1__________761__[]_1_1)">Recipes with cheese, Cheddar</a></td></tr><tr role="row" class="even"><td tabindex="0"><i class="fa fa-thumbs-up"></i><i class="fa fa-thumbs-up"></i></td><td class=" not_printable"><div class="addToGL" data-soscuisine-aisle="5" data-soscuisine-sip="3938087"><i class="fa fa-cart-plus" title="Add to My Grocery List"></i><div></div></div></td><td><img class="storeItemImage" alt="cheese, Cheddar" src="/media/images/store_item/blank.jpg"></td><td>cheese, Cheddar</td><td class="not_printable sorting_1">dairy products &amp; eggs</td><td><img style="width:50%;" src="/media/images/logos/marchands/7.png" alt="Intermarché (Saveurs intl.)"></td><td><span itemprop="price">$4.50</span><span itemprop="eligibleQuantity" itemscope="" itemtype="http://schema.org/QuantitativeValue">/<span itemprop="unitText">450g</span></span></td><td>$1.00/100g</td><td style="display: none;">2020-02-26</td><td style="display: none;"></td><td style="display: none;">house brand</td><td style="display: none;"></td><td style="display: none;"></td><td style="display: none;"></td><td style="display: none;"></td><td style="display: none;"></td><td style="display: none;"><a class="recipeLink" href="/recipe_ingredient_search_results.php?query=(_QU5E__1__________761__[]_1_1)">Recipes with cheese, Cheddar</a></td></tr><tr role="row" class="odd"><td tabindex="0"><i class="fas fa-hand-rock"></i></td><td class=" not_printable"><div class="addToGL" data-soscuisine-aisle="5" data-soscuisine-sip="3937911"><i class="fa fa-cart-plus" title="Add to My Grocery List"></i><div></div></div></td><td><img class="storeItemImage" alt="cheese, Cheddar" src="/media/images/store_item/blank.jpg"></td><td>cheese, Cheddar</td><td class="not_printable sorting_1">dairy products &amp; eggs</td><td><img style="width:50%;" src="/media/images/logos/marchands/1.png" alt="Metro"></td><td><span itemprop="price">$5.99</span><span itemprop="eligibleQuantity" itemscope="" itemtype="http://schema.org/QuantitativeValue">/<span itemprop="unitText">450g</span></span></td><td>$1.33/100g</td><td style="display: none;">2020-02-26</td><td style="display: none;"></td><td style="display: none;">Black Diamond</td><td style="display: none;"></td><td style="display: none;">marble</td><td style="display: none;"></td><td style="display: none;"></td><td style="display: none;"></td><td style="display: none;"><a class="recipeLink" href="/recipe_ingredient_search_results.php?query=(_QU5E__1__________761__[]_1_1)">Recipes with cheese, Cheddar</a></td></tr><tr role="row" class="even"><td tabindex="0"><i class="fa fa-thumbs-down"></i></td><td class=" not_printable"><div class="addToGL" data-soscuisine-aisle="5" data-soscuisine-sip="3939011"><i class="fa fa-cart-plus" title="Add to My Grocery List"></i><div></div></div></td><td><img class="storeItemImage" alt="cheese, Cheddar" src="/media/images/store_item/blank.jpg"></td><td>cheese, Cheddar</td><td class="not_printable sorting_1">dairy products &amp; eggs</td><td><img style="width:50%;" src="/media/images/logos/marchands/64.png" alt="Mourelatos"></td><td><span itemprop="price">$4.99</span><span itemprop="eligibleQuantity" itemscope="" itemtype="http://schema.org/QuantitativeValue">/<span itemprop="unitText">220g</span></span></td><td>$2.27/100g</td><td style="display: none;">2020-02-25</td><td style="display: none;"></td><td style="display: none;">Black Diamond</td><td style="display: none;"></td><td style="display: none;"></td><td style="display: none;"></td><td style="display: none;">sliced</td><td style="display: none;"></td><td style="display: none;"><a class="recipeLink" href="/recipe_ingredient_search_results.php?query=(_QU5E__1__________761__[]_1_1)">Recipes with cheese, Cheddar</a></td></tr><tr role="row" class="odd"><td tabindex="0"><i class="fa fa-thumbs-up"></i></td><td class=" not_printable"><div class="addToGL" data-soscuisine-aisle="5" data-soscuisine-sip="3938301"><i class="fa fa-cart-plus" title="Add to My Grocery List"></i><div></div></div></td><td><img class="storeItemImage" alt="cheese, Cheddar" src="/media/images/store_item/blank.jpg"></td><td>cheese, Cheddar</td><td class="not_printable sorting_1">dairy products &amp; eggs</td><td><img style="width:50%;" src="/media/images/logos/marchands/2.png" alt="Provigo"></td><td><span itemprop="price">$5.49</span><span itemprop="eligibleQuantity" itemscope="" itemtype="http://schema.org/QuantitativeValue">/<span itemprop="unitText">450g</span></span></td><td>$1.22/100g</td><td style="display: none;">2020-02-26</td><td style="display: none;"></td><td style="display: none;">house brand</td><td style="display: none;"></td><td style="display: none;"></td><td style="display: none;">strong</td><td style="display: none;"></td><td style="display: none;"></td><td style="display: none;"><a class="recipeLink" href="/recipe_ingredient_search_results.php?query=(_QU5E__1__________761__[]_1_1)">Recipes with cheese, Cheddar</a></td></tr><tr role="row" class="even"><td tabindex="0"><i class="fa fa-thumbs-down"></i></td><td class=" not_printable"><div class="addToGL" data-soscuisine-aisle="5" data-soscuisine-sip="3938313"><i class="fa fa-cart-plus" title="Add to My Grocery List"></i><div></div></div></td><td><img class="storeItemImage" alt="cheese, Cheddar" src="/media/images/store_item/blank.jpg"></td><td>cheese, Cheddar</td><td class="not_printable sorting_1">dairy products &amp; eggs</td><td><img style="width:50%;" src="/media/images/logos/marchands/2.png" alt="Provigo"></td><td><span itemprop="price">$4.99</span><span itemprop="eligibleQuantity" itemscope="" itemtype="http://schema.org/QuantitativeValue">/<span itemprop="unitText">240g</span></span></td><td>$2.08/100g</td><td style="display: none;">2020-02-26</td><td style="display: none;"></td><td style="display: none;">Black Diamond</td><td style="display: none;"></td><td style="display: none;"></td><td style="display: none;"></td><td style="display: none;">sliced</td><td style="display: none;">medium</td><td style="display: none;"><a class="recipeLink" href="/recipe_ingredient_search_results.php?query=(_QU5E__1__________761__[]_1_1)">Recipes with cheese, Cheddar</a></td></tr><tr role="row" class="odd"><td tabindex="0"><i class="fas fa-hand-rock"></i></td><td class=" not_printable"><div class="addToGL" data-soscuisine-aisle="5" data-soscuisine-sip="3938837"><i class="fa fa-cart-plus" title="Add to My Grocery List"></i><div></div></div></td><td><img class="storeItemImage" alt="cheese, Cheddar" src="/media/images/store_item/blank.jpg"></td><td>cheese, Cheddar</td><td class="not_printable sorting_1">dairy products &amp; eggs</td><td><img style="width:50%;" src="/media/images/logos/marchands/93.png" alt="Rachelle Béry"></td><td><span itemprop="price">$5.99</span><span itemprop="eligibleQuantity" itemscope="" itemtype="http://schema.org/QuantitativeValue">/<span itemprop="unitText">375g</span></span></td><td>$1.60/100g</td><td style="display: none;">2020-03-04</td><td style="display: none;">Quebec</td><td style="display: none;">Riviera</td><td style="display: none;"></td><td style="display: none;"></td><td style="display: none;"></td><td style="display: none;"></td><td style="display: none;"></td><td style="display: none;"><a class="recipeLink" href="/recipe_ingredient_search_results.php?query=(_QU5E__1__________761__[]_1_1)">Recipes with cheese, Cheddar</a></td></tr><tr role="row" class="even"><td tabindex="0"><i class="fas fa-hand-rock"></i></td><td class=" not_printable"><div class="addToGL" data-soscuisine-aisle="5" data-soscuisine-sip="3940967"><i class="fa fa-cart-plus" title="Add to My Grocery List"></i><div></div></div></td><td><img class="storeItemImage" alt="cheese, Cheddar" src="/media/images/store_item/blank.jpg"></td><td>cheese, Cheddar</td><td class="not_printable sorting_1">dairy products &amp; eggs</td><td><img style="width:50%;" src="/media/images/logos/marchands/12.png" alt="Richelieu"></td><td><span itemprop="price">$3.99</span><span itemprop="eligibleQuantity" itemscope="" itemtype="http://schema.org/QuantitativeValue">/<span itemprop="unitText">270g</span></span></td><td>$1.48/100g</td><td style="display: none;">2020-02-26</td><td style="display: none;"></td><td style="display: none;">Cracker Barrel</td><td style="display: none;"></td><td style="display: none;"></td><td style="display: none;"></td><td style="display: none;"></td><td style="display: none;"></td><td style="display: none;"><a class="recipeLink" href="/recipe_ingredient_search_results.php?query=(_QU5E__1__________761__[]_1_1)">Recipes with cheese, Cheddar</a></td></tr><tr role="row" class="odd"><td tabindex="0"><i class="fa fa-thumbs-up"></i><i class="fa fa-thumbs-up"></i></td><td class=" not_printable"><div class="addToGL" data-soscuisine-aisle="5" data-soscuisine-sip="3940419"><i class="fa fa-cart-plus" title="Add to My Grocery List"></i><div></div></div></td><td><img class="storeItemImage" alt="cheese, Cheddar" src="/media/images/store_item/blank.jpg"></td><td>cheese, Cheddar</td><td class="not_printable sorting_1">dairy products &amp; eggs</td><td><img style="width:50%;" src="/media/images/logos/marchands/5.png" alt="Super C"></td><td><span itemprop="price">$3.97</span><span itemprop="eligibleQuantity" itemscope="" itemtype="http://schema.org/QuantitativeValue">/<span itemprop="unitText">400g</span></span></td><td>$0.99/100g</td><td style="display: none;">2020-02-26</td><td style="display: none;"></td><td style="display: none;">house brand</td><td style="display: none;"></td><td style="display: none;"></td><td style="display: none;"></td><td style="display: none;"></td><td style="display: none;"></td><td style="display: none;"><a class="recipeLink" href="/recipe_ingredient_search_results.php?query=(_QU5E__1__________761__[]_1_1)">Recipes with cheese, Cheddar</a></td></tr><tr role="row" class="even"><td tabindex="0"><i class="fas fa-hand-rock"></i></td><td class=" not_printable"><div class="addToGL" data-soscuisine-aisle="5" data-soscuisine-sip="3935953"><i class="fa fa-cart-plus" title="Add to My Grocery List"></i><div></div></div></td><td><img class="storeItemImage" alt="cheese, Cheddar" src="/media/images/store_item/blank.jpg"></td><td>cheese, Cheddar</td><td class="not_printable sorting_1">dairy products &amp; eggs</td><td><img style="width:50%;" src="/media/images/logos/marchands/62.png" alt="Supermarché PA"></td><td><span itemprop="price">$5.99</span><span itemprop="eligibleQuantity" itemscope="" itemtype="http://schema.org/QuantitativeValue">/<span itemprop="unitText">lb</span></span></td><td>$1.32/100g</td><td style="display: none;">2020-02-23</td><td style="display: none;"></td><td style="display: none;"></td><td style="display: none;"></td><td style="display: none;"></td><td style="display: none;"></td><td style="display: none;"></td><td style="display: none;"></td><td style="display: none;"><a class="recipeLink" href="/recipe_ingredient_search_results.php?query=(_QU5E__1__________761__[]_1_1)">Recipes with cheese, Cheddar</a></td></tr><tr role="row" class="odd"><td tabindex="0"><i class="fa fa-thumbs-up"></i></td><td class=" not_printable"><div class="addToGL" data-soscuisine-aisle="5" data-soscuisine-sip="3940529"><i class="fa fa-cart-plus" title="Add to My Grocery List"></i><div></div></div></td><td><img class="storeItemImage" alt="cheese, Cheddar" src="/media/images/store_item/blank.jpg"></td><td>cheese, Cheddar</td><td class="not_printable sorting_1">dairy products &amp; eggs</td><td><img style="width:50%;" src="/media/images/logos/marchands/11.png" alt="Tradition"></td><td><span itemprop="price">$4.97</span><span itemprop="eligibleQuantity" itemscope="" itemtype="http://schema.org/QuantitativeValue">/<span itemprop="unitText">400g</span></span></td><td>$1.24/100g</td><td style="display: none;">2020-02-26</td><td style="display: none;"></td><td style="display: none;">Cracker Barrel</td><td style="display: none;"></td><td style="display: none;"></td><td style="display: none;"></td><td style="display: none;"></td><td style="display: none;">extra old</td><td style="display: none;"><a class="recipeLink" href="/recipe_ingredient_search_results.php?query=(_QU5E__1__________761__[]_1_1)">Recipes with cheese, Cheddar</a></td></tr><tr role="row" class="even"><td tabindex="0"><i class="fa fa-thumbs-down"></i></td><td class=" not_printable"><div class="addToGL" data-soscuisine-aisle="5" data-soscuisine-sip="3939575"><i class="fa fa-cart-plus" title="Add to My Grocery List"></i><div></div></div></td><td><img class="storeItemImage" alt="cheese, Cheddar, aged" src="/media/images/store_item/blank.jpg"></td><td>cheese, Cheddar, aged</td><td class="not_printable sorting_1">dairy products &amp; eggs</td><td><img style="width:50%;" src="/media/images/logos/marchands/10.png" alt="Bonichoix"></td><td><span itemprop="price">$7.49</span><span itemprop="eligibleQuantity" itemscope="" itemtype="http://schema.org/QuantitativeValue">/<span itemprop="unitText">200g</span></span></td><td>$3.74/100g</td><td style="display: none;">2020-02-26</td><td style="display: none;">Quebec</td><td style="display: none;">Agropur</td><td style="display: none;"></td><td style="display: none;"></td><td style="display: none;">aged 1 year</td><td style="display: none;"></td><td style="display: none;">or aged 3 years</td><td style="display: none;"><a class="recipeLink" href="/recipe_ingredient_search_results.php?query=(_QU5E__1__________155__[]_1_1)">Recipes with cheese, Cheddar, aged</a></td></tr><tr role="row" class="odd"><td tabindex="0"><i class="fa fa-thumbs-down"></i></td><td class=" not_printable"><div class="addToGL" data-soscuisine-aisle="5" data-soscuisine-sip="3938675"><i class="fa fa-cart-plus" title="Add to My Grocery List"></i><div></div></div></td><td><img class="storeItemImage" alt="cheese, Cheddar, aged" src="/media/images/store_item/blank.jpg"></td><td>cheese, Cheddar, aged</td><td class="not_printable sorting_1">dairy products &amp; eggs</td><td><img style="width:50%;" src="/media/images/logos/marchands/69.png" alt="Intermarche (Provincial)"></td><td><span itemprop="price">$5.99</span><span itemprop="eligibleQuantity" itemscope="" itemtype="http://schema.org/QuantitativeValue">/<span itemprop="unitText">6oz (171g)</span></span></td><td>$3.50/100g</td><td style="display: none;">2020-02-26</td><td style="display: none;">Quebec</td><td style="display: none;">Perron</td><td style="display: none;"></td><td style="display: none;"></td><td style="display: none;"></td><td style="display: none;"></td><td style="display: none;"></td><td style="display: none;"><a class="recipeLink" href="/recipe_ingredient_search_results.php?query=(_QU5E__1__________155__[]_1_1)">Recipes with cheese, Cheddar, aged</a></td></tr><tr role="row" class="even"><td tabindex="0"><i class="fa fa-thumbs-up"></i><i class="fa fa-thumbs-up"></i></td><td class=" not_printable"><div class="addToGL" data-soscuisine-aisle="5" data-soscuisine-sip="3938409"><i class="fa fa-cart-plus" title="Add to My Grocery List"></i><div></div></div></td><td><img class="storeItemImage" alt="cheese, Cheddar, aged" src="/media/images/store_item/blank.jpg"></td><td>cheese, Cheddar, aged</td><td class="not_printable sorting_1">dairy products &amp; eggs</td><td><img style="width:50%;" src="/media/images/logos/marchands/7.png" alt="Intermarché (Saveurs intl.)"></td><td><span itemprop="price">$3.99</span><span itemprop="eligibleQuantity" itemscope="" itemtype="http://schema.org/QuantitativeValue">/<span itemprop="unitText">200g</span></span></td><td>$2.00/100g</td><td style="display: none;">2020-02-26</td><td style="display: none;"></td><td style="display: none;">Castello</td><td style="display: none;"></td><td style="display: none;"></td><td style="display: none;"></td><td style="display: none;"></td><td style="display: none;">Tickler</td><td style="display: none;"><a class="recipeLink" href="/recipe_ingredient_search_results.php?query=(_QU5E__1__________155__[]_1_1)">Recipes with cheese, Cheddar, aged</a></td></tr><tr role="row" class="odd"><td tabindex="0"><i class="fa fa-thumbs-down"></i></td><td class=" not_printable"><div class="addToGL" data-soscuisine-aisle="5" data-soscuisine-sip="3938419"><i class="fa fa-cart-plus" title="Add to My Grocery List"></i><div></div></div></td><td><img class="storeItemImage" alt="cheese, Cheddar, aged" src="/media/images/store_item/blank.jpg"></td><td>cheese, Cheddar, aged</td><td class="not_printable sorting_1">dairy products &amp; eggs</td><td><img style="width:50%;" src="/media/images/logos/marchands/7.png" alt="Intermarché (Saveurs intl.)"></td><td><span itemprop="price">$5.99</span><span itemprop="eligibleQuantity" itemscope="" itemtype="http://schema.org/QuantitativeValue">/<span itemprop="unitText">6oz (171g)</span></span></td><td>$3.50/100g</td><td style="display: none;">2020-02-26</td><td style="display: none;">Quebec</td><td style="display: none;">Perron</td><td style="display: none;"></td><td style="display: none;"></td><td style="display: none;"></td><td style="display: none;"></td><td style="display: none;"></td><td style="display: none;"><a class="recipeLink" href="/recipe_ingredient_search_results.php?query=(_QU5E__1__________155__[]_1_1)">Recipes with cheese, Cheddar, aged</a></td></tr><tr role="row" class="even"><td tabindex="0"><i class="fas fa-hand-rock"></i></td><td class=" not_printable"><div class="addToGL" data-soscuisine-aisle="5" data-soscuisine-sip="3939171"><i class="fa fa-cart-plus" title="Add to My Grocery List"></i><div></div></div></td><td><img class="storeItemImage" alt="cheese, Cheddar, aged" src="/media/images/store_item/blank.jpg"></td><td>cheese, Cheddar, aged</td><td class="not_printable sorting_1">dairy products &amp; eggs</td><td><img style="width:50%;" src="/media/images/logos/marchands/63.png" alt="Marché Adonis"></td><td><span itemprop="price">$5.99</span><span itemprop="eligibleQuantity" itemscope="" itemtype="http://schema.org/QuantitativeValue">/<span itemprop="unitText">200g</span></span></td><td>$2.99/100g</td><td style="display: none;">2020-02-26</td><td style="display: none;"></td><td style="display: none;">Agropur</td><td style="display: none;"></td><td style="display: none;"></td><td style="display: none;">aged 5 years</td><td style="display: none;"></td><td style="display: none;"></td><td style="display: none;"><a class="recipeLink" href="/recipe_ingredient_search_results.php?query=(_QU5E__1__________155__[]_1_1)">Recipes with cheese, Cheddar, aged</a></td></tr><tr role="row" class="odd"><td tabindex="0"><i class="fas fa-hand-rock"></i></td><td class=" not_printable"><div class="addToGL" data-soscuisine-aisle="5" data-soscuisine-sip="3938253"><i class="fa fa-cart-plus" title="Add to My Grocery List"></i><div></div></div></td><td><img class="storeItemImage" alt="cheese, Cheddar, aged" src="/media/images/store_item/blank.jpg"></td><td>cheese, Cheddar, aged</td><td class="not_printable sorting_1">dairy products &amp; eggs</td><td><img style="width:50%;" src="/media/images/logos/marchands/2.png" alt="Provigo"></td><td><span itemprop="price">$2.99</span><span itemprop="eligibleQuantity" itemscope="" itemtype="http://schema.org/QuantitativeValue">/<span itemprop="unitText">100g</span></span></td><td>$2.99/100g</td><td style="display: none;">2020-02-26</td><td style="display: none;">Quebec</td><td style="display: none;">Perron</td><td style="display: none;"></td><td style="display: none;"></td><td style="display: none;">aged 1 year</td><td style="display: none;"></td><td style="display: none;"></td><td style="display: none;"><a class="recipeLink" href="/recipe_ingredient_search_results.php?query=(_QU5E__1__________155__[]_1_1)">Recipes with cheese, Cheddar, aged</a></td></tr><tr role="row" class="even"><td tabindex="0"><i class="fa fa-thumbs-down"></i></td><td class=" not_printable"><div class="addToGL" data-soscuisine-aisle="5" data-soscuisine-sip="3939671"><i class="fa fa-cart-plus" title="Add to My Grocery List"></i><div></div></div></td><td><img class="storeItemImage" alt="cheese, cottage" src="/media/images/store_item/blank.jpg"></td><td>cheese, cottage</td><td class="not_printable sorting_1">dairy products &amp; eggs</td><td><img style="width:50%;" src="/media/images/logos/marchands/3.png" alt="IGA"></td><td><span itemprop="price">$3.29</span><span itemprop="eligibleQuantity" itemscope="" itemtype="http://schema.org/QuantitativeValue">/<span itemprop="unitText">500g</span></span></td><td>$0.66/100g</td><td style="display: none;">2020-02-26</td><td style="display: none;"></td><td style="display: none;">Sealtest</td><td style="display: none;"></td><td style="display: none;"></td><td style="display: none;"></td><td style="display: none;"></td><td style="display: none;"></td><td style="display: none;"><a class="recipeLink" href="/recipe_ingredient_search_results.php?query=(_QU5E__1__________426__[]_1_1)">Recipes with cheese, cottage</a></td></tr><tr role="row" class="odd"><td tabindex="0"><i class="fas fa-hand-rock"></i></td><td class=" not_printable"><div class="addToGL" data-soscuisine-aisle="5" data-soscuisine-sip="3937863"><i class="fa fa-cart-plus" title="Add to My Grocery List"></i><div></div></div></td><td><img class="storeItemImage" alt="cheese, cottage" src="/media/images/store_item/blank.jpg"></td><td>cheese, cottage</td><td class="not_printable sorting_1">dairy products &amp; eggs</td><td><img style="width:50%;" src="/media/images/logos/marchands/1.png" alt="Metro"></td><td><span itemprop="price">$3.00</span><span itemprop="eligibleQuantity" itemscope="" itemtype="http://schema.org/QuantitativeValue">/<span itemprop="unitText">500g</span></span></td><td>$0.60/100g</td><td style="display: none;">2020-02-26</td><td style="display: none;"></td><td style="display: none;">Sealtest</td><td style="display: none;"></td><td style="display: none;"></td><td style="display: none;"></td><td style="display: none;"></td><td style="display: none;"></td><td style="display: none;"><a class="recipeLink" href="/recipe_ingredient_search_results.php?query=(_QU5E__1__________426__[]_1_1)">Recipes with cheese, cottage</a></td></tr><tr role="row" class="even"><td tabindex="0"><i class="fas fa-hand-rock"></i></td><td class=" not_printable"><div class="addToGL" data-soscuisine-aisle="5" data-soscuisine-sip="3940729"><i class="fa fa-cart-plus" title="Add to My Grocery List"></i><div></div></div></td><td><img class="storeItemImage" alt="cheese, cottage" src="/media/images/store_item/blank.jpg"></td><td>cheese, cottage</td><td class="not_printable sorting_1">dairy products &amp; eggs</td><td><img style="width:50%;" src="/media/images/logos/marchands/5.png" alt="Super C"></td><td><span itemprop="price">$2.99</span><span itemprop="eligibleQuantity" itemscope="" itemtype="http://schema.org/QuantitativeValue">/<span itemprop="unitText">500g</span></span></td><td>$0.60/100g</td><td style="display: none;">2020-02-26</td><td style="display: none;"></td><td style="display: none;">house brand</td><td style="display: none;"></td><td style="display: none;"></td><td style="display: none;"></td><td style="display: none;"></td><td style="display: none;"></td><td style="display: none;"><a class="recipeLink" href="/recipe_ingredient_search_results.php?query=(_QU5E__1__________426__[]_1_1)">Recipes with cheese, cottage</a></td></tr><tr role="row" class="odd"><td tabindex="0"><i class="fas fa-hand-rock"></i></td><td class=" not_printable"><div class="addToGL" data-soscuisine-aisle="5" data-soscuisine-sip="3939551"><i class="fa fa-cart-plus" title="Add to My Grocery List"></i><div></div></div></td><td><img class="storeItemImage" alt="cheese, cream cheese" src="/media/images/store_item/blank.jpg"></td><td>cheese, cream cheese</td><td class="not_printable sorting_1">dairy products &amp; eggs</td><td><img style="width:50%;" src="/media/images/logos/marchands/10.png" alt="Bonichoix"></td><td><span itemprop="price">$2.99</span><span itemprop="eligibleQuantity" itemscope="" itemtype="http://schema.org/QuantitativeValue">/<span itemprop="unitText">250g</span></span></td><td>$1.20/100g</td><td style="display: none;">2020-02-26</td><td style="display: none;"></td><td style="display: none;">Philadelphia</td><td style="display: none;"></td><td style="display: none;"></td><td style="display: none;"></td><td style="display: none;"></td><td style="display: none;"></td><td style="display: none;"><a class="recipeLink" href="/recipe_ingredient_search_results.php?query=(_QU5E__1__________306__[]_1_1)">Recipes with cheese, cream cheese</a></td></tr><tr role="row" class="even"><td tabindex="0"><i class="fa fa-thumbs-up"></i></td><td class=" not_printable"><div class="addToGL" data-soscuisine-aisle="5" data-soscuisine-sip="3938957"><i class="fa fa-cart-plus" title="Add to My Grocery List"></i><div></div></div></td><td><img class="storeItemImage" alt="cheese, cream cheese" src="/media/images/store_item/blank.jpg"></td><td>cheese, cream cheese</td><td class="not_printable sorting_1">dairy products &amp; eggs</td><td><img style="width:50%;" src="/media/images/logos/marchands/3.png" alt="IGA"></td><td><span itemprop="price">$3.99</span><span itemprop="eligibleQuantity" itemscope="" itemtype="http://schema.org/QuantitativeValue">/<span itemprop="unitText">12oz (340g)</span></span></td><td>$1.17/100g</td><td style="display: none;">2020-02-26</td><td style="display: none;"></td><td style="display: none;">Philadelphia</td><td style="display: none;"></td><td style="display: none;"></td><td style="display: none;"></td><td style="display: none;"></td><td style="display: none;"></td><td style="display: none;"><a class="recipeLink" href="/recipe_ingredient_search_results.php?query=(_QU5E__1__________306__[]_1_1)">Recipes with cheese, cream cheese</a></td></tr><tr role="row" class="odd"><td tabindex="0"><i class="fa fa-thumbs-up"></i><i class="fa fa-thumbs-up"></i></td><td class=" not_printable"><div class="addToGL" data-soscuisine-aisle="5" data-soscuisine-sip="3937579"><i class="fa fa-cart-plus" title="Add to My Grocery List"></i><div></div></div></td><td><img class="storeItemImage" alt="cheese, cream cheese" src="/media/images/store_item/blank.jpg"></td><td>cheese, cream cheese</td><td class="not_printable sorting_1">dairy products &amp; eggs</td><td><img style="width:50%;" src="/media/images/logos/marchands/6.png" alt="Maxi"></td><td><span itemprop="price">$2.00</span><span itemprop="eligibleQuantity" itemscope="" itemtype="http://schema.org/QuantitativeValue">/<span itemprop="unitText">250g</span></span></td><td>$0.80/100g</td><td style="display: none;">2020-02-26</td><td style="display: none;"></td><td style="display: none;">house brand</td><td style="display: none;"></td><td style="display: none;"></td><td style="display: none;"></td><td style="display: none;"></td><td style="display: none;"></td><td style="display: none;"><a class="recipeLink" href="/recipe_ingredient_search_results.php?query=(_QU5E__1__________306__[]_1_1)">Recipes with cheese, cream cheese</a></td></tr><tr role="row" class="even"><td tabindex="0"><i class="fa fa-thumbs-down"></i></td><td class=" not_printable"><div class="addToGL" data-soscuisine-aisle="5" data-soscuisine-sip="3937801"><i class="fa fa-cart-plus" title="Add to My Grocery List"></i><div></div></div></td><td><img class="storeItemImage" alt="cheese, cream cheese" src="/media/images/store_item/blank.jpg"></td><td>cheese, cream cheese</td><td class="not_printable sorting_1">dairy products &amp; eggs</td><td><img style="width:50%;" src="/media/images/logos/marchands/1.png" alt="Metro"></td><td><span itemprop="price">$4.99</span><span itemprop="eligibleQuantity" itemscope="" itemtype="http://schema.org/QuantitativeValue">/<span itemprop="unitText">12oz (340g)</span></span></td><td>$1.47/100g</td><td style="display: none;">2020-02-26</td><td style="display: none;"></td><td style="display: none;">Philadelphia</td><td style="display: none;"></td><td style="display: none;"></td><td style="display: none;"></td><td style="display: none;"></td><td style="display: none;"></td><td style="display: none;"><a class="recipeLink" href="/recipe_ingredient_search_results.php?query=(_QU5E__1__________306__[]_1_1)">Recipes with cheese, cream cheese</a></td></tr><tr role="row" class="odd"><td tabindex="0"><i class="fa fa-thumbs-up"></i><i class="fa fa-thumbs-up"></i></td><td class=" not_printable"><div class="addToGL" data-soscuisine-aisle="5" data-soscuisine-sip="3938091"><i class="fa fa-cart-plus" title="Add to My Grocery List"></i><div></div></div></td><td><img class="storeItemImage" alt="cheese, cream cheese" src="/media/images/store_item/blank.jpg"></td><td>cheese, cream cheese</td><td class="not_printable sorting_1">dairy products &amp; eggs</td><td><img style="width:50%;" src="/media/images/logos/marchands/2.png" alt="Provigo"></td><td><span itemprop="price">$2.99</span><span itemprop="eligibleQuantity" itemscope="" itemtype="http://schema.org/QuantitativeValue">/<span itemprop="unitText">12oz (340g)</span></span></td><td>$0.88/100g</td><td style="display: none;">2020-02-26</td><td style="display: none;"></td><td style="display: none;">Philadelphia</td><td style="display: none;"></td><td style="display: none;"></td><td style="display: none;"></td><td style="display: none;"></td><td style="display: none;"></td><td style="display: none;"><a class="recipeLink" href="/recipe_ingredient_search_results.php?query=(_QU5E__1__________306__[]_1_1)">Recipes with cheese, cream cheese</a></td></tr><tr role="row" class="even"><td tabindex="0"><i class="fa fa-thumbs-down"></i></td><td class=" not_printable"><div class="addToGL" data-soscuisine-aisle="5" data-soscuisine-sip="3940837"><i class="fa fa-cart-plus" title="Add to My Grocery List"></i><div></div></div></td><td><img class="storeItemImage" alt="cheese, cream cheese" src="/media/images/store_item/blank.jpg"></td><td>cheese, cream cheese</td><td class="not_printable sorting_1">dairy products &amp; eggs</td><td><img style="width:50%;" src="/media/images/logos/marchands/11.png" alt="Tradition"></td><td><span itemprop="price">$3.99</span><span itemprop="eligibleQuantity" itemscope="" itemtype="http://schema.org/QuantitativeValue">/<span itemprop="unitText">250g</span></span></td><td>$1.60/100g</td><td style="display: none;">2020-02-26</td><td style="display: none;"></td><td style="display: none;">Philadelphia</td><td style="display: none;"></td><td style="display: none;"></td><td style="display: none;"></td><td style="display: none;"></td><td style="display: none;"></td><td style="display: none;"><a class="recipeLink" href="/recipe_ingredient_search_results.php?query=(_QU5E__1__________306__[]_1_1)">Recipes with cheese, cream cheese</a></td></tr><tr role="row" class="odd"><td tabindex="0"><i class="fas fa-hand-rock"></i></td><td class=" not_printable"><div class="addToGL" data-soscuisine-aisle="5" data-soscuisine-sip="3937611"><i class="fa fa-cart-plus" title="Add to My Grocery List"></i><div></div></div></td><td><img class="storeItemImage" alt="cheese, Emmenthal" src="/media/images/store_item/blank.jpg"></td><td>cheese, Emmenthal</td><td class="not_printable sorting_1">dairy products &amp; eggs</td><td><img style="width:50%;" src="/media/images/logos/marchands/1.png" alt="Metro"></td><td><span itemprop="price">$1.99</span><span itemprop="eligibleQuantity" itemscope="" itemtype="http://schema.org/QuantitativeValue">/<span itemprop="unitText">100g</span></span></td><td>$1.99/100g</td><td style="display: none;">2020-02-26</td><td style="display: none;"></td><td style="display: none;"></td><td style="display: none;"></td><td style="display: none;"></td><td style="display: none;"></td><td style="display: none;"></td><td style="display: none;">Emborg, minimum 400g</td><td style="display: none;"><a class="recipeLink" href="/recipe_ingredient_search_results.php?query=(_QU5E__1__________553__[]_1_1)">Recipes with cheese, Emmenthal</a></td></tr><tr role="row" class="even"><td tabindex="0"><i class="fas fa-hand-rock"></i></td><td class=" not_printable"><div class="addToGL" data-soscuisine-aisle="5" data-soscuisine-sip="3939419"><i class="fa fa-cart-plus" title="Add to My Grocery List"></i><div></div></div></td><td><img class="storeItemImage" alt="cheese, feta" src="/media/images/store_item/blank.jpg"></td><td>cheese, feta</td><td class="not_printable sorting_1">dairy products &amp; eggs</td><td><img style="width:50%;" src="/media/images/logos/marchands/3.png" alt="IGA"></td><td><span itemprop="price">$7.99</span><span itemprop="eligibleQuantity" itemscope="" itemtype="http://schema.org/QuantitativeValue">/<span itemprop="unitText">400g</span></span></td><td>$2.00/100g</td><td style="display: none;">2020-02-26</td><td style="display: none;"></td><td style="display: none;">house brand</td><td style="display: none;"></td><td style="display: none;"></td><td style="display: none;"></td><td style="display: none;"></td><td style="display: none;"></td><td style="display: none;"><a class="recipeLink" href="/recipe_ingredient_search_results.php?query=(_QU5E__1__________150__[]_1_1)">Recipes with cheese, feta</a></td></tr><tr role="row" class="odd"><td tabindex="0"><i class="fa fa-thumbs-up"></i></td><td class=" not_printable"><div class="addToGL" data-soscuisine-aisle="5" data-soscuisine-sip="3938417"><i class="fa fa-cart-plus" title="Add to My Grocery List"></i><div></div></div></td><td><img class="storeItemImage" alt="cheese, feta" src="/media/images/store_item/blank.jpg"></td><td>cheese, feta</td><td class="not_printable sorting_1">dairy products &amp; eggs</td><td><img style="width:50%;" src="/media/images/logos/marchands/7.png" alt="Intermarché (Saveurs intl.)"></td><td><span itemprop="price">$2.99</span><span itemprop="eligibleQuantity" itemscope="" itemtype="http://schema.org/QuantitativeValue">/<span itemprop="unitText">200g</span></span></td><td>$1.50/100g</td><td style="display: none;">2020-02-26</td><td style="display: none;"></td><td style="display: none;">Saputo</td><td style="display: none;"></td><td style="display: none;"></td><td style="display: none;"></td><td style="display: none;"></td><td style="display: none;"></td><td style="display: none;"><a class="recipeLink" href="/recipe_ingredient_search_results.php?query=(_QU5E__1__________150__[]_1_1)">Recipes with cheese, feta</a></td></tr><tr role="row" class="even"><td tabindex="0"><i class="fas fa-hand-rock"></i></td><td class=" not_printable"><div class="addToGL" data-soscuisine-aisle="5" data-soscuisine-sip="3939109"><i class="fa fa-cart-plus" title="Add to My Grocery List"></i><div></div></div></td><td><img class="storeItemImage" alt="cheese, feta" src="/media/images/store_item/blank.jpg"></td><td>cheese, feta</td><td class="not_printable sorting_1">dairy products &amp; eggs</td><td><img style="width:50%;" src="/media/images/logos/marchands/63.png" alt="Marché Adonis"></td><td><span itemprop="price">$7.00</span><span itemprop="eligibleQuantity" itemscope="" itemtype="http://schema.org/QuantitativeValue">/<span itemprop="value">2</span>x<span itemprop="unitText">200g</span></span></td><td>$1.75/100g</td><td style="display: none;">2020-02-26</td><td style="display: none;"></td><td style="display: none;">Tre Stelle</td><td style="display: none;"></td><td style="display: none;">regular, light</td><td style="display: none;"></td><td style="display: none;"></td><td style="display: none;"></td><td style="display: none;"><a class="recipeLink" href="/recipe_ingredient_search_results.php?query=(_QU5E__1__________150__[]_1_1)">Recipes with cheese, feta</a></td></tr><tr role="row" class="odd"><td tabindex="0"><i class="fa fa-thumbs-up"></i></td><td class=" not_printable"><div class="addToGL" data-soscuisine-aisle="5" data-soscuisine-sip="3939029"><i class="fa fa-cart-plus" title="Add to My Grocery List"></i><div></div></div></td><td><img class="storeItemImage" alt="cheese, feta" src="/media/images/store_item/blank.jpg"></td><td>cheese, feta</td><td class="not_printable sorting_1">dairy products &amp; eggs</td><td><img style="width:50%;" src="/media/images/logos/marchands/64.png" alt="Mourelatos"></td><td><span itemprop="price">$6.99</span><span itemprop="eligibleQuantity" itemscope="" itemtype="http://schema.org/QuantitativeValue">/<span itemprop="unitText">lb</span></span></td><td>$1.54/100g</td><td style="display: none;">2020-02-26</td><td style="display: none;">Greece</td><td style="display: none;">Greek Diamond</td><td style="display: none;"></td><td style="display: none;"></td><td style="display: none;"></td><td style="display: none;"></td><td style="display: none;">valid on 19 &amp; from 24 to 26 only</td><td style="display: none;"><a class="recipeLink" href="/recipe_ingredient_search_results.php?query=(_QU5E__1__________150__[]_1_1)">Recipes with cheese, feta</a></td></tr><tr role="row" class="even"><td tabindex="0"><i class="fa fa-thumbs-down"></i></td><td class=" not_printable"><div class="addToGL" data-soscuisine-aisle="5" data-soscuisine-sip="3938817"><i class="fa fa-cart-plus" title="Add to My Grocery List"></i><div></div></div></td><td><img class="storeItemImage" alt="cheese, feta" src="/media/images/store_item/blank.jpg"></td><td>cheese, feta</td><td class="not_printable sorting_1">dairy products &amp; eggs</td><td><img style="width:50%;" src="/media/images/logos/marchands/93.png" alt="Rachelle Béry"></td><td><span itemprop="price">$5.99</span><span itemprop="eligibleQuantity" itemscope="" itemtype="http://schema.org/QuantitativeValue">/<span itemprop="unitText">200g</span></span></td><td>$2.99/100g</td><td style="display: none;">2020-03-04</td><td style="display: none;"></td><td style="display: none;">Roussas</td><td style="display: none;"></td><td style="display: none;"></td><td style="display: none;"></td><td style="display: none;"></td><td style="display: none;"></td><td style="display: none;"><a class="recipeLink" href="/recipe_ingredient_search_results.php?query=(_QU5E__1__________150__[]_1_1)">Recipes with cheese, feta</a></td></tr><tr role="row" class="odd"><td tabindex="0"><i class="fa fa-thumbs-down"></i></td><td class=" not_printable"><div class="addToGL" data-soscuisine-aisle="5" data-soscuisine-sip="3938677"><i class="fa fa-cart-plus" title="Add to My Grocery List"></i><div></div></div></td><td><img class="storeItemImage" alt="cheese, goat cheese" src="/media/images/store_item/blank.jpg"></td><td>cheese, goat cheese</td><td class="not_printable sorting_1">dairy products &amp; eggs</td><td><img style="width:50%;" src="/media/images/logos/marchands/69.png" alt="Intermarche (Provincial)"></td><td><span itemprop="price">$5.99</span><span itemprop="eligibleQuantity" itemscope="" itemtype="http://schema.org/QuantitativeValue">/125g</span></td><td>$4.79/100g</td><td style="display: none;">2020-02-26</td><td style="display: none;"></td><td style="display: none;">Alexis de Portneuf</td><td style="display: none;"></td><td style="display: none;"></td><td style="display: none;"></td><td style="display: none;"></td><td style="display: none;"></td><td style="display: none;"><a class="recipeLink" href="/recipe_ingredient_search_results.php?query=(_QU5E__1__________156__[]_1_1)">Recipes with cheese, goat cheese</a></td></tr><tr role="row" class="even"><td tabindex="0"><i class="fa fa-thumbs-up"></i><i class="fa fa-thumbs-up"></i></td><td class=" not_printable"><div class="addToGL" data-soscuisine-aisle="5" data-soscuisine-sip="3938399"><i class="fa fa-cart-plus" title="Add to My Grocery List"></i><div></div></div></td><td><img class="storeItemImage" alt="cheese, goat cheese" src="/media/images/store_item/blank.jpg"></td><td>cheese, goat cheese</td><td class="not_printable sorting_1">dairy products &amp; eggs</td><td><img style="width:50%;" src="/media/images/logos/marchands/7.png" alt="Intermarché (Saveurs intl.)"></td><td><span itemprop="price">$5.99</span><span itemprop="eligibleQuantity" itemscope="" itemtype="http://schema.org/QuantitativeValue">/<span itemprop="unitText">300g</span></span></td><td>$2.00/100g</td><td style="display: none;">2020-02-26</td><td style="display: none;"></td><td style="display: none;">Chevrai</td><td style="display: none;"></td><td style="display: none;"></td><td style="display: none;"></td><td style="display: none;"></td><td style="display: none;"></td><td style="display: none;"><a class="recipeLink" href="/recipe_ingredient_search_results.php?query=(_QU5E__1__________156__[]_1_1)">Recipes with cheese, goat cheese</a></td></tr><tr role="row" class="odd"><td tabindex="0"><i class="fa fa-thumbs-down"></i></td><td class=" not_printable"><div class="addToGL" data-soscuisine-aisle="5" data-soscuisine-sip="3938401"><i class="fa fa-cart-plus" title="Add to My Grocery List"></i><div></div></div></td><td><img class="storeItemImage" alt="cheese, goat cheese" src="/media/images/store_item/blank.jpg"></td><td>cheese, goat cheese</td><td class="not_printable sorting_1">dairy products &amp; eggs</td><td><img style="width:50%;" src="/media/images/logos/marchands/7.png" alt="Intermarché (Saveurs intl.)"></td><td><span itemprop="price">$5.99</span><span itemprop="eligibleQuantity" itemscope="" itemtype="http://schema.org/QuantitativeValue">/125g</span></td><td>$4.79/100g</td><td style="display: none;">2020-02-26</td><td style="display: none;"></td><td style="display: none;">Alexis de Portneuf</td><td style="display: none;"></td><td style="display: none;"></td><td style="display: none;"></td><td style="display: none;"></td><td style="display: none;"></td><td style="display: none;"><a class="recipeLink" href="/recipe_ingredient_search_results.php?query=(_QU5E__1__________156__[]_1_1)">Recipes with cheese, goat cheese</a></td></tr><tr role="row" class="even"><td tabindex="0"><i class="fa fa-thumbs-down"></i></td><td class=" not_printable"><div class="addToGL" data-soscuisine-aisle="5" data-soscuisine-sip="3942097"><i class="fa fa-cart-plus" title="Add to My Grocery List"></i><div></div></div></td><td><img class="storeItemImage" alt="cheese, goat cheese" src="/media/images/store_item/blank.jpg"></td><td>cheese, goat cheese</td><td class="not_printable sorting_1">dairy products &amp; eggs</td><td><img style="width:50%;" src="/media/images/logos/marchands/13.png" alt="Jardin Mobile"></td><td><span itemprop="price">$12.00</span><span itemprop="eligibleQuantity" itemscope="" itemtype="http://schema.org/QuantitativeValue">/<span itemprop="value">2</span>x<span itemprop="unitText">5.3oz (150g)</span></span></td><td>$4.00/100g</td><td style="display: none;">2020-02-26</td><td style="display: none;"></td><td style="display: none;">Chavroux</td><td style="display: none;"></td><td style="display: none;"></td><td style="display: none;"></td><td style="display: none;"></td><td style="display: none;"></td><td style="display: none;"><a class="recipeLink" href="/recipe_ingredient_search_results.php?query=(_QU5E__1__________156__[]_1_1)">Recipes with cheese, goat cheese</a></td></tr><tr role="row" class="odd"><td tabindex="0"><i class="fa fa-thumbs-down"></i></td><td class=" not_printable"><div class="addToGL" data-soscuisine-aisle="5" data-soscuisine-sip="3935951"><i class="fa fa-cart-plus" title="Add to My Grocery List"></i><div></div></div></td><td><img class="storeItemImage" alt="cheese, goat cheese" src="/media/images/store_item/blank.jpg"></td><td>cheese, goat cheese</td><td class="not_printable sorting_1">dairy products &amp; eggs</td><td><img style="width:50%;" src="/media/images/logos/marchands/62.png" alt="Supermarché PA"></td><td><span itemprop="price">$4.99</span><span itemprop="eligibleQuantity" itemscope="" itemtype="http://schema.org/QuantitativeValue">/125g</span></td><td>$3.99/100g</td><td style="display: none;">2020-02-23</td><td style="display: none;"></td><td style="display: none;">Alexis de Portneuf</td><td style="display: none;"></td><td style="display: none;"></td><td style="display: none;"></td><td style="display: none;"></td><td style="display: none;"></td><td style="display: none;"><a class="recipeLink" href="/recipe_ingredient_search_results.php?query=(_QU5E__1__________156__[]_1_1)">Recipes with cheese, goat cheese</a></td></tr><tr role="row" class="even"><td tabindex="0"><i class="fa fa-thumbs-down"></i></td><td class=" not_printable"><div class="addToGL" data-soscuisine-aisle="5" data-soscuisine-sip="3940639"><i class="fa fa-cart-plus" title="Add to My Grocery List"></i><div></div></div></td><td><img class="storeItemImage" alt="cheese, goat cheese" src="/media/images/store_item/blank.jpg"></td><td>cheese, goat cheese</td><td class="not_printable sorting_1">dairy products &amp; eggs</td><td><img style="width:50%;" src="/media/images/logos/marchands/11.png" alt="Tradition"></td><td><span itemprop="price">$6.99</span><span itemprop="eligibleQuantity" itemscope="" itemtype="http://schema.org/QuantitativeValue">/125g</span></td><td>$5.59/100g</td><td style="display: none;">2020-02-26</td><td style="display: none;"></td><td style="display: none;">Alexis de Portneuf</td><td style="display: none;"></td><td style="display: none;"></td><td style="display: none;"></td><td style="display: none;"></td><td style="display: none;"></td><td style="display: none;"><a class="recipeLink" href="/recipe_ingredient_search_results.php?query=(_QU5E__1__________156__[]_1_1)">Recipes with cheese, goat cheese</a></td></tr><tr role="row" class="odd"><td tabindex="0"><i class="fas fa-hand-rock"></i></td><td class=" not_printable"><div class="addToGL" data-soscuisine-aisle="5" data-soscuisine-sip="3942111"><i class="fa fa-cart-plus" title="Add to My Grocery List"></i><div></div></div></td><td><img class="storeItemImage" alt="cheese, gouda" src="/media/images/store_item/blank.jpg"></td><td>cheese, gouda</td><td class="not_printable sorting_1">dairy products &amp; eggs</td><td><img style="width:50%;" src="/media/images/logos/marchands/13.png" alt="Jardin Mobile"></td><td><span itemprop="price">$9.00</span><span itemprop="eligibleQuantity" itemscope="" itemtype="http://schema.org/QuantitativeValue">/<span itemprop="value">2</span>x<span itemprop="unitText">6oz (171g)</span></span></td><td>$2.63/100g</td><td style="display: none;">2020-02-26</td><td style="display: none;"></td><td style="display: none;">Anco</td><td style="display: none;"></td><td style="display: none;"></td><td style="display: none;"></td><td style="display: none;"></td><td style="display: none;"></td><td style="display: none;"></td></tr><tr role="row" class="even"><td tabindex="0"><i class="fa fa-thumbs-down"></i></td><td class=" not_printable"><div class="addToGL" data-soscuisine-aisle="5" data-soscuisine-sip="3939435"><i class="fa fa-cart-plus" title="Add to My Grocery List"></i><div></div></div></td><td><img class="storeItemImage" alt="cheese, Gruyère" src="/media/images/store_item/blank.jpg"></td><td>cheese, Gruyère</td><td class="not_printable sorting_1">dairy products &amp; eggs</td><td><img style="width:50%;" src="/media/images/logos/marchands/3.png" alt="IGA"></td><td><span itemprop="price">$7.99</span><span itemprop="eligibleQuantity" itemscope="" itemtype="http://schema.org/QuantitativeValue">/<span itemprop="unitText">195g</span></span></td><td>$4.10/100g</td><td style="display: none;">2020-02-26</td><td style="display: none;"></td><td style="display: none;"></td><td style="display: none;"></td><td style="display: none;"></td><td style="display: none;"></td><td style="display: none;"></td><td style="display: none;">Le Superbe</td><td style="display: none;"><a class="recipeLink" href="/recipe_ingredient_search_results.php?query=(_QU5E__1__________520__[]_1_1)">Recipes with cheese, Gruyère</a></td></tr><tr role="row" class="odd"><td tabindex="0"><i class="fa fa-thumbs-down"></i></td><td class=" not_printable"><div class="addToGL" data-soscuisine-aisle="5" data-soscuisine-sip="3939125"><i class="fa fa-cart-plus" title="Add to My Grocery List"></i><div></div></div></td><td><img class="storeItemImage" alt="cheese, Gruyère" src="/media/images/store_item/blank.jpg"></td><td>cheese, Gruyère</td><td class="not_printable sorting_1">dairy products &amp; eggs</td><td><img style="width:50%;" src="/media/images/logos/marchands/63.png" alt="Marché Adonis"></td><td><span itemprop="price">$14.99</span><span itemprop="eligibleQuantity" itemscope="" itemtype="http://schema.org/QuantitativeValue">/<span itemprop="unitText">lb</span></span></td><td>$3.30/100g</td><td style="display: none;">2020-02-26</td><td style="display: none;">Switzerland</td><td style="display: none;"></td><td style="display: none;"></td><td style="display: none;"></td><td style="display: none;"></td><td style="display: none;"></td><td style="display: none;"></td><td style="display: none;"><a class="recipeLink" href="/recipe_ingredient_search_results.php?query=(_QU5E__1__________520__[]_1_1)">Recipes with cheese, Gruyère</a></td></tr><tr role="row" class="even"><td tabindex="0"><i class="fa fa-thumbs-up"></i><i class="fa fa-thumbs-up"></i></td><td class=" not_printable"><div class="addToGL" data-soscuisine-aisle="5" data-soscuisine-sip="3939661"><i class="fa fa-cart-plus" title="Add to My Grocery List"></i><div></div></div></td><td><img class="storeItemImage" alt="cheese, lactose-free" src="/media/images/store_item/blank.jpg"></td><td>cheese, lactose-free</td><td class="not_printable sorting_1">dairy products &amp; eggs</td><td><img style="width:50%;" src="/media/images/logos/marchands/10.png" alt="Bonichoix"></td><td><span itemprop="price">$4.99</span><span itemprop="eligibleQuantity" itemscope="" itemtype="http://schema.org/QuantitativeValue">/<span itemprop="unitText">270g</span></span></td><td>$1.85/100g</td><td style="display: none;">2020-02-26</td><td style="display: none;"></td><td style="display: none;">Allegro</td><td style="display: none;"></td><td style="display: none;"></td><td style="display: none;"></td><td style="display: none;"></td><td style="display: none;"></td><td style="display: none;"><a class="recipeLink" href="/recipe_ingredient_search_results.php?query=(_QU5E__1__________1001__[]_1_1)">Recipes with cheese, lactose-free</a></td></tr><tr role="row" class="odd"><td tabindex="0"><i class="fa fa-thumbs-up"></i><i class="fa fa-thumbs-up"></i></td><td class=" not_printable"><div class="addToGL" data-soscuisine-aisle="5" data-soscuisine-sip="3939653"><i class="fa fa-cart-plus" title="Add to My Grocery List"></i><div></div></div></td><td><img class="storeItemImage" alt="cheese, lactose-free" src="/media/images/store_item/blank.jpg"></td><td>cheese, lactose-free</td><td class="not_printable sorting_1">dairy products &amp; eggs</td><td><img style="width:50%;" src="/media/images/logos/marchands/3.png" alt="IGA"></td><td><span itemprop="price">$4.99</span><span itemprop="eligibleQuantity" itemscope="" itemtype="http://schema.org/QuantitativeValue">/<span itemprop="unitText">270g</span></span></td><td>$1.85/100g</td><td style="display: none;">2020-02-26</td><td style="display: none;"></td><td style="display: none;">Allegro</td><td style="display: none;"></td><td style="display: none;"></td><td style="display: none;"></td><td style="display: none;"></td><td style="display: none;"></td><td style="display: none;"><a class="recipeLink" href="/recipe_ingredient_search_results.php?query=(_QU5E__1__________1001__[]_1_1)">Recipes with cheese, lactose-free</a></td></tr><tr role="row" class="even"><td tabindex="0"><i class="fa fa-thumbs-up"></i><i class="fa fa-thumbs-up"></i></td><td class=" not_printable"><div class="addToGL" data-soscuisine-aisle="5" data-soscuisine-sip="3937789"><i class="fa fa-cart-plus" title="Add to My Grocery List"></i><div></div></div></td><td><img class="storeItemImage" alt="cheese, lactose-free" src="/media/images/store_item/blank.jpg"></td><td>cheese, lactose-free</td><td class="not_printable sorting_1">dairy products &amp; eggs</td><td><img style="width:50%;" src="/media/images/logos/marchands/1.png" alt="Metro"></td><td><span itemprop="price">$4.99</span><span itemprop="eligibleQuantity" itemscope="" itemtype="http://schema.org/QuantitativeValue">/<span itemprop="unitText">270g</span></span></td><td>$1.85/100g</td><td style="display: none;">2020-02-26</td><td style="display: none;">Quebec</td><td style="display: none;">Riviera</td><td style="display: none;"></td><td style="display: none;">Cheddar type</td><td style="display: none;"></td><td style="display: none;"></td><td style="display: none;"></td><td style="display: none;"><a class="recipeLink" href="/recipe_ingredient_search_results.php?query=(_QU5E__1__________1001__[]_1_1)">Recipes with cheese, lactose-free</a></td></tr><tr role="row" class="odd"><td tabindex="0"><i class="fas fa-hand-rock"></i></td><td class=" not_printable"><div class="addToGL" data-soscuisine-aisle="5" data-soscuisine-sip="3940599"><i class="fa fa-cart-plus" title="Add to My Grocery List"></i><div></div></div></td><td><img class="storeItemImage" alt="cheese, Monterey Jack" src="/media/images/store_item/blank.jpg"></td><td>cheese, Monterey Jack</td><td class="not_printable sorting_1">dairy products &amp; eggs</td><td><img style="width:50%;" src="/media/images/logos/marchands/5.png" alt="Super C"></td><td><span itemprop="price">$3.99</span><span itemprop="eligibleQuantity" itemscope="" itemtype="http://schema.org/QuantitativeValue">/<span itemprop="unitText">160g (5,6oz)</span></span></td><td>$24.94/kg</td><td style="display: none;">2020-02-26</td><td style="display: none;"></td><td style="display: none;">house brand</td><td style="display: none;"></td><td style="display: none;"></td><td style="display: none;"></td><td style="display: none;">sliced</td><td style="display: none;"></td><td style="display: none;"><a class="recipeLink" href="/recipe_ingredient_search_results.php?query=(_QU5E__1__________902__[]_1_1)">Recipes with cheese, Monterey Jack</a></td></tr><tr role="row" class="even"><td tabindex="0"><i class="fa fa-thumbs-down"></i></td><td class=" not_printable"><div class="addToGL" data-soscuisine-aisle="5" data-soscuisine-sip="3939569"><i class="fa fa-cart-plus" title="Add to My Grocery List"></i><div></div></div></td><td><img class="storeItemImage" alt="cheese, Oka" src="/media/images/store_item/blank.jpg"></td><td>cheese, Oka</td><td class="not_printable sorting_1">dairy products &amp; eggs</td><td><img style="width:50%;" src="/media/images/logos/marchands/10.png" alt="Bonichoix"></td><td><span itemprop="price">$7.99</span><span itemprop="eligibleQuantity" itemscope="" itemtype="http://schema.org/QuantitativeValue">/<span itemprop="unitText">190g (6,67oz)</span></span></td><td>$4.21/100g</td><td style="display: none;">2020-02-26</td><td style="display: none;"></td><td style="display: none;">Agropur</td><td style="display: none;"></td><td style="display: none;"></td><td style="display: none;"></td><td style="display: none;"></td><td style="display: none;"></td><td style="display: none;"><a class="recipeLink" href="/recipe_ingredient_search_results.php?query=(_QU5E__1__________605__[]_1_1)">Recipes with cheese, Oka</a></td></tr><tr role="row" class="odd"><td tabindex="0"><i class="fas fa-hand-rock"></i></td><td class=" not_printable"><div class="addToGL" data-soscuisine-aisle="5" data-soscuisine-sip="3939437"><i class="fa fa-cart-plus" title="Add to My Grocery List"></i><div></div></div></td><td><img class="storeItemImage" alt="cheese, Oka" src="/media/images/store_item/blank.jpg"></td><td>cheese, Oka</td><td class="not_printable sorting_1">dairy products &amp; eggs</td><td><img style="width:50%;" src="/media/images/logos/marchands/3.png" alt="IGA"></td><td><span itemprop="price">$2.81</span><span itemprop="eligibleQuantity" itemscope="" itemtype="http://schema.org/QuantitativeValue">/<span itemprop="unitText">100g</span></span></td><td>$2.81/100g</td><td style="display: none;">2020-02-26</td><td style="display: none;"></td><td style="display: none;">Agropur</td><td style="display: none;"></td><td style="display: none;"></td><td style="display: none;"></td><td style="display: none;"></td><td style="display: none;">minimum 400g purchase</td><td style="display: none;"><a class="recipeLink" href="/recipe_ingredient_search_results.php?query=(_QU5E__1__________605__[]_1_1)">Recipes with cheese, Oka</a></td></tr><tr role="row" class="even"><td tabindex="0"><i class="fa fa-thumbs-down"></i></td><td class=" not_printable"><div class="addToGL" data-soscuisine-aisle="5" data-soscuisine-sip="3937961"><i class="fa fa-cart-plus" title="Add to My Grocery List"></i><div></div></div></td><td><img class="storeItemImage" alt="cheese, Oka" src="/media/images/store_item/blank.jpg"></td><td>cheese, Oka</td><td class="not_printable sorting_1">dairy products &amp; eggs</td><td><img style="width:50%;" src="/media/images/logos/marchands/1.png" alt="Metro"></td><td><span itemprop="price">$8.09</span><span itemprop="eligibleQuantity" itemscope="" itemtype="http://schema.org/QuantitativeValue">/<span itemprop="unitText">190g (6,67oz)</span></span></td><td>$4.26/100g</td><td style="display: none;">2020-02-26</td><td style="display: none;"></td><td style="display: none;"></td><td style="display: none;"></td><td style="display: none;"></td><td style="display: none;"></td><td style="display: none;"></td><td style="display: none;"></td><td style="display: none;"><a class="recipeLink" href="/recipe_ingredient_search_results.php?query=(_QU5E__1__________605__[]_1_1)">Recipes with cheese, Oka</a></td></tr><tr role="row" class="odd"><td tabindex="0"><i class="fas fa-hand-rock"></i></td><td class=" not_printable"><div class="addToGL" data-soscuisine-aisle="5" data-soscuisine-sip="3940607"><i class="fa fa-cart-plus" title="Add to My Grocery List"></i><div></div></div></td><td><img class="storeItemImage" alt="cheese, Oka" src="/media/images/store_item/blank.jpg"></td><td>cheese, Oka</td><td class="not_printable sorting_1">dairy products &amp; eggs</td><td><img style="width:50%;" src="/media/images/logos/marchands/5.png" alt="Super C"></td><td><span itemprop="price">$6.99</span><span itemprop="eligibleQuantity" itemscope="" itemtype="http://schema.org/QuantitativeValue">/<span itemprop="unitText">190g (6,67oz)</span></span></td><td>$3.68/100g</td><td style="display: none;">2020-02-26</td><td style="display: none;"></td><td style="display: none;">Agropur</td><td style="display: none;"></td><td style="display: none;"></td><td style="display: none;"></td><td style="display: none;"></td><td style="display: none;"></td><td style="display: none;"><a class="recipeLink" href="/recipe_ingredient_search_results.php?query=(_QU5E__1__________605__[]_1_1)">Recipes with cheese, Oka</a></td></tr><tr role="row" class="even"><td tabindex="0"><i class="fa fa-thumbs-down"></i></td><td class=" not_printable"><div class="addToGL" data-soscuisine-aisle="5" data-soscuisine-sip="3940637"><i class="fa fa-cart-plus" title="Add to My Grocery List"></i><div></div></div></td><td><img class="storeItemImage" alt="cheese, Oka" src="/media/images/store_item/blank.jpg"></td><td>cheese, Oka</td><td class="not_printable sorting_1">dairy products &amp; eggs</td><td><img style="width:50%;" src="/media/images/logos/marchands/11.png" alt="Tradition"></td><td><span itemprop="price">$7.99</span><span itemprop="eligibleQuantity" itemscope="" itemtype="http://schema.org/QuantitativeValue">/<span itemprop="unitText">190g (6,67oz)</span></span></td><td>$4.21/100g</td><td style="display: none;">2020-02-26</td><td style="display: none;"></td><td style="display: none;">Agropur</td><td style="display: none;"></td><td style="display: none;"></td><td style="display: none;"></td><td style="display: none;"></td><td style="display: none;"></td><td style="display: none;"><a class="recipeLink" href="/recipe_ingredient_search_results.php?query=(_QU5E__1__________605__[]_1_1)">Recipes with cheese, Oka</a></td></tr><tr role="row" class="odd"><td tabindex="0"><i class="fa fa-thumbs-down"></i></td><td class=" not_printable"><div class="addToGL" data-soscuisine-aisle="5" data-soscuisine-sip="3939175"><i class="fa fa-cart-plus" title="Add to My Grocery List"></i><div></div></div></td><td><img class="storeItemImage" alt="cheese, Parmigiano" src="/media/images/store_item/blank.jpg"></td><td>cheese, Parmigiano</td><td class="not_printable sorting_1">dairy products &amp; eggs</td><td><img style="width:50%;" src="/media/images/logos/marchands/63.png" alt="Marché Adonis"></td><td><span itemprop="price">$5.99</span><span itemprop="eligibleQuantity" itemscope="" itemtype="http://schema.org/QuantitativeValue">/<span itemprop="unitText">6oz (171g)</span></span></td><td>$3.50/100g</td><td style="display: none;">2020-02-26</td><td style="display: none;"></td><td style="display: none;"></td><td style="display: none;"></td><td style="display: none;"></td><td style="display: none;"></td><td style="display: none;"></td><td style="display: none;">Granarolo</td><td style="display: none;"><a class="recipeLink" href="/recipe_ingredient_search_results.php?query=(_QU5E__1__________15__[]_1_1)">Recipes with cheese, Parmigiano</a></td></tr><tr role="row" class="even"><td tabindex="0"><i class="fas fa-hand-rock"></i></td><td class=" not_printable"><div class="addToGL" data-soscuisine-aisle="5" data-soscuisine-sip="3938023"><i class="fa fa-cart-plus" title="Add to My Grocery List"></i><div></div></div></td><td><img class="storeItemImage" alt="cheese, Parmigiano" src="/media/images/store_item/blank.jpg"></td><td>cheese, Parmigiano</td><td class="not_printable sorting_1">dairy products &amp; eggs</td><td><img style="width:50%;" src="/media/images/logos/marchands/2.png" alt="Provigo"></td><td><span itemprop="price">$3.49</span><span itemprop="eligibleQuantity" itemscope="" itemtype="http://schema.org/QuantitativeValue">/<span itemprop="unitText">100g</span></span></td><td>$3.49/100g</td><td style="display: none;">2020-02-26</td><td style="display: none;">Italy</td><td style="display: none;"></td><td style="display: none;"></td><td style="display: none;">Reggiano</td><td style="display: none;"></td><td style="display: none;"></td><td style="display: none;"></td><td style="display: none;"><a class="recipeLink" href="/recipe_ingredient_search_results.php?query=(_QU5E__1__________15__[]_1_1)">Recipes with cheese, Parmigiano</a></td></tr><tr role="row" class="odd"><td tabindex="0"><i class="fa fa-thumbs-up"></i><i class="fa fa-thumbs-up"></i></td><td class=" not_printable"><div class="addToGL" data-soscuisine-aisle="5" data-soscuisine-sip="3935987"><i class="fa fa-cart-plus" title="Add to My Grocery List"></i><div></div></div></td><td><img class="storeItemImage" alt="cheese, Parmigiano" src="/media/images/store_item/blank.jpg"></td><td>cheese, Parmigiano</td><td class="not_printable sorting_1">dairy products &amp; eggs</td><td><img style="width:50%;" src="/media/images/logos/marchands/62.png" alt="Supermarché PA"></td><td><span itemprop="price">$7.99</span><span itemprop="eligibleQuantity" itemscope="" itemtype="http://schema.org/QuantitativeValue">/<span itemprop="unitText">lb</span></span></td><td>$1.76/100g</td><td style="display: none;">2020-02-23</td><td style="display: none;"></td><td style="display: none;"></td><td style="display: none;"></td><td style="display: none;">Padano</td><td style="display: none;"></td><td style="display: none;"></td><td style="display: none;"></td><td style="display: none;"><a class="recipeLink" href="/recipe_ingredient_search_results.php?query=(_QU5E__1__________15__[]_1_1)">Recipes with cheese, Parmigiano</a></td></tr><tr role="row" class="even"><td tabindex="0"><i class="fa fa-thumbs-down"></i></td><td class=" not_printable"><div class="addToGL" data-soscuisine-aisle="5" data-soscuisine-sip="3939567"><i class="fa fa-cart-plus" title="Add to My Grocery List"></i><div></div></div></td><td><img class="storeItemImage" alt="cheese, Provolone" src="/media/images/store_item/blank.jpg"></td><td>cheese, Provolone</td><td class="not_printable sorting_1">dairy products &amp; eggs</td><td><img style="width:50%;" src="/media/images/logos/marchands/10.png" alt="Bonichoix"></td><td><span itemprop="price">$4.99</span><span itemprop="eligibleQuantity" itemscope="" itemtype="http://schema.org/QuantitativeValue">/<span itemprop="unitText">140g</span></span></td><td>$3.56/100g</td><td style="display: none;">2020-02-26</td><td style="display: none;"></td><td style="display: none;">Kingsey</td><td style="display: none;"></td><td style="display: none;"></td><td style="display: none;"></td><td style="display: none;">sliced</td><td style="display: none;"></td><td style="display: none;"></td></tr><tr role="row" class="odd"><td tabindex="0"><i class="fas fa-hand-rock"></i></td><td class=" not_printable"><div class="addToGL" data-soscuisine-aisle="5" data-soscuisine-sip="3938673"><i class="fa fa-cart-plus" title="Add to My Grocery List"></i><div></div></div></td><td><img class="storeItemImage" alt="cheese, Provolone" src="/media/images/store_item/blank.jpg"></td><td>cheese, Provolone</td><td class="not_printable sorting_1">dairy products &amp; eggs</td><td><img style="width:50%;" src="/media/images/logos/marchands/69.png" alt="Intermarche (Provincial)"></td><td><span itemprop="price">$1.99</span><span itemprop="eligibleQuantity" itemscope="" itemtype="http://schema.org/QuantitativeValue">/<span itemprop="unitText">100g</span></span></td><td>$1.99/100g</td><td style="display: none;">2020-02-26</td><td style="display: none;"></td><td style="display: none;">Saputo</td><td style="display: none;"></td><td style="display: none;"></td><td style="display: none;"></td><td style="display: none;"></td><td style="display: none;"></td><td style="display: none;"></td></tr><tr role="row" class="even"><td tabindex="0"><i class="fa fa-thumbs-down"></i></td><td class=" not_printable"><div class="addToGL" data-soscuisine-aisle="5" data-soscuisine-sip="3938411"><i class="fa fa-cart-plus" title="Add to My Grocery List"></i><div></div></div></td><td><img class="storeItemImage" alt="cheese, Provolone" src="/media/images/store_item/blank.jpg"></td><td>cheese, Provolone</td><td class="not_printable sorting_1">dairy products &amp; eggs</td><td><img style="width:50%;" src="/media/images/logos/marchands/7.png" alt="Intermarché (Saveurs intl.)"></td><td><span itemprop="price">$2.99</span><span itemprop="eligibleQuantity" itemscope="" itemtype="http://schema.org/QuantitativeValue">/<span itemprop="unitText">100g</span></span></td><td>$2.99/100g</td><td style="display: none;">2020-02-26</td><td style="display: none;"></td><td style="display: none;"></td><td style="display: none;"></td><td style="display: none;"></td><td style="display: none;"></td><td style="display: none;"></td><td style="display: none;">Auricchio</td><td style="display: none;"></td></tr><tr role="row" class="odd"><td tabindex="0"><i class="fa fa-thumbs-up"></i><i class="fa fa-thumbs-up"></i></td><td class=" not_printable"><div class="addToGL" data-soscuisine-aisle="5" data-soscuisine-sip="3938981"><i class="fa fa-cart-plus" title="Add to My Grocery List"></i><div></div></div></td><td><img class="storeItemImage" alt="cheese, Provolone" src="/media/images/store_item/blank.jpg"></td><td>cheese, Provolone</td><td class="not_printable sorting_1">dairy products &amp; eggs</td><td><img style="width:50%;" src="/media/images/logos/marchands/64.png" alt="Mourelatos"></td><td><span itemprop="price">$7.99</span><span itemprop="eligibleQuantity" itemscope="" itemtype="http://schema.org/QuantitativeValue">/<span itemprop="unitText">lb</span></span></td><td>$1.76/100g</td><td style="display: none;">2020-02-25</td><td style="display: none;"></td><td style="display: none;">Saputo</td><td style="display: none;"></td><td style="display: none;"></td><td style="display: none;"></td><td style="display: none;"></td><td style="display: none;"></td><td style="display: none;"></td></tr><tr role="row" class="even"><td tabindex="0"><i class="fa fa-thumbs-down"></i></td><td class=" not_printable"><div class="addToGL" data-soscuisine-aisle="5" data-soscuisine-sip="3939799"><i class="fa fa-cart-plus" title="Add to My Grocery List"></i><div></div></div></td><td><img class="storeItemImage" alt="cheese, ricotta" src="/media/images/store_item/blank.jpg"></td><td>cheese, ricotta</td><td class="not_printable sorting_1">dairy products &amp; eggs</td><td><img style="width:50%;" src="/media/images/logos/marchands/10.png" alt="Bonichoix"></td><td><span itemprop="price">$4.49</span><span itemprop="eligibleQuantity" itemscope="" itemtype="http://schema.org/QuantitativeValue">/<span itemprop="unitText">300g</span></span></td><td>$1.50/100g</td><td style="display: none;">2020-02-26</td><td style="display: none;"></td><td style="display: none;">Saputo</td><td style="display: none;"></td><td style="display: none;"></td><td style="display: none;"></td><td style="display: none;"></td><td style="display: none;"></td><td style="display: none;"><a class="recipeLink" href="/recipe_ingredient_search_results.php?query=(_QU5E__1__________427__[]_1_1)">Recipes with cheese, ricotta</a></td></tr><tr role="row" class="odd"><td tabindex="0"><i class="fa fa-thumbs-down"></i></td><td class=" not_printable"><div class="addToGL" data-soscuisine-aisle="5" data-soscuisine-sip="3939423"><i class="fa fa-cart-plus" title="Add to My Grocery List"></i><div></div></div></td><td><img class="storeItemImage" alt="cheese, ricotta" src="/media/images/store_item/blank.jpg"></td><td>cheese, ricotta</td><td class="not_printable sorting_1">dairy products &amp; eggs</td><td><img style="width:50%;" src="/media/images/logos/marchands/3.png" alt="IGA"></td><td><span itemprop="price">$9.50</span><span itemprop="eligibleQuantity" itemscope="" itemtype="http://schema.org/QuantitativeValue">/<span itemprop="value">2</span>x<span itemprop="unitText">400g</span></span></td><td>$1.19/100g</td><td style="display: none;">2020-02-26</td><td style="display: none;"></td><td style="display: none;">Saputo</td><td style="display: none;"></td><td style="display: none;"></td><td style="display: none;"></td><td style="display: none;"></td><td style="display: none;"></td><td style="display: none;"><a class="recipeLink" href="/recipe_ingredient_search_results.php?query=(_QU5E__1__________427__[]_1_1)">Recipes with cheese, ricotta</a></td></tr><tr role="row" class="even"><td tabindex="0"><i class="fa fa-thumbs-down"></i></td><td class=" not_printable"><div class="addToGL" data-soscuisine-aisle="5" data-soscuisine-sip="3938257"><i class="fa fa-cart-plus" title="Add to My Grocery List"></i><div></div></div></td><td><img class="storeItemImage" alt="cheese, ricotta" src="/media/images/store_item/blank.jpg"></td><td>cheese, ricotta</td><td class="not_printable sorting_1">dairy products &amp; eggs</td><td><img style="width:50%;" src="/media/images/logos/marchands/2.png" alt="Provigo"></td><td><span itemprop="price">$5.49</span><span itemprop="eligibleQuantity" itemscope="" itemtype="http://schema.org/QuantitativeValue">/<span itemprop="unitText">454g (1lb)</span></span></td><td>$1.21/100g</td><td style="display: none;">2020-02-26</td><td style="display: none;"></td><td style="display: none;">house brand</td><td style="display: none;"></td><td style="display: none;"></td><td style="display: none;"></td><td style="display: none;"></td><td style="display: none;"></td><td style="display: none;"><a class="recipeLink" href="/recipe_ingredient_search_results.php?query=(_QU5E__1__________427__[]_1_1)">Recipes with cheese, ricotta</a></td></tr><tr role="row" class="odd"><td tabindex="0"><i class="fa fa-thumbs-up"></i><i class="fa fa-thumbs-up"></i></td><td class=" not_printable"><div class="addToGL" data-soscuisine-aisle="5" data-soscuisine-sip="3938979"><i class="fa fa-cart-plus" title="Add to My Grocery List"></i><div></div></div></td><td><img class="storeItemImage" alt="cheese, Romano" src="/media/images/store_item/blank.jpg"></td><td>cheese, Romano</td><td class="not_printable sorting_1">dairy products &amp; eggs</td><td><img style="width:50%;" src="/media/images/logos/marchands/64.png" alt="Mourelatos"></td><td><span itemprop="price">$8.99</span><span itemprop="eligibleQuantity" itemscope="" itemtype="http://schema.org/QuantitativeValue">/<span itemprop="unitText">lb</span></span></td><td>$1.98/100g</td><td style="display: none;">2020-02-25</td><td style="display: none;">Italy</td><td style="display: none;"></td><td style="display: none;"></td><td style="display: none;"></td><td style="display: none;"></td><td style="display: none;"></td><td style="display: none;"></td><td style="display: none;"><a class="recipeLink" href="/recipe_ingredient_search_results.php?query=(_QU5E__1__________309__[]_1_1)">Recipes with cheese, Romano</a></td></tr><tr role="row" class="even"><td tabindex="0"><i class="fa fa-thumbs-up"></i><i class="fa fa-thumbs-up"></i></td><td class=" not_printable"><div class="addToGL" data-soscuisine-aisle="5" data-soscuisine-sip="3938959"><i class="fa fa-cart-plus" title="Add to My Grocery List"></i><div></div></div></td><td><img class="storeItemImage" alt="chocolate milk" src="/media/images/store_item/blank.jpg"></td><td>chocolate milk</td><td class="not_printable sorting_1">dairy products &amp; eggs</td><td><img style="width:50%;" src="/media/images/logos/marchands/3.png" alt="IGA"></td><td><span itemprop="price">$2.99</span><span itemprop="eligibleQuantity" itemscope="" itemtype="http://schema.org/QuantitativeValue">/<span itemprop="unitText">2L</span></span></td><td>$1.50/L</td><td style="display: none;">2020-02-26</td><td style="display: none;"></td><td style="display: none;">Québon Ultracrème</td><td style="display: none;"></td><td style="display: none;"></td><td style="display: none;"></td><td style="display: none;"></td><td style="display: none;">or Béatrice, Sealtest</td><td style="display: none;"><a class="recipeLink" href="/recipe_ingredient_search_results.php?query=(_QU5E__1__________1167__[]_1_1)">Recipes with chocolate milk</a></td></tr><tr role="row" class="odd"><td tabindex="0"><i class="fas fa-hand-rock"></i></td><td class=" not_printable"><div class="addToGL" data-soscuisine-aisle="5" data-soscuisine-sip="3939757"><i class="fa fa-cart-plus" title="Add to My Grocery List"></i><div></div></div></td><td><img class="storeItemImage" alt="chocolate milk" src="/media/images/store_item/blank.jpg"></td><td>chocolate milk</td><td class="not_printable sorting_1">dairy products &amp; eggs</td><td><img style="width:50%;" src="/media/images/logos/marchands/3.png" alt="IGA"></td><td><span itemprop="price">$4.29</span><span itemprop="eligibleQuantity" itemscope="" itemtype="http://schema.org/QuantitativeValue">/<span itemprop="unitText">2L</span></span></td><td>$2.14/L</td><td style="display: none;">2020-02-26</td><td style="display: none;"></td><td style="display: none;">Natrel</td><td style="display: none;"></td><td style="display: none;"></td><td style="display: none;"></td><td style="display: none;"></td><td style="display: none;"></td><td style="display: none;"><a class="recipeLink" href="/recipe_ingredient_search_results.php?query=(_QU5E__1__________1167__[]_1_1)">Recipes with chocolate milk</a></td></tr><tr role="row" class="even"><td tabindex="0"><i class="fa fa-thumbs-down"></i></td><td class=" not_printable"><div class="addToGL" data-soscuisine-aisle="5" data-soscuisine-sip="3939781"><i class="fa fa-cart-plus" title="Add to My Grocery List"></i><div></div></div></td><td><img class="storeItemImage" alt="chocolate milk" src="/media/images/store_item/blank.jpg"></td><td>chocolate milk</td><td class="not_printable sorting_1">dairy products &amp; eggs</td><td><img style="width:50%;" src="/media/images/logos/marchands/3.png" alt="IGA"></td><td><span itemprop="price">$5.59</span><span itemprop="eligibleQuantity" itemscope="" itemtype="http://schema.org/QuantitativeValue">/<span itemprop="unitText">2L</span></span></td><td>$2.80/L</td><td style="display: none;">2020-02-26</td><td style="display: none;">Quebec</td><td style="display: none;">Natrel</td><td style="display: none;"></td><td style="display: none;"></td><td style="display: none;">Organic</td><td style="display: none;"></td><td style="display: none;"></td><td style="display: none;"><a class="recipeLink" href="/recipe_ingredient_search_results.php?query=(_QU5E__1__________1167__[]_1_1)">Recipes with chocolate milk</a></td></tr><tr role="row" class="odd"><td tabindex="0"><i class="fa fa-thumbs-down"></i></td><td class=" not_printable"><div class="addToGL" data-soscuisine-aisle="5" data-soscuisine-sip="3939803"><i class="fa fa-cart-plus" title="Add to My Grocery List"></i><div></div></div></td><td><img class="storeItemImage" alt="chocolate milk" src="/media/images/store_item/blank.jpg"></td><td>chocolate milk</td><td class="not_printable sorting_1">dairy products &amp; eggs</td><td><img style="width:50%;" src="/media/images/logos/marchands/3.png" alt="IGA"></td><td><span itemprop="price">$4.29</span><span itemprop="eligibleQuantity" itemscope="" itemtype="http://schema.org/QuantitativeValue">/<span itemprop="value">6</span>x<span itemprop="unitText">8oz (236mL)</span></span></td><td>$3.03/L</td><td style="display: none;">2020-02-26</td><td style="display: none;"></td><td style="display: none;">Lactantia</td><td style="display: none;"></td><td style="display: none;"></td><td style="display: none;"></td><td style="display: none;"></td><td style="display: none;"></td><td style="display: none;"><a class="recipeLink" href="/recipe_ingredient_search_results.php?query=(_QU5E__1__________1167__[]_1_1)">Recipes with chocolate milk</a></td></tr><tr role="row" class="even"><td tabindex="0"><i class="fa fa-thumbs-up"></i></td><td class=" not_printable"><div class="addToGL" data-soscuisine-aisle="5" data-soscuisine-sip="3938295"><i class="fa fa-cart-plus" title="Add to My Grocery List"></i><div></div></div></td><td><img class="storeItemImage" alt="chocolate milk" src="/media/images/store_item/blank.jpg"></td><td>chocolate milk</td><td class="not_printable sorting_1">dairy products &amp; eggs</td><td><img style="width:50%;" src="/media/images/logos/marchands/2.png" alt="Provigo"></td><td><span itemprop="price">$3.49</span><span itemprop="eligibleQuantity" itemscope="" itemtype="http://schema.org/QuantitativeValue">/<span itemprop="unitText">2L</span></span></td><td>$1.75/L</td><td style="display: none;">2020-02-26</td><td style="display: none;"></td><td style="display: none;">Québon Ultracrème</td><td style="display: none;"></td><td style="display: none;"></td><td style="display: none;"></td><td style="display: none;"></td><td style="display: none;"></td><td style="display: none;"><a class="recipeLink" href="/recipe_ingredient_search_results.php?query=(_QU5E__1__________1167__[]_1_1)">Recipes with chocolate milk</a></td></tr><tr role="row" class="odd"><td tabindex="0"><i class="fas fa-exclamation"></i></td><td class=" not_printable"><div class="addToGL" data-soscuisine-aisle="5" data-soscuisine-sip="3938857"><i class="fa fa-cart-plus" title="Add to My Grocery List"></i><div></div></div></td><td><img class="storeItemImage" alt="chocolate milk, lactose-free" src="/media/images/store_item/blank.jpg"></td><td>chocolate milk, lactose-free</td><td class="not_printable sorting_1">dairy products &amp; eggs</td><td><img style="width:50%;" src="/media/images/logos/marchands/93.png" alt="Rachelle Béry"></td><td><span itemprop="price">$5.29</span><span itemprop="eligibleQuantity" itemscope="" itemtype="http://schema.org/QuantitativeValue">/<span itemprop="unitText">2L</span></span></td><td>$2.64/L</td><td style="display: none;">2020-03-04</td><td style="display: none;"></td><td style="display: none;">Natrel</td><td style="display: none;"></td><td style="display: none;"></td><td style="display: none;"></td><td style="display: none;"></td><td style="display: none;"></td><td style="display: none;"></td></tr><tr role="row" class="even"><td tabindex="0"><i class="fa fa-thumbs-down"></i></td><td class=" not_printable"><div class="addToGL" data-soscuisine-aisle="5" data-soscuisine-sip="3939741"><i class="fa fa-cart-plus" title="Add to My Grocery List"></i><div></div></div></td><td><img class="storeItemImage" alt="cream 10%" src="/media/images/store_item/blank.jpg"></td><td>cream 10%</td><td class="not_printable sorting_1">dairy products &amp; eggs</td><td><img style="width:50%;" src="/media/images/logos/marchands/3.png" alt="IGA"></td><td><span itemprop="price">$4.29</span><span itemprop="eligibleQuantity" itemscope="" itemtype="http://schema.org/QuantitativeValue">/<span itemprop="unitText">1L</span></span></td><td>$0.43/100mL</td><td style="display: none;">2020-02-26</td><td style="display: none;"></td><td style="display: none;">Natrel</td><td style="display: none;"></td><td style="display: none;"></td><td style="display: none;">Organic</td><td style="display: none;"></td><td style="display: none;"></td><td style="display: none;"><a class="recipeLink" href="/recipe_ingredient_search_results.php?query=(_QU5E__1__________774__[]_1_1)">Recipes with cream 10%</a></td></tr><tr role="row" class="odd"><td tabindex="0"><i class="fa fa-thumbs-down"></i></td><td class=" not_printable"><div class="addToGL" data-soscuisine-aisle="5" data-soscuisine-sip="3937807"><i class="fa fa-cart-plus" title="Add to My Grocery List"></i><div></div></div></td><td><img class="storeItemImage" alt="cream 10%" src="/media/images/store_item/blank.jpg"></td><td>cream 10%</td><td class="not_printable sorting_1">dairy products &amp; eggs</td><td><img style="width:50%;" src="/media/images/logos/marchands/1.png" alt="Metro"></td><td><span itemprop="price">$2.99</span><span itemprop="eligibleQuantity" itemscope="" itemtype="http://schema.org/QuantitativeValue">/<span itemprop="unitText">16oz (473mL)</span></span></td><td>$0.63/100mL</td><td style="display: none;">2020-02-26</td><td style="display: none;"></td><td style="display: none;">Québon Ultracrème</td><td style="display: none;"></td><td style="display: none;"></td><td style="display: none;"></td><td style="display: none;"></td><td style="display: none;">Sealtest, Natrel, or Lactantia</td><td style="display: none;"><a class="recipeLink" href="/recipe_ingredient_search_results.php?query=(_QU5E__1__________774__[]_1_1)">Recipes with cream 10%</a></td></tr><tr role="row" class="even"><td tabindex="0"><i class="fas fa-hand-rock"></i></td><td class=" not_printable"><div class="addToGL" data-soscuisine-aisle="5" data-soscuisine-sip="3940943"><i class="fa fa-cart-plus" title="Add to My Grocery List"></i><div></div></div></td><td><img class="storeItemImage" alt="cream 10%" src="/media/images/store_item/blank.jpg"></td><td>cream 10%</td><td class="not_printable sorting_1">dairy products &amp; eggs</td><td><img style="width:50%;" src="/media/images/logos/marchands/12.png" alt="Richelieu"></td><td><span itemprop="price">$3.79</span><span itemprop="eligibleQuantity" itemscope="" itemtype="http://schema.org/QuantitativeValue">/<span itemprop="unitText">1L</span></span></td><td>$0.38/100mL</td><td style="display: none;">2020-02-26</td><td style="display: none;"></td><td style="display: none;">Natrel</td><td style="display: none;"></td><td style="display: none;"></td><td style="display: none;"></td><td style="display: none;"></td><td style="display: none;"></td><td style="display: none;"><a class="recipeLink" href="/recipe_ingredient_search_results.php?query=(_QU5E__1__________774__[]_1_1)">Recipes with cream 10%</a></td></tr><tr role="row" class="odd"><td tabindex="0"><i class="fa fa-thumbs-up"></i></td><td class=" not_printable"><div class="addToGL" data-soscuisine-aisle="5" data-soscuisine-sip="3940759"><i class="fa fa-cart-plus" title="Add to My Grocery List"></i><div></div></div></td><td><img class="storeItemImage" alt="cream 10%" src="/media/images/store_item/blank.jpg"></td><td>cream 10%</td><td class="not_printable sorting_1">dairy products &amp; eggs</td><td><img style="width:50%;" src="/media/images/logos/marchands/5.png" alt="Super C"></td><td><span itemprop="price">$2.99</span><span itemprop="eligibleQuantity" itemscope="" itemtype="http://schema.org/QuantitativeValue">/<span itemprop="unitText">1L</span></span></td><td>$0.30/100mL</td><td style="display: none;">2020-02-26</td><td style="display: none;"></td><td style="display: none;">Québon Ultracrème</td><td style="display: none;"></td><td style="display: none;"></td><td style="display: none;"></td><td style="display: none;"></td><td style="display: none;">or Lactantia</td><td style="display: none;"><a class="recipeLink" href="/recipe_ingredient_search_results.php?query=(_QU5E__1__________774__[]_1_1)">Recipes with cream 10%</a></td></tr><tr role="row" class="even"><td tabindex="0"><i class="fas fa-hand-rock"></i></td><td class=" not_printable"><div class="addToGL" data-soscuisine-aisle="5" data-soscuisine-sip="3939749"><i class="fa fa-cart-plus" title="Add to My Grocery List"></i><div></div></div></td><td><img class="storeItemImage" alt="cream 15%" src="/media/images/store_item/blank.jpg"></td><td>cream 15%</td><td class="not_printable sorting_1">dairy products &amp; eggs</td><td><img style="width:50%;" src="/media/images/logos/marchands/3.png" alt="IGA"></td><td><span itemprop="price">$4.29</span><span itemprop="eligibleQuantity" itemscope="" itemtype="http://schema.org/QuantitativeValue">/<span itemprop="unitText">1L</span></span></td><td>$0.43/100mL</td><td style="display: none;">2020-02-26</td><td style="display: none;"></td><td style="display: none;">Natrel</td><td style="display: none;"></td><td style="display: none;"></td><td style="display: none;"></td><td style="display: none;"></td><td style="display: none;"></td><td style="display: none;"><a class="recipeLink" href="/recipe_ingredient_search_results.php?query=(_QU5E__1__________145__[]_1_1)">Recipes with cream 15%</a></td></tr><tr role="row" class="odd"><td tabindex="0"><i class="fas fa-hand-rock"></i></td><td class=" not_printable"><div class="addToGL" data-soscuisine-aisle="5" data-soscuisine-sip="3937809"><i class="fa fa-cart-plus" title="Add to My Grocery List"></i><div></div></div></td><td><img class="storeItemImage" alt="cream 15%" src="/media/images/store_item/blank.jpg"></td><td>cream 15%</td><td class="not_printable sorting_1">dairy products &amp; eggs</td><td><img style="width:50%;" src="/media/images/logos/marchands/1.png" alt="Metro"></td><td><span itemprop="price">$2.99</span><span itemprop="eligibleQuantity" itemscope="" itemtype="http://schema.org/QuantitativeValue">/<span itemprop="unitText">16oz (473mL)</span></span></td><td>$0.63/100mL</td><td style="display: none;">2020-02-26</td><td style="display: none;"></td><td style="display: none;">Québon Ultracrème</td><td style="display: none;"></td><td style="display: none;"></td><td style="display: none;"></td><td style="display: none;"></td><td style="display: none;">Sealtest, Natrel, or Lactantia</td><td style="display: none;"><a class="recipeLink" href="/recipe_ingredient_search_results.php?query=(_QU5E__1__________145__[]_1_1)">Recipes with cream 15%</a></td></tr><tr role="row" class="even"><td tabindex="0"><i class="fas fa-exclamation"></i></td><td class=" not_printable"><div class="addToGL" data-soscuisine-aisle="5" data-soscuisine-sip="3937813"><i class="fa fa-cart-plus" title="Add to My Grocery List"></i><div></div></div></td><td><img class="storeItemImage" alt="cream 18%" src="/media/images/store_item/blank.jpg"></td><td>cream 18%</td><td class="not_printable sorting_1">dairy products &amp; eggs</td><td><img style="width:50%;" src="/media/images/logos/marchands/1.png" alt="Metro"></td><td><span itemprop="price">$2.99</span><span itemprop="eligibleQuantity" itemscope="" itemtype="http://schema.org/QuantitativeValue">/<span itemprop="unitText">16oz (473mL)</span></span></td><td>$0.63/100mL</td><td style="display: none;">2020-02-26</td><td style="display: none;"></td><td style="display: none;"></td><td style="display: none;"></td><td style="display: none;"></td><td style="display: none;"></td><td style="display: none;"></td><td style="display: none;">Quebon, Sealtest, Natrel, or Lactantia</td><td style="display: none;"><a class="recipeLink" href="/recipe_ingredient_search_results.php?query=(_QU5E__1__________789__[]_1_1)">Recipes with cream 18%</a></td></tr><tr role="row" class="odd"><td tabindex="0"><i class="fa fa-thumbs-down"></i></td><td class=" not_printable"><div class="addToGL" data-soscuisine-aisle="5" data-soscuisine-sip="3939755"><i class="fa fa-cart-plus" title="Add to My Grocery List"></i><div></div></div></td><td><img class="storeItemImage" alt="cream 35%" src="/media/images/store_item/blank.jpg"></td><td>cream 35%</td><td class="not_printable sorting_1">dairy products &amp; eggs</td><td><img style="width:50%;" src="/media/images/logos/marchands/3.png" alt="IGA"></td><td><span itemprop="price">$4.29</span><span itemprop="eligibleQuantity" itemscope="" itemtype="http://schema.org/QuantitativeValue">/<span itemprop="unitText">16oz (473mL)</span></span></td><td>$0.91/100mL</td><td style="display: none;">2020-02-26</td><td style="display: none;"></td><td style="display: none;">Natrel</td><td style="display: none;"></td><td style="display: none;"></td><td style="display: none;"></td><td style="display: none;"></td><td style="display: none;"></td><td style="display: none;"><a class="recipeLink" href="/recipe_ingredient_search_results.php?query=(_QU5E__1__________146__[]_1_1)">Recipes with cream 35%</a></td></tr><tr role="row" class="even"><td tabindex="0"><i class="fa fa-thumbs-down"></i></td><td class=" not_printable"><div class="addToGL" data-soscuisine-aisle="5" data-soscuisine-sip="3937815"><i class="fa fa-cart-plus" title="Add to My Grocery List"></i><div></div></div></td><td><img class="storeItemImage" alt="cream 35%" src="/media/images/store_item/blank.jpg"></td><td>cream 35%</td><td class="not_printable sorting_1">dairy products &amp; eggs</td><td><img style="width:50%;" src="/media/images/logos/marchands/1.png" alt="Metro"></td><td><span itemprop="price">$2.99</span><span itemprop="eligibleQuantity" itemscope="" itemtype="http://schema.org/QuantitativeValue">/<span itemprop="unitText">8oz (236mL)</span></span></td><td>$1.27/100mL</td><td style="display: none;">2020-02-26</td><td style="display: none;"></td><td style="display: none;">Québon Ultracrème</td><td style="display: none;"></td><td style="display: none;"></td><td style="display: none;"></td><td style="display: none;"></td><td style="display: none;">Sealtest, Natrel, or Lactantia</td><td style="display: none;"><a class="recipeLink" href="/recipe_ingredient_search_results.php?query=(_QU5E__1__________146__[]_1_1)">Recipes with cream 35%</a></td></tr><tr role="row" class="odd"><td tabindex="0"><i class="fa fa-thumbs-up"></i><i class="fa fa-thumbs-up"></i></td><td class=" not_printable"><div class="addToGL" data-soscuisine-aisle="5" data-soscuisine-sip="3938051"><i class="fa fa-cart-plus" title="Add to My Grocery List"></i><div></div></div></td><td><img class="storeItemImage" alt="cream 35%" src="/media/images/store_item/blank.jpg"></td><td>cream 35%</td><td class="not_printable sorting_1">dairy products &amp; eggs</td><td><img style="width:50%;" src="/media/images/logos/marchands/2.png" alt="Provigo"></td><td><span itemprop="price">$2.99</span><span itemprop="eligibleQuantity" itemscope="" itemtype="http://schema.org/QuantitativeValue">/<span itemprop="unitText">16oz (473mL)</span></span></td><td>$0.63/100mL</td><td style="display: none;">2020-02-26</td><td style="display: none;">Quebec</td><td style="display: none;">Québon Ultracrème</td><td style="display: none;"></td><td style="display: none;"></td><td style="display: none;"></td><td style="display: none;"></td><td style="display: none;"></td><td style="display: none;"><a class="recipeLink" href="/recipe_ingredient_search_results.php?query=(_QU5E__1__________146__[]_1_1)">Recipes with cream 35%</a></td></tr><tr role="row" class="even"><td tabindex="0"><i class="fas fa-hand-rock"></i></td><td class=" not_printable"><div class="addToGL" data-soscuisine-aisle="5" data-soscuisine-sip="3940945"><i class="fa fa-cart-plus" title="Add to My Grocery List"></i><div></div></div></td><td><img class="storeItemImage" alt="cream 35%" src="/media/images/store_item/blank.jpg"></td><td>cream 35%</td><td class="not_printable sorting_1">dairy products &amp; eggs</td><td><img style="width:50%;" src="/media/images/logos/marchands/12.png" alt="Richelieu"></td><td><span itemprop="price">$3.79</span><span itemprop="eligibleQuantity" itemscope="" itemtype="http://schema.org/QuantitativeValue">/<span itemprop="unitText">16oz (473mL)</span></span></td><td>$0.80/100mL</td><td style="display: none;">2020-02-26</td><td style="display: none;"></td><td style="display: none;">Québon Ultracrème</td><td style="display: none;"></td><td style="display: none;">whipping</td><td style="display: none;"></td><td style="display: none;"></td><td style="display: none;"></td><td style="display: none;"><a class="recipeLink" href="/recipe_ingredient_search_results.php?query=(_QU5E__1__________146__[]_1_1)">Recipes with cream 35%</a></td></tr><tr role="row" class="odd"><td tabindex="0"><i class="fa fa-thumbs-up"></i><i class="fa fa-thumbs-up"></i></td><td class=" not_printable"><div class="addToGL" data-soscuisine-aisle="5" data-soscuisine-sip="3940755"><i class="fa fa-cart-plus" title="Add to My Grocery List"></i><div></div></div></td><td><img class="storeItemImage" alt="cream 35%" src="/media/images/store_item/blank.jpg"></td><td>cream 35%</td><td class="not_printable sorting_1">dairy products &amp; eggs</td><td><img style="width:50%;" src="/media/images/logos/marchands/5.png" alt="Super C"></td><td><span itemprop="price">$2.99</span><span itemprop="eligibleQuantity" itemscope="" itemtype="http://schema.org/QuantitativeValue">/<span itemprop="unitText">16oz (473mL)</span></span></td><td>$0.63/100mL</td><td style="display: none;">2020-02-26</td><td style="display: none;"></td><td style="display: none;">Québon Ultracrème</td><td style="display: none;"></td><td style="display: none;"></td><td style="display: none;"></td><td style="display: none;"></td><td style="display: none;">or Lactantia</td><td style="display: none;"><a class="recipeLink" href="/recipe_ingredient_search_results.php?query=(_QU5E__1__________146__[]_1_1)">Recipes with cream 35%</a></td></tr><tr role="row" class="even"><td tabindex="0"><i class="fas fa-hand-rock"></i></td><td class=" not_printable"><div class="addToGL" data-soscuisine-aisle="5" data-soscuisine-sip="3939743"><i class="fa fa-cart-plus" title="Add to My Grocery List"></i><div></div></div></td><td><img class="storeItemImage" alt="cream 5%" src="/media/images/store_item/blank.jpg"></td><td>cream 5%</td><td class="not_printable sorting_1">dairy products &amp; eggs</td><td><img style="width:50%;" src="/media/images/logos/marchands/3.png" alt="IGA"></td><td><span itemprop="price">$4.29</span><span itemprop="eligibleQuantity" itemscope="" itemtype="http://schema.org/QuantitativeValue">/<span itemprop="unitText">1L</span></span></td><td>$0.43/100mL</td><td style="display: none;">2020-02-26</td><td style="display: none;"></td><td style="display: none;">Natrel</td><td style="display: none;"></td><td style="display: none;"></td><td style="display: none;"></td><td style="display: none;"></td><td style="display: none;"></td><td style="display: none;"><a class="recipeLink" href="/recipe_ingredient_search_results.php?query=(_QU5E__1__________788__[]_1_1)">Recipes with cream 5%</a></td></tr><tr role="row" class="odd"><td tabindex="0"><i class="fas fa-hand-rock"></i></td><td class=" not_printable"><div class="addToGL" data-soscuisine-aisle="5" data-soscuisine-sip="3937805"><i class="fa fa-cart-plus" title="Add to My Grocery List"></i><div></div></div></td><td><img class="storeItemImage" alt="cream 5%" src="/media/images/store_item/blank.jpg"></td><td>cream 5%</td><td class="not_printable sorting_1">dairy products &amp; eggs</td><td><img style="width:50%;" src="/media/images/logos/marchands/1.png" alt="Metro"></td><td><span itemprop="price">$2.99</span><span itemprop="eligibleQuantity" itemscope="" itemtype="http://schema.org/QuantitativeValue">/<span itemprop="unitText">16oz (473mL)</span></span></td><td>$0.63/100mL</td><td style="display: none;">2020-02-26</td><td style="display: none;"></td><td style="display: none;">Québon Ultracrème</td><td style="display: none;"></td><td style="display: none;"></td><td style="display: none;"></td><td style="display: none;"></td><td style="display: none;">Sealtest, Natrel, or Lactantia</td><td style="display: none;"><a class="recipeLink" href="/recipe_ingredient_search_results.php?query=(_QU5E__1__________788__[]_1_1)">Recipes with cream 5%</a></td></tr><tr role="row" class="even"><td tabindex="0"><i class="fa fa-thumbs-up"></i><i class="fa fa-thumbs-up"></i></td><td class=" not_printable"><div class="addToGL" data-soscuisine-aisle="5" data-soscuisine-sip="3940947"><i class="fa fa-cart-plus" title="Add to My Grocery List"></i><div></div></div></td><td><img class="storeItemImage" alt="cream 5%" src="/media/images/store_item/blank.jpg"></td><td>cream 5%</td><td class="not_printable sorting_1">dairy products &amp; eggs</td><td><img style="width:50%;" src="/media/images/logos/marchands/12.png" alt="Richelieu"></td><td><span itemprop="price">$3.79</span><span itemprop="eligibleQuantity" itemscope="" itemtype="http://schema.org/QuantitativeValue">/<span itemprop="unitText">1L</span></span></td><td>$0.38/100mL</td><td style="display: none;">2020-02-26</td><td style="display: none;"></td><td style="display: none;">Natrel</td><td style="display: none;"></td><td style="display: none;"></td><td style="display: none;"></td><td style="display: none;"></td><td style="display: none;"></td><td style="display: none;"><a class="recipeLink" href="/recipe_ingredient_search_results.php?query=(_QU5E__1__________788__[]_1_1)">Recipes with cream 5%</a></td></tr><tr role="row" class="odd"><td tabindex="0"><i class="fas fa-exclamation"></i></td><td class=" not_printable"><div class="addToGL" data-soscuisine-aisle="5" data-soscuisine-sip="3912821"><i class="fa fa-cart-plus" title="Add to My Grocery List"></i><div></div></div></td><td><img class="storeItemImage" alt="cream cheese style vegan spread" src="/media/images/store_item/blank.jpg"></td><td>cream cheese style vegan spread</td><td class="not_printable sorting_1">dairy products &amp; eggs</td><td><img style="width:50%;" src="/media/images/logos/marchands/94.png" alt="Avril"></td><td><span itemprop="price">$6.99</span><span itemprop="eligibleQuantity" itemscope="" itemtype="http://schema.org/QuantitativeValue">/<span itemprop="value">2</span>x<span itemprop="unitText">12oz (340g)</span></span></td><td>$1.03/100g</td><td style="display: none;">2020-03-03</td><td style="display: none;"></td><td style="display: none;">Tofutti</td><td style="display: none;"></td><td style="display: none;"></td><td style="display: none;"></td><td style="display: none;"></td><td style="display: none;"></td><td style="display: none;"><a class="recipeLink" href="/recipe_ingredient_search_results.php?query=(_QU5E__1__________1209__[]_1_1)">Recipes with cream cheese style vegan spread</a></td></tr><tr role="row" class="even"><td tabindex="0"><i class="fas fa-exclamation"></i></td><td class=" not_printable"><div class="addToGL" data-soscuisine-aisle="5" data-soscuisine-sip="3912825"><i class="fa fa-cart-plus" title="Add to My Grocery List"></i><div></div></div></td><td><img class="storeItemImage" alt="cream cheese style vegan spread" src="/media/images/store_item/blank.jpg"></td><td>cream cheese style vegan spread</td><td class="not_printable sorting_1">dairy products &amp; eggs</td><td><img style="width:50%;" src="/media/images/logos/marchands/94.png" alt="Avril"></td><td><span itemprop="price">$4.79</span><span itemprop="eligibleQuantity" itemscope="" itemtype="http://schema.org/QuantitativeValue">/<span itemprop="unitText">12oz (340g)</span></span></td><td>$1.41/100g</td><td style="display: none;">2020-03-03</td><td style="display: none;"></td><td style="display: none;">Tofutti</td><td style="display: none;"></td><td style="display: none;"></td><td style="display: none;"></td><td style="display: none;"></td><td style="display: none;"></td><td style="display: none;"><a class="recipeLink" href="/recipe_ingredient_search_results.php?query=(_QU5E__1__________1209__[]_1_1)">Recipes with cream cheese style vegan spread</a></td></tr><tr role="row" class="odd"><td tabindex="0"><i class="fas fa-hand-rock"></i></td><td class=" not_printable"><div class="addToGL" data-soscuisine-aisle="5" data-soscuisine-sip="3912903"><i class="fa fa-cart-plus" title="Add to My Grocery List"></i><div></div></div></td><td><img class="storeItemImage" alt="dairy-free " cheese""="" src="/media/images/store_item/blank.jpg"></td><td>dairy-free "cheese"</td><td class="not_printable sorting_1">dairy products &amp; eggs</td><td><img style="width:50%;" src="/media/images/logos/marchands/94.png" alt="Avril"></td><td><span itemprop="price">$5.99</span><span itemprop="eligibleQuantity" itemscope="" itemtype="http://schema.org/QuantitativeValue">/<span itemprop="unitText">200g</span></span></td><td>$2.99/100g</td><td style="display: none;">2020-03-03</td><td style="display: none;"></td><td style="display: none;">Earth Island</td><td style="display: none;"></td><td style="display: none;"></td><td style="display: none;"></td><td style="display: none;"></td><td style="display: none;"></td><td style="display: none;"><a class="recipeLink" href="/recipe_ingredient_search_results.php?query=(_QU5E__1__________1211__[]_1_1)">Recipes with dairy-free "cheese"</a></td></tr><tr role="row" class="even"><td tabindex="0"><i class="fa fa-thumbs-down"></i></td><td class=" not_printable"><div class="addToGL" data-soscuisine-aisle="5" data-soscuisine-sip="3939363"><i class="fa fa-cart-plus" title="Add to My Grocery List"></i><div></div></div></td><td><img class="storeItemImage" alt="dairy-free " cheese""="" src="/media/images/store_item/blank.jpg"></td><td>dairy-free "cheese"</td><td class="not_printable sorting_1">dairy products &amp; eggs</td><td><img style="width:50%;" src="/media/images/logos/marchands/3.png" alt="IGA"></td><td><span itemprop="price">$9.99</span><span itemprop="eligibleQuantity" itemscope="" itemtype="http://schema.org/QuantitativeValue">/<span itemprop="unitText">5.3oz (150g)</span></span></td><td>$6.66/100g</td><td style="display: none;">2020-02-26</td><td style="display: none;"></td><td style="display: none;">Fauxmagerie Zengarry</td><td style="display: none;"></td><td style="display: none;"></td><td style="display: none;"></td><td style="display: none;"></td><td style="display: none;"></td><td style="display: none;"><a class="recipeLink" href="/recipe_ingredient_search_results.php?query=(_QU5E__1__________1211__[]_1_1)">Recipes with dairy-free "cheese"</a></td></tr><tr role="row" class="odd"><td tabindex="0"><i class="fas fa-hand-rock"></i></td><td class=" not_printable"><div class="addToGL" data-soscuisine-aisle="5" data-soscuisine-sip="3937381"><i class="fa fa-cart-plus" title="Add to My Grocery List"></i><div></div></div></td><td><img class="storeItemImage" alt="dairy-free " cheese""="" src="/media/images/store_item/blank.jpg"></td><td>dairy-free "cheese"</td><td class="not_printable sorting_1">dairy products &amp; eggs</td><td><img style="width:50%;" src="/media/images/logos/marchands/95.png" alt="Marchés Tau"></td><td><span itemprop="price">$8.99</span><span itemprop="eligibleQuantity" itemscope="" itemtype="http://schema.org/QuantitativeValue">/<span itemprop="unitText">5.3oz (150g)</span></span></td><td>$5.99/100g</td><td style="display: none;">2020-03-29</td><td style="display: none;"></td><td style="display: none;">Fauxmagerie Zengarry</td><td style="display: none;"></td><td style="display: none;"></td><td style="display: none;"></td><td style="display: none;"></td><td style="display: none;"></td><td style="display: none;"><a class="recipeLink" href="/recipe_ingredient_search_results.php?query=(_QU5E__1__________1211__[]_1_1)">Recipes with dairy-free "cheese"</a></td></tr><tr role="row" class="even"><td tabindex="0"><i class="fa fa-thumbs-down"></i></td><td class=" not_printable"><div class="addToGL" data-soscuisine-aisle="5" data-soscuisine-sip="3938805"><i class="fa fa-cart-plus" title="Add to My Grocery List"></i><div></div></div></td><td><img class="storeItemImage" alt="dairy-free " cheese""="" src="/media/images/store_item/blank.jpg"></td><td>dairy-free "cheese"</td><td class="not_printable sorting_1">dairy products &amp; eggs</td><td><img style="width:50%;" src="/media/images/logos/marchands/93.png" alt="Rachelle Béry"></td><td><span itemprop="price">$9.99</span><span itemprop="eligibleQuantity" itemscope="" itemtype="http://schema.org/QuantitativeValue">/<span itemprop="unitText">120g</span></span></td><td>$8.32/100g</td><td style="display: none;">2020-03-04</td><td style="display: none;"></td><td style="display: none;">Nuts for Cheese</td><td style="display: none;"></td><td style="display: none;"></td><td style="display: none;"></td><td style="display: none;"></td><td style="display: none;">organic</td><td style="display: none;"><a class="recipeLink" href="/recipe_ingredient_search_results.php?query=(_QU5E__1__________1211__[]_1_1)">Recipes with dairy-free "cheese"</a></td></tr><tr role="row" class="odd"><td tabindex="0"><i class="fa fa-thumbs-down"></i></td><td class=" not_printable"><div class="addToGL" data-soscuisine-aisle="5" data-soscuisine-sip="3938703"><i class="fa fa-cart-plus" title="Add to My Grocery List"></i><div></div></div></td><td><img class="storeItemImage" alt="egg whites" src="/media/images/store_item/blank.jpg"></td><td>egg whites</td><td class="not_printable sorting_1">dairy products &amp; eggs</td><td><img style="width:50%;" src="/media/images/logos/marchands/69.png" alt="Intermarche (Provincial)"></td><td><span itemprop="price">$3.49</span><span itemprop="eligibleQuantity" itemscope="" itemtype="http://schema.org/QuantitativeValue">/<span itemprop="unitText">500g</span></span></td><td>$0.70/100g</td><td style="display: none;">2020-02-26</td><td style="display: none;"></td><td style="display: none;">Egg Creations</td><td style="display: none;"></td><td style="display: none;"></td><td style="display: none;"></td><td style="display: none;"></td><td style="display: none;"></td><td style="display: none;"><a class="recipeLink" href="/recipe_ingredient_search_results.php?query=(_QU5E__1__________906__[]_1_1)">Recipes with egg whites</a></td></tr><tr role="row" class="even"><td tabindex="0"><i class="fa fa-thumbs-down"></i></td><td class=" not_printable"><div class="addToGL" data-soscuisine-aisle="5" data-soscuisine-sip="3938465"><i class="fa fa-cart-plus" title="Add to My Grocery List"></i><div></div></div></td><td><img class="storeItemImage" alt="egg whites" src="/media/images/store_item/blank.jpg"></td><td>egg whites</td><td class="not_printable sorting_1">dairy products &amp; eggs</td><td><img style="width:50%;" src="/media/images/logos/marchands/7.png" alt="Intermarché (Saveurs intl.)"></td><td><span itemprop="price">$3.49</span><span itemprop="eligibleQuantity" itemscope="" itemtype="http://schema.org/QuantitativeValue">/<span itemprop="unitText">500g</span></span></td><td>$0.70/100g</td><td style="display: none;">2020-02-26</td><td style="display: none;"></td><td style="display: none;">Egg Creations</td><td style="display: none;"></td><td style="display: none;"></td><td style="display: none;"></td><td style="display: none;"></td><td style="display: none;"></td><td style="display: none;"><a class="recipeLink" href="/recipe_ingredient_search_results.php?query=(_QU5E__1__________906__[]_1_1)">Recipes with egg whites</a></td></tr><tr role="row" class="odd"><td tabindex="0"><i class="fas fa-hand-rock"></i></td><td class=" not_printable"><div class="addToGL" data-soscuisine-aisle="5" data-soscuisine-sip="3939669"><i class="fa fa-cart-plus" title="Add to My Grocery List"></i><div></div></div></td><td><img class="storeItemImage" alt="eggs" src="/media/images/store_item/blank.jpg"></td><td>eggs</td><td class="not_printable sorting_1">dairy products &amp; eggs</td><td><img style="width:50%;" src="/media/images/logos/marchands/10.png" alt="Bonichoix"></td><td><span itemprop="price">$3.49</span><span itemprop="eligibleQuantity" itemscope="" itemtype="http://schema.org/QuantitativeValue">/<span itemprop="unitText">dozen</span></span></td><td>$0.43/100g</td><td style="display: none;">2020-02-26</td><td style="display: none;"></td><td style="display: none;">Nutri-Oeuf</td><td style="display: none;">extra-large</td><td style="display: none;">white</td><td style="display: none;"></td><td style="display: none;"></td><td style="display: none;">or Burnbrae</td><td style="display: none;"><a class="recipeLink" href="/recipe_ingredient_search_results.php?query=(_QU5E__1__________157__[]_1_1)">Recipes with eggs</a></td></tr><tr role="row" class="even"><td tabindex="0"><i class="fa fa-thumbs-up"></i><i class="fa fa-thumbs-up"></i></td><td class=" not_printable"><div class="addToGL" data-soscuisine-aisle="5" data-soscuisine-sip="3938951"><i class="fa fa-cart-plus" title="Add to My Grocery List"></i><div></div></div></td><td><img class="storeItemImage" alt="eggs" src="/media/images/store_item/blank.jpg"></td><td>eggs</td><td class="not_printable sorting_1">dairy products &amp; eggs</td><td><img style="width:50%;" src="/media/images/logos/marchands/3.png" alt="IGA"></td><td><span itemprop="price">$2.88</span><span itemprop="eligibleQuantity" itemscope="" itemtype="http://schema.org/QuantitativeValue">/<span itemprop="unitText">18-pack</span></span></td><td>$0.27/100g</td><td style="display: none;">2020-02-26</td><td style="display: none;"></td><td style="display: none;">Nutri-Oeuf</td><td style="display: none;">large</td><td style="display: none;">white</td><td style="display: none;"></td><td style="display: none;"></td><td style="display: none;">or Burnbrae</td><td style="display: none;"><a class="recipeLink" href="/recipe_ingredient_search_results.php?query=(_QU5E__1__________157__[]_1_1)">Recipes with eggs</a></td></tr><tr role="row" class="odd"><td tabindex="0"><i class="fas fa-hand-rock"></i></td><td class=" not_printable"><div class="addToGL" data-soscuisine-aisle="5" data-soscuisine-sip="3937917"><i class="fa fa-cart-plus" title="Add to My Grocery List"></i><div></div></div></td><td><img class="storeItemImage" alt="eggs" src="/media/images/store_item/blank.jpg"></td><td>eggs</td><td class="not_printable sorting_1">dairy products &amp; eggs</td><td><img style="width:50%;" src="/media/images/logos/marchands/1.png" alt="Metro"></td><td><span itemprop="price">$2.99</span><span itemprop="eligibleQuantity" itemscope="" itemtype="http://schema.org/QuantitativeValue">/<span itemprop="unitText">dozen</span></span></td><td>$0.37/100g</td><td style="display: none;">2020-02-26</td><td style="display: none;"></td><td style="display: none;">house brand</td><td style="display: none;">extra-large</td><td style="display: none;">white</td><td style="display: none;"></td><td style="display: none;"></td><td style="display: none;"></td><td style="display: none;"><a class="recipeLink" href="/recipe_ingredient_search_results.php?query=(_QU5E__1__________157__[]_1_1)">Recipes with eggs</a></td></tr><tr role="row" class="even"><td tabindex="0"><i class="fas fa-hand-rock"></i></td><td class=" not_printable"><div class="addToGL" data-soscuisine-aisle="5" data-soscuisine-sip="3940937"><i class="fa fa-cart-plus" title="Add to My Grocery List"></i><div></div></div></td><td><img class="storeItemImage" alt="eggs" src="/media/images/store_item/blank.jpg"></td><td>eggs</td><td class="not_printable sorting_1">dairy products &amp; eggs</td><td><img style="width:50%;" src="/media/images/logos/marchands/12.png" alt="Richelieu"></td><td><span itemprop="price">$2.99</span><span itemprop="eligibleQuantity" itemscope="" itemtype="http://schema.org/QuantitativeValue">/<span itemprop="unitText">dozen</span></span></td><td>$0.42/100g</td><td style="display: none;">2020-02-26</td><td style="display: none;"></td><td style="display: none;">house brand</td><td style="display: none;">large</td><td style="display: none;">white</td><td style="display: none;"></td><td style="display: none;"></td><td style="display: none;"></td><td style="display: none;"><a class="recipeLink" href="/recipe_ingredient_search_results.php?query=(_QU5E__1__________157__[]_1_1)">Recipes with eggs</a></td></tr><tr role="row" class="odd"><td tabindex="0"><i class="fa fa-thumbs-down"></i></td><td class=" not_printable"><div class="addToGL" data-soscuisine-aisle="5" data-soscuisine-sip="3940813"><i class="fa fa-cart-plus" title="Add to My Grocery List"></i><div></div></div></td><td><img class="storeItemImage" alt="eggs" src="/media/images/store_item/blank.jpg"></td><td>eggs</td><td class="not_printable sorting_1">dairy products &amp; eggs</td><td><img style="width:50%;" src="/media/images/logos/marchands/11.png" alt="Tradition"></td><td><span itemprop="price">$1.99</span><span itemprop="eligibleQuantity" itemscope="" itemtype="http://schema.org/QuantitativeValue">/<span itemprop="unitText">6-pack</span></span></td><td>$0.56/100g</td><td style="display: none;">2020-02-26</td><td style="display: none;">Quebec</td><td style="display: none;">Nutri-Oeuf</td><td style="display: none;">large</td><td style="display: none;">white</td><td style="display: none;">free range</td><td style="display: none;"></td><td style="display: none;">or Burnbrae</td><td style="display: none;"><a class="recipeLink" href="/recipe_ingredient_search_results.php?query=(_QU5E__1__________157__[]_1_1)">Recipes with eggs</a></td></tr><tr role="row" class="even"><td tabindex="0"><i class="fa fa-thumbs-up"></i></td><td class=" not_printable"><div class="addToGL" data-soscuisine-aisle="5" data-soscuisine-sip="3937851"><i class="fa fa-cart-plus" title="Add to My Grocery List"></i><div></div></div></td><td><img class="storeItemImage" alt="eggs ORGANIC" src="/media/images/store_item/blank.jpg"></td><td>eggs ORGANIC</td><td class="not_printable sorting_1">dairy products &amp; eggs</td><td><img style="width:50%;" src="/media/images/logos/marchands/1.png" alt="Metro"></td><td><span itemprop="price">$5.99</span><span itemprop="eligibleQuantity" itemscope="" itemtype="http://schema.org/QuantitativeValue">/<span itemprop="unitText">dozen</span></span></td><td>$0.85/100g</td><td style="display: none;">2020-02-26</td><td style="display: none;"></td><td style="display: none;">house brand</td><td style="display: none;">large</td><td style="display: none;">brown</td><td style="display: none;"></td><td style="display: none;"></td><td style="display: none;">Naturegg, or Nutriegg</td><td style="display: none;"><a class="recipeLink" href="/recipe_ingredient_search_results.php?query=(_QU5E__1__________702__[]_1_1)">Recipes with eggs ORGANIC</a></td></tr><tr role="row" class="odd"><td tabindex="0"><i class="fa fa-thumbs-up"></i><i class="fa fa-thumbs-up"></i></td><td class=" not_printable"><div class="addToGL" data-soscuisine-aisle="5" data-soscuisine-sip="3939159"><i class="fa fa-cart-plus" title="Add to My Grocery List"></i><div></div></div></td><td><img class="storeItemImage" alt="kefir" src="/media/images/store_item/blank.jpg"></td><td>kefir</td><td class="not_printable sorting_1">dairy products &amp; eggs</td><td><img style="width:50%;" src="/media/images/logos/marchands/63.png" alt="Marché Adonis"></td><td><span itemprop="price">$1.99</span><span itemprop="eligibleQuantity" itemscope="" itemtype="http://schema.org/QuantitativeValue">/<span itemprop="unitText">500g</span></span></td><td>$0.40/100g</td><td style="display: none;">2020-02-26</td><td style="display: none;"></td><td style="display: none;">Astro</td><td style="display: none;"></td><td style="display: none;"></td><td style="display: none;"></td><td style="display: none;"></td><td style="display: none;"></td><td style="display: none;"><a class="recipeLink" href="/recipe_ingredient_search_results.php?query=(_QU5E__1__________422__[]_1_1)">Recipes with kefir</a></td></tr><tr role="row" class="even"><td tabindex="0"><i class="fas fa-exclamation"></i></td><td class=" not_printable"><div class="addToGL" data-soscuisine-aisle="5" data-soscuisine-sip="3937781"><i class="fa fa-cart-plus" title="Add to My Grocery List"></i><div></div></div></td><td><img class="storeItemImage" alt="kefir, dairy-free" src="/media/images/store_item/blank.jpg"></td><td>kefir, dairy-free</td><td class="not_printable sorting_1">dairy products &amp; eggs</td><td><img style="width:50%;" src="/media/images/logos/marchands/1.png" alt="Metro"></td><td><span itemprop="price">$4.49</span><span itemprop="eligibleQuantity" itemscope="" itemtype="http://schema.org/QuantitativeValue">/<span itemprop="unitText">32oz (946mL)</span></span></td><td>$0.54/100g</td><td style="display: none;">2020-02-26</td><td style="display: none;"></td><td style="display: none;"></td><td style="display: none;"></td><td style="display: none;"></td><td style="display: none;"></td><td style="display: none;"></td><td style="display: none;">Riviera</td><td style="display: none;"><a class="recipeLink" href="/recipe_ingredient_search_results.php?query=(_QU5E__1__________1271__[]_1_1)">Recipes with kefir, dairy-free</a></td></tr><tr role="row" class="odd"><td tabindex="0"><i class="fa fa-thumbs-down"></i></td><td class=" not_printable"><div class="addToGL" data-soscuisine-aisle="5" data-soscuisine-sip="3912891"><i class="fa fa-cart-plus" title="Add to My Grocery List"></i><div></div></div></td><td><img class="storeItemImage" alt="milk ORGANIC" src="/media/images/store_item/blank.jpg"></td><td>milk ORGANIC</td><td class="not_printable sorting_1">dairy products &amp; eggs</td><td><img style="width:50%;" src="/media/images/logos/marchands/94.png" alt="Avril"></td><td><span itemprop="price">$5.99</span><span itemprop="eligibleQuantity" itemscope="" itemtype="http://schema.org/QuantitativeValue">/<span itemprop="unitText">2L</span></span></td><td>$2.99/L</td><td style="display: none;">2020-03-03</td><td style="display: none;"></td><td style="display: none;">Natrel</td><td style="display: none;"></td><td style="display: none;"></td><td style="display: none;"></td><td style="display: none;"></td><td style="display: none;"></td><td style="display: none;"><a class="recipeLink" href="/recipe_ingredient_search_results.php?query=(_QU5E__1__________796__[]_1_1)">Recipes with milk ORGANIC</a></td></tr><tr role="row" class="even"><td tabindex="0"><i class="fa fa-thumbs-up"></i></td><td class=" not_printable"><div class="addToGL" data-soscuisine-aisle="5" data-soscuisine-sip="3939637"><i class="fa fa-cart-plus" title="Add to My Grocery List"></i><div></div></div></td><td><img class="storeItemImage" alt="milk, lactose-free" src="/media/images/store_item/blank.jpg"></td><td>milk, lactose-free</td><td class="not_printable sorting_1">dairy products &amp; eggs</td><td><img style="width:50%;" src="/media/images/logos/marchands/3.png" alt="IGA"></td><td><span itemprop="price">$4.99</span><span itemprop="eligibleQuantity" itemscope="" itemtype="http://schema.org/QuantitativeValue">/<span itemprop="unitText">2L</span></span></td><td>$2.49/L</td><td style="display: none;">2020-02-26</td><td style="display: none;"></td><td style="display: none;">Lactantia</td><td style="display: none;"></td><td style="display: none;"></td><td style="display: none;"></td><td style="display: none;"></td><td style="display: none;"></td><td style="display: none;"><a class="recipeLink" href="/recipe_ingredient_search_results.php?query=(_QU5E__1__________672__[]_1_1)">Recipes with milk, lactose-free</a></td></tr><tr role="row" class="odd"><td tabindex="0"><i class="fa fa-thumbs-down"></i></td><td class=" not_printable"><div class="addToGL" data-soscuisine-aisle="5" data-soscuisine-sip="3939633"><i class="fa fa-cart-plus" title="Add to My Grocery List"></i><div></div></div></td><td><img class="storeItemImage" alt="milk, lactose-free" src="/media/images/store_item/blank.jpg"></td><td>milk, lactose-free</td><td class="not_printable sorting_1">dairy products &amp; eggs</td><td><img style="width:50%;" src="/media/images/logos/marchands/3.png" alt="IGA"></td><td><span itemprop="price">$4.79</span><span itemprop="eligibleQuantity" itemscope="" itemtype="http://schema.org/QuantitativeValue">/<span itemprop="unitText">1,5L</span></span></td><td>$3.19/L</td><td style="display: none;">2020-02-26</td><td style="display: none;"></td><td style="display: none;">Lactantia</td><td style="display: none;"></td><td style="display: none;"></td><td style="display: none;"></td><td style="display: none;"></td><td style="display: none;"></td><td style="display: none;"><a class="recipeLink" href="/recipe_ingredient_search_results.php?query=(_QU5E__1__________672__[]_1_1)">Recipes with milk, lactose-free</a></td></tr><tr role="row" class="even"><td tabindex="0"><i class="fa fa-thumbs-down"></i></td><td class=" not_printable"><div class="addToGL" data-soscuisine-aisle="5" data-soscuisine-sip="3938855"><i class="fa fa-cart-plus" title="Add to My Grocery List"></i><div></div></div></td><td><img class="storeItemImage" alt="milk, lactose-free" src="/media/images/store_item/blank.jpg"></td><td>milk, lactose-free</td><td class="not_printable sorting_1">dairy products &amp; eggs</td><td><img style="width:50%;" src="/media/images/logos/marchands/93.png" alt="Rachelle Béry"></td><td><span itemprop="price">$5.29</span><span itemprop="eligibleQuantity" itemscope="" itemtype="http://schema.org/QuantitativeValue">/<span itemprop="unitText">2L</span></span></td><td>$2.64/L</td><td style="display: none;">2020-03-04</td><td style="display: none;"></td><td style="display: none;">Natrel</td><td style="display: none;"></td><td style="display: none;"></td><td style="display: none;"></td><td style="display: none;"></td><td style="display: none;"></td><td style="display: none;"><a class="recipeLink" href="/recipe_ingredient_search_results.php?query=(_QU5E__1__________672__[]_1_1)">Recipes with milk, lactose-free</a></td></tr><tr role="row" class="odd"><td tabindex="0"><i class="fa fa-thumbs-up"></i></td><td class=" not_printable"><div class="addToGL" data-soscuisine-aisle="5" data-soscuisine-sip="3940647"><i class="fa fa-cart-plus" title="Add to My Grocery List"></i><div></div></div></td><td><img class="storeItemImage" alt="milk, lactose-free" src="/media/images/store_item/blank.jpg"></td><td>milk, lactose-free</td><td class="not_printable sorting_1">dairy products &amp; eggs</td><td><img style="width:50%;" src="/media/images/logos/marchands/5.png" alt="Super C"></td><td><span itemprop="price">$4.99</span><span itemprop="eligibleQuantity" itemscope="" itemtype="http://schema.org/QuantitativeValue">/<span itemprop="unitText">2L</span></span></td><td>$2.49/L</td><td style="display: none;">2020-02-26</td><td style="display: none;">Quebec</td><td style="display: none;">Natrel</td><td style="display: none;"></td><td style="display: none;"></td><td style="display: none;"></td><td style="display: none;"></td><td style="display: none;"></td><td style="display: none;"><a class="recipeLink" href="/recipe_ingredient_search_results.php?query=(_QU5E__1__________672__[]_1_1)">Recipes with milk, lactose-free</a></td></tr><tr role="row" class="even"><td tabindex="0"><i class="fa fa-thumbs-down"></i></td><td class=" not_printable"><div class="addToGL" data-soscuisine-aisle="5" data-soscuisine-sip="3939471"><i class="fa fa-cart-plus" title="Add to My Grocery List"></i><div></div></div></td><td><img class="storeItemImage" alt="milk, partly skimmed, 2%" src="/media/images/store_item/blank.jpg"></td><td>milk, partly skimmed, 2%</td><td class="not_printable sorting_1">dairy products &amp; eggs</td><td><img style="width:50%;" src="/media/images/logos/marchands/3.png" alt="IGA"></td><td><span itemprop="price">$4.29</span><span itemprop="eligibleQuantity" itemscope="" itemtype="http://schema.org/QuantitativeValue">/<span itemprop="unitText">2L</span></span></td><td>$2.14/L</td><td style="display: none;">2020-02-26</td><td style="display: none;"></td><td style="display: none;">Natrel</td><td style="display: none;"></td><td style="display: none;"></td><td style="display: none;"></td><td style="display: none;"></td><td style="display: none;"></td><td style="display: none;"><a class="recipeLink" href="/recipe_ingredient_search_results.php?query=(_QU5E__1__________19__[]_1_1)">Recipes with milk, partly skimmed, 2%</a></td></tr><tr role="row" class="odd"><td tabindex="0"><i class="fa fa-thumbs-down"></i></td><td class=" not_printable"><div class="addToGL" data-soscuisine-aisle="5" data-soscuisine-sip="3939641"><i class="fa fa-cart-plus" title="Add to My Grocery List"></i><div></div></div></td><td><img class="storeItemImage" alt="milk, partly skimmed, 2%" src="/media/images/store_item/blank.jpg"></td><td>milk, partly skimmed, 2%</td><td class="not_printable sorting_1">dairy products &amp; eggs</td><td><img style="width:50%;" src="/media/images/logos/marchands/3.png" alt="IGA"></td><td><span itemprop="price">$4.99</span><span itemprop="eligibleQuantity" itemscope="" itemtype="http://schema.org/QuantitativeValue">/<span itemprop="unitText">1,5L</span></span></td><td>$3.33/L</td><td style="display: none;">2020-02-26</td><td style="display: none;"></td><td style="display: none;">Lactantia</td><td style="display: none;"></td><td style="display: none;"></td><td style="display: none;"></td><td style="display: none;"></td><td style="display: none;"></td><td style="display: none;"><a class="recipeLink" href="/recipe_ingredient_search_results.php?query=(_QU5E__1__________19__[]_1_1)">Recipes with milk, partly skimmed, 2%</a></td></tr><tr role="row" class="even"><td tabindex="0"><i class="fas fa-hand-rock"></i></td><td class=" not_printable"><div class="addToGL" data-soscuisine-aisle="5" data-soscuisine-sip="3938701"><i class="fa fa-cart-plus" title="Add to My Grocery List"></i><div></div></div></td><td><img class="storeItemImage" alt="milk, partly skimmed, 2%" src="/media/images/store_item/blank.jpg"></td><td>milk, partly skimmed, 2%</td><td class="not_printable sorting_1">dairy products &amp; eggs</td><td><img style="width:50%;" src="/media/images/logos/marchands/69.png" alt="Intermarche (Provincial)"></td><td><span itemprop="price">$7.49</span><span itemprop="eligibleQuantity" itemscope="" itemtype="http://schema.org/QuantitativeValue">/<span itemprop="unitText">4L</span></span></td><td>$1.87/L</td><td style="display: none;">2020-02-26</td><td style="display: none;"></td><td style="display: none;">Lactantia</td><td style="display: none;"></td><td style="display: none;"></td><td style="display: none;"></td><td style="display: none;"></td><td style="display: none;"></td><td style="display: none;"><a class="recipeLink" href="/recipe_ingredient_search_results.php?query=(_QU5E__1__________19__[]_1_1)">Recipes with milk, partly skimmed, 2%</a></td></tr><tr role="row" class="odd"><td tabindex="0"><i class="fas fa-hand-rock"></i></td><td class=" not_printable"><div class="addToGL" data-soscuisine-aisle="5" data-soscuisine-sip="3938463"><i class="fa fa-cart-plus" title="Add to My Grocery List"></i><div></div></div></td><td><img class="storeItemImage" alt="milk, partly skimmed, 2%" src="/media/images/store_item/blank.jpg"></td><td>milk, partly skimmed, 2%</td><td class="not_printable sorting_1">dairy products &amp; eggs</td><td><img style="width:50%;" src="/media/images/logos/marchands/7.png" alt="Intermarché (Saveurs intl.)"></td><td><span itemprop="price">$7.49</span><span itemprop="eligibleQuantity" itemscope="" itemtype="http://schema.org/QuantitativeValue">/<span itemprop="unitText">4L</span></span></td><td>$1.87/L</td><td style="display: none;">2020-02-26</td><td style="display: none;"></td><td style="display: none;">Lactantia</td><td style="display: none;"></td><td style="display: none;"></td><td style="display: none;"></td><td style="display: none;"></td><td style="display: none;"></td><td style="display: none;"><a class="recipeLink" href="/recipe_ingredient_search_results.php?query=(_QU5E__1__________19__[]_1_1)">Recipes with milk, partly skimmed, 2%</a></td></tr><tr role="row" class="even"><td tabindex="0"><i class="fa fa-thumbs-up"></i></td><td class=" not_printable"><div class="addToGL" data-soscuisine-aisle="5" data-soscuisine-sip="3939165"><i class="fa fa-cart-plus" title="Add to My Grocery List"></i><div></div></div></td><td><img class="storeItemImage" alt="milk, partly skimmed, 2%" src="/media/images/store_item/blank.jpg"></td><td>milk, partly skimmed, 2%</td><td class="not_printable sorting_1">dairy products &amp; eggs</td><td><img style="width:50%;" src="/media/images/logos/marchands/63.png" alt="Marché Adonis"></td><td><span itemprop="price">$6.99</span><span itemprop="eligibleQuantity" itemscope="" itemtype="http://schema.org/QuantitativeValue">/<span itemprop="unitText">4L</span></span></td><td>$1.75/L</td><td style="display: none;">2020-02-26</td><td style="display: none;"></td><td style="display: none;">Lactantia</td><td style="display: none;"></td><td style="display: none;"></td><td style="display: none;"></td><td style="display: none;"></td><td style="display: none;"></td><td style="display: none;"><a class="recipeLink" href="/recipe_ingredient_search_results.php?query=(_QU5E__1__________19__[]_1_1)">Recipes with milk, partly skimmed, 2%</a></td></tr><tr role="row" class="odd"><td tabindex="0"><i class="fa fa-thumbs-up"></i></td><td class=" not_printable"><div class="addToGL" data-soscuisine-aisle="5" data-soscuisine-sip="3937933"><i class="fa fa-cart-plus" title="Add to My Grocery List"></i><div></div></div></td><td><img class="storeItemImage" alt="milk, partly skimmed, 2%" src="/media/images/store_item/blank.jpg"></td><td>milk, partly skimmed, 2%</td><td class="not_printable sorting_1">dairy products &amp; eggs</td><td><img style="width:50%;" src="/media/images/logos/marchands/1.png" alt="Metro"></td><td><span itemprop="price">$6.68</span><span itemprop="eligibleQuantity" itemscope="" itemtype="http://schema.org/QuantitativeValue">/<span itemprop="unitText">4L</span></span></td><td>$1.67/L</td><td style="display: none;">2020-02-26</td><td style="display: none;"></td><td style="display: none;">various brands</td><td style="display: none;"></td><td style="display: none;"></td><td style="display: none;"></td><td style="display: none;"></td><td style="display: none;"></td><td style="display: none;"><a class="recipeLink" href="/recipe_ingredient_search_results.php?query=(_QU5E__1__________19__[]_1_1)">Recipes with milk, partly skimmed, 2%</a></td></tr><tr role="row" class="even"><td tabindex="0"><i class="fas fa-hand-rock"></i></td><td class=" not_printable"><div class="addToGL" data-soscuisine-aisle="5" data-soscuisine-sip="3937925"><i class="fa fa-cart-plus" title="Add to My Grocery List"></i><div></div></div></td><td><img class="storeItemImage" alt="milk, partly skimmed, 2%" src="/media/images/store_item/blank.jpg"></td><td>milk, partly skimmed, 2%</td><td class="not_printable sorting_1">dairy products &amp; eggs</td><td><img style="width:50%;" src="/media/images/logos/marchands/1.png" alt="Metro"></td><td><span itemprop="price">$3.99</span><span itemprop="eligibleQuantity" itemscope="" itemtype="http://schema.org/QuantitativeValue">/<span itemprop="unitText">2L</span></span></td><td>$2.00/L</td><td style="display: none;">2020-02-26</td><td style="display: none;"></td><td style="display: none;">Lactantia</td><td style="display: none;"></td><td style="display: none;"></td><td style="display: none;"></td><td style="display: none;"></td><td style="display: none;"></td><td style="display: none;"><a class="recipeLink" href="/recipe_ingredient_search_results.php?query=(_QU5E__1__________19__[]_1_1)">Recipes with milk, partly skimmed, 2%</a></td></tr><tr role="row" class="odd"><td tabindex="0"><i class="fa fa-thumbs-up"></i></td><td class=" not_printable"><div class="addToGL" data-soscuisine-aisle="5" data-soscuisine-sip="3939013"><i class="fa fa-cart-plus" title="Add to My Grocery List"></i><div></div></div></td><td><img class="storeItemImage" alt="milk, partly skimmed, 2%" src="/media/images/store_item/blank.jpg"></td><td>milk, partly skimmed, 2%</td><td class="not_printable sorting_1">dairy products &amp; eggs</td><td><img style="width:50%;" src="/media/images/logos/marchands/64.png" alt="Mourelatos"></td><td><span itemprop="price">$6.68</span><span itemprop="eligibleQuantity" itemscope="" itemtype="http://schema.org/QuantitativeValue">/<span itemprop="unitText">4L</span></span></td><td>$1.67/L</td><td style="display: none;">2020-02-25</td><td style="display: none;"></td><td style="display: none;">Lactantia</td><td style="display: none;"></td><td style="display: none;"></td><td style="display: none;"></td><td style="display: none;"></td><td style="display: none;"></td><td style="display: none;"><a class="recipeLink" href="/recipe_ingredient_search_results.php?query=(_QU5E__1__________19__[]_1_1)">Recipes with milk, partly skimmed, 2%</a></td></tr><tr role="row" class="even"><td tabindex="0"><i class="fa fa-thumbs-up"></i><i class="fa fa-thumbs-up"></i></td><td class=" not_printable"><div class="addToGL" data-soscuisine-aisle="5" data-soscuisine-sip="3937411"><i class="fa fa-cart-plus" title="Add to My Grocery List"></i><div></div></div></td><td><img class="storeItemImage" alt="probiotic" src="/media/images/store_item/blank.jpg"></td><td>probiotic</td><td class="not_printable sorting_1">dairy products &amp; eggs</td><td><img style="width:50%;" src="/media/images/logos/marchands/95.png" alt="Marchés Tau"></td><td><span itemprop="price">$12.99</span><span itemprop="eligibleQuantity" itemscope="" itemtype="http://schema.org/QuantitativeValue">/<span itemprop="value">6</span>x<span itemprop="unitText">98g</span></span></td><td>$22.09/kg</td><td style="display: none;">2020-03-29</td><td style="display: none;"></td><td style="display: none;">Bio-K</td><td style="display: none;"></td><td style="display: none;"></td><td style="display: none;"></td><td style="display: none;"></td><td style="display: none;">Bio-Kidz</td><td style="display: none;"><a class="recipeLink" href="/recipe_ingredient_search_results.php?query=(_QU5E__1__________1025__[]_1_1)">Recipes with probiotic</a></td></tr><tr role="row" class="odd"><td tabindex="0"><i class="fa fa-thumbs-down"></i></td><td class=" not_printable"><div class="addToGL" data-soscuisine-aisle="5" data-soscuisine-sip="3937409"><i class="fa fa-cart-plus" title="Add to My Grocery List"></i><div></div></div></td><td><img class="storeItemImage" alt="probiotic" src="/media/images/store_item/blank.jpg"></td><td>probiotic</td><td class="not_printable sorting_1">dairy products &amp; eggs</td><td><img style="width:50%;" src="/media/images/logos/marchands/95.png" alt="Marchés Tau"></td><td><span itemprop="price">$19.99</span><span itemprop="eligibleQuantity" itemscope="" itemtype="http://schema.org/QuantitativeValue">/<span itemprop="value">6</span>x<span itemprop="unitText">98g</span></span></td><td>$34.00/kg</td><td style="display: none;">2020-03-29</td><td style="display: none;"></td><td style="display: none;">Bio-K</td><td style="display: none;"></td><td style="display: none;"></td><td style="display: none;"></td><td style="display: none;"></td><td style="display: none;"></td><td style="display: none;"><a class="recipeLink" href="/recipe_ingredient_search_results.php?query=(_QU5E__1__________1025__[]_1_1)">Recipes with probiotic</a></td></tr><tr role="row" class="even"><td tabindex="0"><i class="fas fa-hand-rock"></i></td><td class=" not_printable"><div class="addToGL" data-soscuisine-aisle="5" data-soscuisine-sip="3938851"><i class="fa fa-cart-plus" title="Add to My Grocery List"></i><div></div></div></td><td><img class="storeItemImage" alt="probiotic" src="/media/images/store_item/blank.jpg"></td><td>probiotic</td><td class="not_printable sorting_1">dairy products &amp; eggs</td><td><img style="width:50%;" src="/media/images/logos/marchands/93.png" alt="Rachelle Béry"></td><td><span itemprop="price">$18.99</span><span itemprop="eligibleQuantity" itemscope="" itemtype="http://schema.org/QuantitativeValue">/<span itemprop="value">6</span>x<span itemprop="unitText">98g</span></span></td><td>$32.30/kg</td><td style="display: none;">2020-03-04</td><td style="display: none;"></td><td style="display: none;">Bio-K</td><td style="display: none;"></td><td style="display: none;"></td><td style="display: none;"></td><td style="display: none;"></td><td style="display: none;"></td><td style="display: none;"><a class="recipeLink" href="/recipe_ingredient_search_results.php?query=(_QU5E__1__________1025__[]_1_1)">Recipes with probiotic</a></td></tr><tr role="row" class="odd"><td tabindex="0"><i class="fa fa-thumbs-up"></i></td><td class=" not_printable"><div class="addToGL" data-soscuisine-aisle="5" data-soscuisine-sip="3939489"><i class="fa fa-cart-plus" title="Add to My Grocery List"></i><div></div></div></td><td><img class="storeItemImage" alt="probiotic drink" src="/media/images/store_item/blank.jpg"></td><td>probiotic drink</td><td class="not_printable sorting_1">dairy products &amp; eggs</td><td><img style="width:50%;" src="/media/images/logos/marchands/3.png" alt="IGA"></td><td><span itemprop="price">$4.99</span><span itemprop="eligibleQuantity" itemscope="" itemtype="http://schema.org/QuantitativeValue">/<span itemprop="value">8</span>x<span itemprop="unitText">93mL</span></span></td><td>$0.67/100mL</td><td style="display: none;">2020-02-26</td><td style="display: none;"></td><td style="display: none;">DanActive</td><td style="display: none;"></td><td style="display: none;"></td><td style="display: none;"></td><td style="display: none;"></td><td style="display: none;"></td><td style="display: none;"></td></tr><tr role="row" class="even"><td tabindex="0"><i class="fa fa-thumbs-down"></i></td><td class=" not_printable"><div class="addToGL" data-soscuisine-aisle="5" data-soscuisine-sip="3937887"><i class="fa fa-cart-plus" title="Add to My Grocery List"></i><div></div></div></td><td><img class="storeItemImage" alt="probiotic drink" src="/media/images/store_item/blank.jpg"></td><td>probiotic drink</td><td class="not_printable sorting_1">dairy products &amp; eggs</td><td><img style="width:50%;" src="/media/images/logos/marchands/1.png" alt="Metro"></td><td><span itemprop="price">$4.99</span><span itemprop="eligibleQuantity" itemscope="" itemtype="http://schema.org/QuantitativeValue">/<span itemprop="value">6</span>x<span itemprop="unitText">93mL</span></span></td><td>$0.89/100mL</td><td style="display: none;">2020-02-26</td><td style="display: none;"></td><td style="display: none;"></td><td style="display: none;"></td><td style="display: none;"></td><td style="display: none;"></td><td style="display: none;"></td><td style="display: none;">Astro</td><td style="display: none;"></td></tr><tr role="row" class="odd"><td tabindex="0"><i class="fa fa-thumbs-down"></i></td><td class=" not_printable"><div class="addToGL" data-soscuisine-aisle="5" data-soscuisine-sip="3937799"><i class="fa fa-cart-plus" title="Add to My Grocery List"></i><div></div></div></td><td><img class="storeItemImage" alt="probiotic smoothie" src="/media/images/store_item/blank.jpg"></td><td>probiotic smoothie</td><td class="not_printable sorting_1">dairy products &amp; eggs</td><td><img style="width:50%;" src="/media/images/logos/marchands/1.png" alt="Metro"></td><td><span itemprop="price">$0.88</span><span itemprop="eligibleQuantity" itemscope="" itemtype="http://schema.org/QuantitativeValue">/<span itemprop="unitText">200mL</span></span></td><td>$0.44/100mL</td><td style="display: none;">2020-02-26</td><td style="display: none;"></td><td style="display: none;">IÖGO</td><td style="display: none;"></td><td style="display: none;"></td><td style="display: none;"></td><td style="display: none;"></td><td style="display: none;"></td><td style="display: none;"></td></tr><tr role="row" class="even"><td tabindex="0"><i class="fa fa-thumbs-down"></i></td><td class=" not_printable"><div class="addToGL" data-soscuisine-aisle="5" data-soscuisine-sip="3939667"><i class="fa fa-cart-plus" title="Add to My Grocery List"></i><div></div></div></td><td><img class="storeItemImage" alt="sour cream" src="/media/images/store_item/blank.jpg"></td><td>sour cream</td><td class="not_printable sorting_1">dairy products &amp; eggs</td><td><img style="width:50%;" src="/media/images/logos/marchands/3.png" alt="IGA"></td><td><span itemprop="price">$3.29</span><span itemprop="eligibleQuantity" itemscope="" itemtype="http://schema.org/QuantitativeValue">/<span itemprop="unitText">500mL</span></span></td><td>$0.66/100mL</td><td style="display: none;">2020-02-26</td><td style="display: none;"></td><td style="display: none;">Sealtest</td><td style="display: none;"></td><td style="display: none;"></td><td style="display: none;"></td><td style="display: none;"></td><td style="display: none;"></td><td style="display: none;"><a class="recipeLink" href="/recipe_ingredient_search_results.php?query=(_QU5E__1__________21__[]_1_1)">Recipes with sour cream</a></td></tr><tr role="row" class="odd"><td tabindex="0"><i class="fa fa-thumbs-up"></i><i class="fa fa-thumbs-up"></i></td><td class=" not_printable"><div class="addToGL" data-soscuisine-aisle="5" data-soscuisine-sip="3939161"><i class="fa fa-cart-plus" title="Add to My Grocery List"></i><div></div></div></td><td><img class="storeItemImage" alt="sour cream" src="/media/images/store_item/blank.jpg"></td><td>sour cream</td><td class="not_printable sorting_1">dairy products &amp; eggs</td><td><img style="width:50%;" src="/media/images/logos/marchands/63.png" alt="Marché Adonis"></td><td><span itemprop="price">$1.99</span><span itemprop="eligibleQuantity" itemscope="" itemtype="http://schema.org/QuantitativeValue">/<span itemprop="unitText">500mL</span></span></td><td>$0.40/100mL</td><td style="display: none;">2020-02-26</td><td style="display: none;"></td><td style="display: none;">Beatrice</td><td style="display: none;"></td><td style="display: none;"></td><td style="display: none;"></td><td style="display: none;"></td><td style="display: none;"></td><td style="display: none;"><a class="recipeLink" href="/recipe_ingredient_search_results.php?query=(_QU5E__1__________21__[]_1_1)">Recipes with sour cream</a></td></tr><tr role="row" class="even"><td tabindex="0"><i class="fas fa-hand-rock"></i></td><td class=" not_printable"><div class="addToGL" data-soscuisine-aisle="5" data-soscuisine-sip="3937861"><i class="fa fa-cart-plus" title="Add to My Grocery List"></i><div></div></div></td><td><img class="storeItemImage" alt="sour cream" src="/media/images/store_item/blank.jpg"></td><td>sour cream</td><td class="not_printable sorting_1">dairy products &amp; eggs</td><td><img style="width:50%;" src="/media/images/logos/marchands/1.png" alt="Metro"></td><td><span itemprop="price">$3.00</span><span itemprop="eligibleQuantity" itemscope="" itemtype="http://schema.org/QuantitativeValue">/<span itemprop="unitText">500mL</span></span></td><td>$0.60/100mL</td><td style="display: none;">2020-02-26</td><td style="display: none;"></td><td style="display: none;">Sealtest</td><td style="display: none;"></td><td style="display: none;"></td><td style="display: none;"></td><td style="display: none;"></td><td style="display: none;"></td><td style="display: none;"><a class="recipeLink" href="/recipe_ingredient_search_results.php?query=(_QU5E__1__________21__[]_1_1)">Recipes with sour cream</a></td></tr><tr role="row" class="odd"><td tabindex="0"><i class="fas fa-hand-rock"></i></td><td class=" not_printable"><div class="addToGL" data-soscuisine-aisle="5" data-soscuisine-sip="3940725"><i class="fa fa-cart-plus" title="Add to My Grocery List"></i><div></div></div></td><td><img class="storeItemImage" alt="sour cream" src="/media/images/store_item/blank.jpg"></td><td>sour cream</td><td class="not_printable sorting_1">dairy products &amp; eggs</td><td><img style="width:50%;" src="/media/images/logos/marchands/5.png" alt="Super C"></td><td><span itemprop="price">$2.99</span><span itemprop="eligibleQuantity" itemscope="" itemtype="http://schema.org/QuantitativeValue">/<span itemprop="unitText">500mL</span></span></td><td>$0.60/100mL</td><td style="display: none;">2020-02-26</td><td style="display: none;"></td><td style="display: none;">house brand</td><td style="display: none;"></td><td style="display: none;"></td><td style="display: none;"></td><td style="display: none;"></td><td style="display: none;"></td><td style="display: none;"><a class="recipeLink" href="/recipe_ingredient_search_results.php?query=(_QU5E__1__________21__[]_1_1)">Recipes with sour cream</a></td></tr><tr role="row" class="even"><td tabindex="0"><i class="fas fa-exclamation"></i></td><td class=" not_printable"><div class="addToGL" data-soscuisine-aisle="5" data-soscuisine-sip="3912847"><i class="fa fa-cart-plus" title="Add to My Grocery List"></i><div></div></div></td><td><img class="storeItemImage" alt="sour cream, lactose-free" src="/media/images/store_item/blank.jpg"></td><td>sour cream, lactose-free</td><td class="not_printable sorting_1">dairy products &amp; eggs</td><td><img style="width:50%;" src="/media/images/logos/marchands/94.png" alt="Avril"></td><td><span itemprop="price">$6.99</span><span itemprop="eligibleQuantity" itemscope="" itemtype="http://schema.org/QuantitativeValue">/<span itemprop="value">2</span>x<span itemprop="unitText">12oz (340g)</span></span></td><td>$1.00/100mL</td><td style="display: none;">2020-03-03</td><td style="display: none;"></td><td style="display: none;"></td><td style="display: none;"></td><td style="display: none;"></td><td style="display: none;"></td><td style="display: none;"></td><td style="display: none;">Tofutti</td><td style="display: none;"></td></tr><tr role="row" class="odd"><td tabindex="0"><i class="fas fa-exclamation"></i></td><td class=" not_printable"><div class="addToGL" data-soscuisine-aisle="5" data-soscuisine-sip="3912853"><i class="fa fa-cart-plus" title="Add to My Grocery List"></i><div></div></div></td><td><img class="storeItemImage" alt="sour cream, lactose-free" src="/media/images/store_item/blank.jpg"></td><td>sour cream, lactose-free</td><td class="not_printable sorting_1">dairy products &amp; eggs</td><td><img style="width:50%;" src="/media/images/logos/marchands/94.png" alt="Avril"></td><td><span itemprop="price">$4.79</span><span itemprop="eligibleQuantity" itemscope="" itemtype="http://schema.org/QuantitativeValue">/<span itemprop="unitText">12oz (340g)</span></span></td><td>$1.37/100mL</td><td style="display: none;">2020-03-03</td><td style="display: none;"></td><td style="display: none;"></td><td style="display: none;"></td><td style="display: none;"></td><td style="display: none;"></td><td style="display: none;"></td><td style="display: none;">Tofutti</td><td style="display: none;"></td></tr><tr role="row" class="even"><td tabindex="0"><i class="fas fa-hand-rock"></i></td><td class=" not_printable"><div class="addToGL" data-soscuisine-aisle="5" data-soscuisine-sip="3912877"><i class="fa fa-cart-plus" title="Add to My Grocery List"></i><div></div></div></td><td><img class="storeItemImage" alt="yogurt, fruit" src="/media/images/store_item/blank.jpg"></td><td>yogurt, fruit</td><td class="not_printable sorting_1">dairy products &amp; eggs</td><td><img style="width:50%;" src="/media/images/logos/marchands/94.png" alt="Avril"></td><td><span itemprop="price">$2.49</span><span itemprop="eligibleQuantity" itemscope="" itemtype="http://schema.org/QuantitativeValue">/<span itemprop="unitText">500g</span></span></td><td>$4.98/kg</td><td style="display: none;">2020-03-03</td><td style="display: none;"></td><td style="display: none;">Liberté</td><td style="display: none;"></td><td style="display: none;">méditérranée</td><td style="display: none;"></td><td style="display: none;"></td><td style="display: none;"></td><td style="display: none;"><a class="recipeLink" href="/recipe_ingredient_search_results.php?query=(_QU5E__1__________655__[]_1_1)">Recipes with yogurt, fruit</a></td></tr><tr role="row" class="odd"><td tabindex="0"><i class="fa fa-thumbs-up"></i><i class="fa fa-thumbs-up"></i></td><td class=" not_printable"><div class="addToGL" data-soscuisine-aisle="5" data-soscuisine-sip="3939549"><i class="fa fa-cart-plus" title="Add to My Grocery List"></i><div></div></div></td><td><img class="storeItemImage" alt="yogurt, fruit" src="/media/images/store_item/blank.jpg"></td><td>yogurt, fruit</td><td class="not_printable sorting_1">dairy products &amp; eggs</td><td><img style="width:50%;" src="/media/images/logos/marchands/10.png" alt="Bonichoix"></td><td><span itemprop="price">$1.99</span><span itemprop="eligibleQuantity" itemscope="" itemtype="http://schema.org/QuantitativeValue">/<span itemprop="unitText">650g</span></span></td><td>$3.06/kg</td><td style="display: none;">2020-02-26</td><td style="display: none;">Quebec</td><td style="display: none;">Yoplait</td><td style="display: none;"></td><td style="display: none;"></td><td style="display: none;"></td><td style="display: none;"></td><td style="display: none;"></td><td style="display: none;"><a class="recipeLink" href="/recipe_ingredient_search_results.php?query=(_QU5E__1__________655__[]_1_1)">Recipes with yogurt, fruit</a></td></tr><tr role="row" class="even"><td tabindex="0"><i class="fa fa-thumbs-up"></i></td><td class=" not_printable"><div class="addToGL" data-soscuisine-aisle="5" data-soscuisine-sip="3939649"><i class="fa fa-cart-plus" title="Add to My Grocery List"></i><div></div></div></td><td><img class="storeItemImage" alt="yogurt, fruit" src="/media/images/store_item/blank.jpg"></td><td>yogurt, fruit</td><td class="not_printable sorting_1">dairy products &amp; eggs</td><td><img style="width:50%;" src="/media/images/logos/marchands/3.png" alt="IGA"></td><td><span itemprop="price">$7.99</span><span itemprop="eligibleQuantity" itemscope="" itemtype="http://schema.org/QuantitativeValue">/<span itemprop="unitText">4.4lb (2kg)</span></span></td><td>$3.99/kg</td><td style="display: none;">2020-02-26</td><td style="display: none;"></td><td style="display: none;">IÖGO</td><td style="display: none;"></td><td style="display: none;"></td><td style="display: none;"></td><td style="display: none;"></td><td style="display: none;"></td><td style="display: none;"><a class="recipeLink" href="/recipe_ingredient_search_results.php?query=(_QU5E__1__________655__[]_1_1)">Recipes with yogurt, fruit</a></td></tr><tr role="row" class="odd"><td tabindex="0"><i class="fas fa-hand-rock"></i></td><td class=" not_printable"><div class="addToGL" data-soscuisine-aisle="5" data-soscuisine-sip="3942125"><i class="fa fa-cart-plus" title="Add to My Grocery List"></i><div></div></div></td><td><img class="storeItemImage" alt="yogurt, fruit" src="/media/images/store_item/blank.jpg"></td><td>yogurt, fruit</td><td class="not_printable sorting_1">dairy products &amp; eggs</td><td><img style="width:50%;" src="/media/images/logos/marchands/13.png" alt="Jardin Mobile"></td><td><span itemprop="price">$3.49</span><span itemprop="eligibleQuantity" itemscope="" itemtype="http://schema.org/QuantitativeValue">/<span itemprop="unitText">750g</span></span></td><td>$4.65/kg</td><td style="display: none;">2020-02-26</td><td style="display: none;"></td><td style="display: none;">Riviera</td><td style="display: none;"></td><td style="display: none;"></td><td style="display: none;"></td><td style="display: none;"></td><td style="display: none;"></td><td style="display: none;"><a class="recipeLink" href="/recipe_ingredient_search_results.php?query=(_QU5E__1__________655__[]_1_1)">Recipes with yogurt, fruit</a></td></tr><tr role="row" class="even"><td tabindex="0"><i class="fa fa-thumbs-down"></i></td><td class=" not_printable"><div class="addToGL" data-soscuisine-aisle="5" data-soscuisine-sip="3942123"><i class="fa fa-cart-plus" title="Add to My Grocery List"></i><div></div></div></td><td><img class="storeItemImage" alt="yogurt, fruit" src="/media/images/store_item/blank.jpg"></td><td>yogurt, fruit</td><td class="not_printable sorting_1">dairy products &amp; eggs</td><td><img style="width:50%;" src="/media/images/logos/marchands/13.png" alt="Jardin Mobile"></td><td><span itemprop="price">$3.99</span><span itemprop="eligibleQuantity" itemscope="" itemtype="http://schema.org/QuantitativeValue">/<span itemprop="unitText">500g</span></span></td><td>$7.98/kg</td><td style="display: none;">2020-02-26</td><td style="display: none;"></td><td style="display: none;">Liberté</td><td style="display: none;"></td><td style="display: none;"></td><td style="display: none;"></td><td style="display: none;"></td><td style="display: none;">skyr</td><td style="display: none;"><a class="recipeLink" href="/recipe_ingredient_search_results.php?query=(_QU5E__1__________655__[]_1_1)">Recipes with yogurt, fruit</a></td></tr><tr role="row" class="odd"><td tabindex="0"><i class="fa fa-thumbs-up"></i></td><td class=" not_printable"><div class="addToGL" data-soscuisine-aisle="5" data-soscuisine-sip="3937307"><i class="fa fa-cart-plus" title="Add to My Grocery List"></i><div></div></div></td><td><img class="storeItemImage" alt="yogurt, fruit" src="/media/images/store_item/blank.jpg"></td><td>yogurt, fruit</td><td class="not_printable sorting_1">dairy products &amp; eggs</td><td><img style="width:50%;" src="/media/images/logos/marchands/95.png" alt="Marchés Tau"></td><td><span itemprop="price">$2.99</span><span itemprop="eligibleQuantity" itemscope="" itemtype="http://schema.org/QuantitativeValue">/<span itemprop="unitText">750g</span></span></td><td>$3.99/kg</td><td style="display: none;">2020-03-29</td><td style="display: none;"></td><td style="display: none;">Riviera</td><td style="display: none;"></td><td style="display: none;"></td><td style="display: none;"></td><td style="display: none;"></td><td style="display: none;"></td><td style="display: none;"><a class="recipeLink" href="/recipe_ingredient_search_results.php?query=(_QU5E__1__________655__[]_1_1)">Recipes with yogurt, fruit</a></td></tr><tr role="row" class="even"><td tabindex="0"><i class="fa fa-thumbs-up"></i><i class="fa fa-thumbs-up"></i></td><td class=" not_printable"><div class="addToGL" data-soscuisine-aisle="5" data-soscuisine-sip="3937621"><i class="fa fa-cart-plus" title="Add to My Grocery List"></i><div></div></div></td><td><img class="storeItemImage" alt="yogurt, fruit" src="/media/images/store_item/blank.jpg"></td><td>yogurt, fruit</td><td class="not_printable sorting_1">dairy products &amp; eggs</td><td><img style="width:50%;" src="/media/images/logos/marchands/1.png" alt="Metro"></td><td><span itemprop="price">$1.99</span><span itemprop="eligibleQuantity" itemscope="" itemtype="http://schema.org/QuantitativeValue">/<span itemprop="unitText">650g</span></span></td><td>$3.06/kg</td><td style="display: none;">2020-02-26</td><td style="display: none;"></td><td style="display: none;">Liberté</td><td style="display: none;"></td><td style="display: none;"></td><td style="display: none;"></td><td style="display: none;"></td><td style="display: none;"></td><td style="display: none;"><a class="recipeLink" href="/recipe_ingredient_search_results.php?query=(_QU5E__1__________655__[]_1_1)">Recipes with yogurt, fruit</a></td></tr><tr role="row" class="odd"><td tabindex="0"><i class="fas fa-hand-rock"></i></td><td class=" not_printable"><div class="addToGL" data-soscuisine-aisle="5" data-soscuisine-sip="3937881"><i class="fa fa-cart-plus" title="Add to My Grocery List"></i><div></div></div></td><td><img class="storeItemImage" alt="yogurt, fruit" src="/media/images/store_item/blank.jpg"></td><td>yogurt, fruit</td><td class="not_printable sorting_1">dairy products &amp; eggs</td><td><img style="width:50%;" src="/media/images/logos/marchands/1.png" alt="Metro"></td><td><span itemprop="price">$2.99</span><span itemprop="eligibleQuantity" itemscope="" itemtype="http://schema.org/QuantitativeValue">/<span itemprop="unitText">650g</span></span></td><td>$4.60/kg</td><td style="display: none;">2020-02-26</td><td style="display: none;"></td><td style="display: none;">IÖGO</td><td style="display: none;"></td><td style="display: none;"></td><td style="display: none;"></td><td style="display: none;"></td><td style="display: none;"></td><td style="display: none;"><a class="recipeLink" href="/recipe_ingredient_search_results.php?query=(_QU5E__1__________655__[]_1_1)">Recipes with yogurt, fruit</a></td></tr><tr role="row" class="even"><td tabindex="0"><i class="fas fa-hand-rock"></i></td><td class=" not_printable"><div class="addToGL" data-soscuisine-aisle="5" data-soscuisine-sip="3937787"><i class="fa fa-cart-plus" title="Add to My Grocery List"></i><div></div></div></td><td><img class="storeItemImage" alt="yogurt, fruit" src="/media/images/store_item/blank.jpg"></td><td>yogurt, fruit</td><td class="not_printable sorting_1">dairy products &amp; eggs</td><td><img style="width:50%;" src="/media/images/logos/marchands/1.png" alt="Metro"></td><td><span itemprop="price">$7.00</span><span itemprop="eligibleQuantity" itemscope="" itemtype="http://schema.org/QuantitativeValue">/<span itemprop="value">2</span>x<span itemprop="unitText">750g</span></span></td><td>$4.67/kg</td><td style="display: none;">2020-02-26</td><td style="display: none;"></td><td style="display: none;">Riviera</td><td style="display: none;"></td><td style="display: none;"></td><td style="display: none;"></td><td style="display: none;"></td><td style="display: none;"></td><td style="display: none;"><a class="recipeLink" href="/recipe_ingredient_search_results.php?query=(_QU5E__1__________655__[]_1_1)">Recipes with yogurt, fruit</a></td></tr><tr role="row" class="odd"><td tabindex="0"><i class="fas fa-hand-rock"></i></td><td class=" not_printable"><div class="addToGL" data-soscuisine-aisle="5" data-soscuisine-sip="3937897"><i class="fa fa-cart-plus" title="Add to My Grocery List"></i><div></div></div></td><td><img class="storeItemImage" alt="yogurt, fruit" src="/media/images/store_item/blank.jpg"></td><td>yogurt, fruit</td><td class="not_printable sorting_1">dairy products &amp; eggs</td><td><img style="width:50%;" src="/media/images/logos/marchands/1.png" alt="Metro"></td><td><span itemprop="price">$2.99</span><span itemprop="eligibleQuantity" itemscope="" itemtype="http://schema.org/QuantitativeValue">/<span itemprop="unitText">500g</span></span></td><td>$5.98/kg</td><td style="display: none;">2020-02-26</td><td style="display: none;"></td><td style="display: none;">house brand</td><td style="display: none;"></td><td style="display: none;">greek</td><td style="display: none;"></td><td style="display: none;"></td><td style="display: none;">or Skyr</td><td style="display: none;"><a class="recipeLink" href="/recipe_ingredient_search_results.php?query=(_QU5E__1__________655__[]_1_1)">Recipes with yogurt, fruit</a></td></tr><tr role="row" class="even"><td tabindex="0"><i class="fa fa-thumbs-down"></i></td><td class=" not_printable"><div class="addToGL" data-soscuisine-aisle="5" data-soscuisine-sip="3937893"><i class="fa fa-cart-plus" title="Add to My Grocery List"></i><div></div></div></td><td><img class="storeItemImage" alt="yogurt, fruit" src="/media/images/store_item/blank.jpg"></td><td>yogurt, fruit</td><td class="not_printable sorting_1">dairy products &amp; eggs</td><td><img style="width:50%;" src="/media/images/logos/marchands/1.png" alt="Metro"></td><td><span itemprop="price">$3.33</span><span itemprop="eligibleQuantity" itemscope="" itemtype="http://schema.org/QuantitativeValue">/<span itemprop="unitText">500g</span></span></td><td>$6.66/kg</td><td style="display: none;">2020-02-26</td><td style="display: none;"></td><td style="display: none;">Olympic</td><td style="display: none;"></td><td style="display: none;"></td><td style="display: none;"></td><td style="display: none;"></td><td style="display: none;"></td><td style="display: none;"><a class="recipeLink" href="/recipe_ingredient_search_results.php?query=(_QU5E__1__________655__[]_1_1)">Recipes with yogurt, fruit</a></td></tr><tr role="row" class="odd"><td tabindex="0"><i class="fa fa-thumbs-down"></i></td><td class=" not_printable"><div class="addToGL" data-soscuisine-aisle="5" data-soscuisine-sip="3937889"><i class="fa fa-cart-plus" title="Add to My Grocery List"></i><div></div></div></td><td><img class="storeItemImage" alt="yogurt, fruit" src="/media/images/store_item/blank.jpg"></td><td>yogurt, fruit</td><td class="not_printable sorting_1">dairy products &amp; eggs</td><td><img style="width:50%;" src="/media/images/logos/marchands/1.png" alt="Metro"></td><td><span itemprop="price">$4.99</span><span itemprop="eligibleQuantity" itemscope="" itemtype="http://schema.org/QuantitativeValue">/<span itemprop="unitText">710g</span></span></td><td>$7.03/kg</td><td style="display: none;">2020-02-26</td><td style="display: none;"></td><td style="display: none;">Danone</td><td style="display: none;"></td><td style="display: none;"></td><td style="display: none;"></td><td style="display: none;"></td><td style="display: none;">Light &amp; Free</td><td style="display: none;"><a class="recipeLink" href="/recipe_ingredient_search_results.php?query=(_QU5E__1__________655__[]_1_1)">Recipes with yogurt, fruit</a></td></tr><tr role="row" class="even"><td tabindex="0"><i class="fa fa-thumbs-up"></i><i class="fa fa-thumbs-up"></i></td><td class=" not_printable"><div class="addToGL" data-soscuisine-aisle="5" data-soscuisine-sip="3940745"><i class="fa fa-cart-plus" title="Add to My Grocery List"></i><div></div></div></td><td><img class="storeItemImage" alt="yogurt, fruit" src="/media/images/store_item/blank.jpg"></td><td>yogurt, fruit</td><td class="not_printable sorting_1">dairy products &amp; eggs</td><td><img style="width:50%;" src="/media/images/logos/marchands/5.png" alt="Super C"></td><td><span itemprop="price">$1.99</span><span itemprop="eligibleQuantity" itemscope="" itemtype="http://schema.org/QuantitativeValue">/<span itemprop="unitText">650g</span></span></td><td>$3.06/kg</td><td style="display: none;">2020-02-26</td><td style="display: none;"></td><td style="display: none;">Yoplait</td><td style="display: none;"></td><td style="display: none;"></td><td style="display: none;"></td><td style="display: none;"></td><td style="display: none;">or IÖGO</td><td style="display: none;"><a class="recipeLink" href="/recipe_ingredient_search_results.php?query=(_QU5E__1__________655__[]_1_1)">Recipes with yogurt, fruit</a></td></tr><tr role="row" class="odd"><td tabindex="0"><i class="fa fa-thumbs-down"></i></td><td class=" not_printable"><div class="addToGL" data-soscuisine-aisle="5" data-soscuisine-sip="3939647"><i class="fa fa-cart-plus" title="Add to My Grocery List"></i><div></div></div></td><td><img class="storeItemImage" alt="yogurt, fruit, more than 6% M.F." src="/media/images/store_item/blank.jpg"></td><td>yogurt, fruit, more than 6% M.F.</td><td class="not_printable sorting_1">dairy products &amp; eggs</td><td><img style="width:50%;" src="/media/images/logos/marchands/3.png" alt="IGA"></td><td><span itemprop="price">$9.99</span><span itemprop="eligibleQuantity" itemscope="" itemtype="http://schema.org/QuantitativeValue">/<span itemprop="value">3</span>x<span itemprop="unitText">500g</span></span></td><td>$6.66/kg</td><td style="display: none;">2020-02-26</td><td style="display: none;"></td><td style="display: none;">Liberté</td><td style="display: none;"></td><td style="display: none;"></td><td style="display: none;"></td><td style="display: none;"></td><td style="display: none;"></td><td style="display: none;"></td></tr><tr role="row" class="even"><td tabindex="0"><i class="fa fa-thumbs-down"></i></td><td class=" not_printable"><div class="addToGL" data-soscuisine-aisle="5" data-soscuisine-sip="3938847"><i class="fa fa-cart-plus" title="Add to My Grocery List"></i><div></div></div></td><td><img class="storeItemImage" alt="yogurt, fruit, more than 6% M.F." src="/media/images/store_item/blank.jpg"></td><td>yogurt, fruit, more than 6% M.F.</td><td class="not_printable sorting_1">dairy products &amp; eggs</td><td><img style="width:50%;" src="/media/images/logos/marchands/93.png" alt="Rachelle Béry"></td><td><span itemprop="price">$2.99</span><span itemprop="eligibleQuantity" itemscope="" itemtype="http://schema.org/QuantitativeValue">/<span itemprop="unitText">325g</span></span></td><td>$9.20/kg</td><td style="display: none;">2020-03-04</td><td style="display: none;"></td><td style="display: none;">Olympic</td><td style="display: none;"></td><td style="display: none;"></td><td style="display: none;">Organic</td><td style="display: none;"></td><td style="display: none;"></td><td style="display: none;"></td></tr><tr role="row" class="odd"><td tabindex="0"><i class="fas fa-hand-rock"></i></td><td class=" not_printable"><div class="addToGL" data-soscuisine-aisle="5" data-soscuisine-sip="3940931"><i class="fa fa-cart-plus" title="Add to My Grocery List"></i><div></div></div></td><td><img class="storeItemImage" alt="yogurt, fruit, more than 6% M.F." src="/media/images/store_item/blank.jpg"></td><td>yogurt, fruit, more than 6% M.F.</td><td class="not_printable sorting_1">dairy products &amp; eggs</td><td><img style="width:50%;" src="/media/images/logos/marchands/12.png" alt="Richelieu"></td><td><span itemprop="price">$2.99</span><span itemprop="eligibleQuantity" itemscope="" itemtype="http://schema.org/QuantitativeValue">/<span itemprop="unitText">500g</span></span></td><td>$5.98/kg</td><td style="display: none;">2020-02-26</td><td style="display: none;"></td><td style="display: none;">Liberté</td><td style="display: none;"></td><td style="display: none;">méditérranée, 9%</td><td style="display: none;"></td><td style="display: none;"></td><td style="display: none;"></td><td style="display: none;"></td></tr><tr role="row" class="even"><td tabindex="0"><i class="fas fa-hand-rock"></i></td><td class=" not_printable"><div class="addToGL" data-soscuisine-aisle="5" data-soscuisine-sip="3912885"><i class="fa fa-cart-plus" title="Add to My Grocery List"></i><div></div></div></td><td><img class="storeItemImage" alt="yogurt, plain" src="/media/images/store_item/blank.jpg"></td><td>yogurt, plain</td><td class="not_printable sorting_1">dairy products &amp; eggs</td><td><img style="width:50%;" src="/media/images/logos/marchands/94.png" alt="Avril"></td><td><span itemprop="price">$2.99</span><span itemprop="eligibleQuantity" itemscope="" itemtype="http://schema.org/QuantitativeValue">/<span itemprop="unitText">750g</span></span></td><td>$3.99/kg</td><td style="display: none;">2020-03-03</td><td style="display: none;"></td><td style="display: none;">Riviera</td><td style="display: none;"></td><td style="display: none;"></td><td style="display: none;"></td><td style="display: none;"></td><td style="display: none;"></td><td style="display: none;"><a class="recipeLink" href="/recipe_ingredient_search_results.php?query=(_QU5E__1__________20__[]_1_1)">Recipes with yogurt, plain</a></td></tr><tr role="row" class="odd"><td tabindex="0"><i class="fas fa-hand-rock"></i></td><td class=" not_printable"><div class="addToGL" data-soscuisine-aisle="5" data-soscuisine-sip="3937309"><i class="fa fa-cart-plus" title="Add to My Grocery List"></i><div></div></div></td><td><img class="storeItemImage" alt="yogurt, plain" src="/media/images/store_item/blank.jpg"></td><td>yogurt, plain</td><td class="not_printable sorting_1">dairy products &amp; eggs</td><td><img style="width:50%;" src="/media/images/logos/marchands/95.png" alt="Marchés Tau"></td><td><span itemprop="price">$2.99</span><span itemprop="eligibleQuantity" itemscope="" itemtype="http://schema.org/QuantitativeValue">/<span itemprop="unitText">750g</span></span></td><td>$3.99/kg</td><td style="display: none;">2020-03-29</td><td style="display: none;"></td><td style="display: none;">Riviera</td><td style="display: none;"></td><td style="display: none;"></td><td style="display: none;"></td><td style="display: none;"></td><td style="display: none;"></td><td style="display: none;"><a class="recipeLink" href="/recipe_ingredient_search_results.php?query=(_QU5E__1__________20__[]_1_1)">Recipes with yogurt, plain</a></td></tr><tr role="row" class="even"><td tabindex="0"><i class="fa fa-thumbs-up"></i><i class="fa fa-thumbs-up"></i></td><td class=" not_printable"><div class="addToGL" data-soscuisine-aisle="5" data-soscuisine-sip="3937559"><i class="fa fa-cart-plus" title="Add to My Grocery List"></i><div></div></div></td><td><img class="storeItemImage" alt="yogurt, plain" src="/media/images/store_item/blank.jpg"></td><td>yogurt, plain</td><td class="not_printable sorting_1">dairy products &amp; eggs</td><td><img style="width:50%;" src="/media/images/logos/marchands/6.png" alt="Maxi"></td><td><span itemprop="price">$1.00</span><span itemprop="eligibleQuantity" itemscope="" itemtype="http://schema.org/QuantitativeValue">/<span itemprop="unitText">500g</span></span></td><td>$2.00/kg</td><td style="display: none;">2020-02-26</td><td style="display: none;"></td><td style="display: none;">Beatrice</td><td style="display: none;"></td><td style="display: none;"></td><td style="display: none;"></td><td style="display: none;"></td><td style="display: none;"></td><td style="display: none;"><a class="recipeLink" href="/recipe_ingredient_search_results.php?query=(_QU5E__1__________20__[]_1_1)">Recipes with yogurt, plain</a></td></tr><tr role="row" class="odd"><td tabindex="0"><i class="fa fa-thumbs-down"></i></td><td class=" not_printable"><div class="addToGL" data-soscuisine-aisle="5" data-soscuisine-sip="3937895"><i class="fa fa-cart-plus" title="Add to My Grocery List"></i><div></div></div></td><td><img class="storeItemImage" alt="yogurt, plain" src="/media/images/store_item/blank.jpg"></td><td>yogurt, plain</td><td class="not_printable sorting_1">dairy products &amp; eggs</td><td><img style="width:50%;" src="/media/images/logos/marchands/1.png" alt="Metro"></td><td><span itemprop="price">$4.99</span><span itemprop="eligibleQuantity" itemscope="" itemtype="http://schema.org/QuantitativeValue">/<span itemprop="unitText">650g</span></span></td><td>$7.68/kg</td><td style="display: none;">2020-02-26</td><td style="display: none;"></td><td style="display: none;">Oikos</td><td style="display: none;"></td><td style="display: none;">greek</td><td style="display: none;"></td><td style="display: none;"></td><td style="display: none;"></td><td style="display: none;"><a class="recipeLink" href="/recipe_ingredient_search_results.php?query=(_QU5E__1__________20__[]_1_1)">Recipes with yogurt, plain</a></td></tr><tr role="row" class="even"><td tabindex="0"><i class="fas fa-hand-rock"></i></td><td class=" not_printable"><div class="addToGL" data-soscuisine-aisle="5" data-soscuisine-sip="3938293"><i class="fa fa-cart-plus" title="Add to My Grocery List"></i><div></div></div></td><td><img class="storeItemImage" alt="yogurt, plain" src="/media/images/store_item/blank.jpg"></td><td>yogurt, plain</td><td class="not_printable sorting_1">dairy products &amp; eggs</td><td><img style="width:50%;" src="/media/images/logos/marchands/2.png" alt="Provigo"></td><td><span itemprop="price">$2.99</span><span itemprop="eligibleQuantity" itemscope="" itemtype="http://schema.org/QuantitativeValue">/<span itemprop="unitText">650g</span></span></td><td>$4.60/kg</td><td style="display: none;">2020-02-26</td><td style="display: none;"></td><td style="display: none;">Astro</td><td style="display: none;"></td><td style="display: none;"></td><td style="display: none;"></td><td style="display: none;"></td><td style="display: none;"></td><td style="display: none;"><a class="recipeLink" href="/recipe_ingredient_search_results.php?query=(_QU5E__1__________20__[]_1_1)">Recipes with yogurt, plain</a></td></tr><tr role="row" class="odd"><td tabindex="0"><i class="fas fa-hand-rock"></i></td><td class=" not_printable"><div class="addToGL" data-soscuisine-aisle="5" data-soscuisine-sip="3938033"><i class="fa fa-cart-plus" title="Add to My Grocery List"></i><div></div></div></td><td><img class="storeItemImage" alt="yogurt, plain" src="/media/images/store_item/blank.jpg"></td><td>yogurt, plain</td><td class="not_printable sorting_1">dairy products &amp; eggs</td><td><img style="width:50%;" src="/media/images/logos/marchands/2.png" alt="Provigo"></td><td><span itemprop="price">$4.99</span><span itemprop="eligibleQuantity" itemscope="" itemtype="http://schema.org/QuantitativeValue">/<span itemprop="unitText">750g</span></span></td><td>$6.65/kg</td><td style="display: none;">2020-02-26</td><td style="display: none;"></td><td style="display: none;">Liberté</td><td style="display: none;"></td><td style="display: none;">greek</td><td style="display: none;"></td><td style="display: none;"></td><td style="display: none;"></td><td style="display: none;"><a class="recipeLink" href="/recipe_ingredient_search_results.php?query=(_QU5E__1__________20__[]_1_1)">Recipes with yogurt, plain</a></td></tr><tr role="row" class="even"><td tabindex="0"><i class="fas fa-hand-rock"></i></td><td class=" not_printable"><div class="addToGL" data-soscuisine-aisle="5" data-soscuisine-sip="3940645"><i class="fa fa-cart-plus" title="Add to My Grocery List"></i><div></div></div></td><td><img class="storeItemImage" alt="yogurt, plain" src="/media/images/store_item/blank.jpg"></td><td>yogurt, plain</td><td class="not_printable sorting_1">dairy products &amp; eggs</td><td><img style="width:50%;" src="/media/images/logos/marchands/5.png" alt="Super C"></td><td><span itemprop="price">$4.99</span><span itemprop="eligibleQuantity" itemscope="" itemtype="http://schema.org/QuantitativeValue">/<span itemprop="unitText">750g</span></span></td><td>$6.65/kg</td><td style="display: none;">2020-02-26</td><td style="display: none;">Quebec</td><td style="display: none;">Oikos</td><td style="display: none;"></td><td style="display: none;"></td><td style="display: none;"></td><td style="display: none;"></td><td style="display: none;"></td><td style="display: none;"><a class="recipeLink" href="/recipe_ingredient_search_results.php?query=(_QU5E__1__________20__[]_1_1)">Recipes with yogurt, plain</a></td></tr><tr role="row" class="odd"><td tabindex="0"><i class="fas fa-hand-rock"></i></td><td class=" not_printable"><div class="addToGL" data-soscuisine-aisle="5" data-soscuisine-sip="3940459"><i class="fa fa-cart-plus" title="Add to My Grocery List"></i><div></div></div></td><td><img class="storeItemImage" alt="yogurt, plain" src="/media/images/store_item/blank.jpg"></td><td>yogurt, plain</td><td class="not_printable sorting_1">dairy products &amp; eggs</td><td><img style="width:50%;" src="/media/images/logos/marchands/11.png" alt="Tradition"></td><td><span itemprop="price">$9.98</span><span itemprop="eligibleQuantity" itemscope="" itemtype="http://schema.org/QuantitativeValue">/<span itemprop="value">2</span>x<span itemprop="unitText">750g</span></span></td><td>$6.65/kg</td><td style="display: none;">2020-02-26</td><td style="display: none;">Quebec</td><td style="display: none;">Liberté</td><td style="display: none;"></td><td style="display: none;">greek</td><td style="display: none;"></td><td style="display: none;"></td><td style="display: none;"></td><td style="display: none;"><a class="recipeLink" href="/recipe_ingredient_search_results.php?query=(_QU5E__1__________20__[]_1_1)">Recipes with yogurt, plain</a></td></tr><tr role="row" class="even"><td tabindex="0"><i class="fas fa-exclamation"></i></td><td class=" not_printable"><div class="addToGL" data-soscuisine-aisle="5" data-soscuisine-sip="3937891"><i class="fa fa-cart-plus" title="Add to My Grocery List"></i><div></div></div></td><td><img class="storeItemImage" alt="yogurt, plain, more than 6% M.F." src="/media/images/store_item/blank.jpg"></td><td>yogurt, plain, more than 6% M.F.</td><td class="not_printable sorting_1">dairy products &amp; eggs</td><td><img style="width:50%;" src="/media/images/logos/marchands/1.png" alt="Metro"></td><td><span itemprop="price">$2.99</span><span itemprop="eligibleQuantity" itemscope="" itemtype="http://schema.org/QuantitativeValue">/<span itemprop="unitText">500g</span></span></td><td>$5.98/kg</td><td style="display: none;">2020-02-26</td><td style="display: none;"></td><td style="display: none;">Liberté</td><td style="display: none;"></td><td style="display: none;">méditérranée, 9%</td><td style="display: none;"></td><td style="display: none;"></td><td style="display: none;"></td><td style="display: none;"><a class="recipeLink" href="/recipe_ingredient_search_results.php?query=(_QU5E__1__________1253__[]_1_1)">Recipes with yogurt, plain, more than 6% M.F.</a></td></tr><tr role="row" class="odd"><td tabindex="0"><i class="fa fa-thumbs-down"></i></td><td class=" not_printable"><div class="addToGL" data-soscuisine-aisle="5" data-soscuisine-sip="3939645"><i class="fa fa-cart-plus" title="Add to My Grocery List"></i><div></div></div></td><td><img class="storeItemImage" alt="yogurt, probiotic" src="/media/images/store_item/blank.jpg"></td><td>yogurt, probiotic</td><td class="not_printable sorting_1">dairy products &amp; eggs</td><td><img style="width:50%;" src="/media/images/logos/marchands/10.png" alt="Bonichoix"></td><td><span itemprop="price">$4.49</span><span itemprop="eligibleQuantity" itemscope="" itemtype="http://schema.org/QuantitativeValue">/<span itemprop="value">8</span>x<span itemprop="unitText">100g</span></span></td><td>$5.61/kg</td><td style="display: none;">2020-02-26</td><td style="display: none;">Quebec</td><td style="display: none;">Activia</td><td style="display: none;"></td><td style="display: none;"></td><td style="display: none;"></td><td style="display: none;"></td><td style="display: none;"></td><td style="display: none;"><a class="recipeLink" href="/recipe_ingredient_search_results.php?query=(_QU5E__1__________999__[]_1_1)">Recipes with yogurt, probiotic</a></td></tr><tr role="row" class="even"><td tabindex="0"><i class="fas fa-hand-rock"></i></td><td class=" not_printable"><div class="addToGL" data-soscuisine-aisle="5" data-soscuisine-sip="3939659"><i class="fa fa-cart-plus" title="Add to My Grocery List"></i><div></div></div></td><td><img class="storeItemImage" alt="yogurt, probiotic" src="/media/images/store_item/blank.jpg"></td><td>yogurt, probiotic</td><td class="not_printable sorting_1">dairy products &amp; eggs</td><td><img style="width:50%;" src="/media/images/logos/marchands/3.png" alt="IGA"></td><td><span itemprop="price">$9.99</span><span itemprop="eligibleQuantity" itemscope="" itemtype="http://schema.org/QuantitativeValue">/<span itemprop="value">24</span>x<span itemprop="unitText">100g</span></span></td><td>$4.16/kg</td><td style="display: none;">2020-02-26</td><td style="display: none;"></td><td style="display: none;">Activia</td><td style="display: none;"></td><td style="display: none;"></td><td style="display: none;"></td><td style="display: none;"></td><td style="display: none;"></td><td style="display: none;"><a class="recipeLink" href="/recipe_ingredient_search_results.php?query=(_QU5E__1__________999__[]_1_1)">Recipes with yogurt, probiotic</a></td></tr><tr role="row" class="odd"><td tabindex="0"><i class="fas fa-hand-rock"></i></td><td class=" not_printable"><div class="addToGL" data-soscuisine-aisle="5" data-soscuisine-sip="3939163"><i class="fa fa-cart-plus" title="Add to My Grocery List"></i><div></div></div></td><td><img class="storeItemImage" alt="yogurt, probiotic" src="/media/images/store_item/blank.jpg"></td><td>yogurt, probiotic</td><td class="not_printable sorting_1">dairy products &amp; eggs</td><td><img style="width:50%;" src="/media/images/logos/marchands/63.png" alt="Marché Adonis"></td><td><span itemprop="price">$9.99</span><span itemprop="eligibleQuantity" itemscope="" itemtype="http://schema.org/QuantitativeValue">/<span itemprop="value">24</span>x<span itemprop="unitText">100g</span></span></td><td>$4.16/kg</td><td style="display: none;">2020-02-26</td><td style="display: none;"></td><td style="display: none;">Activia</td><td style="display: none;"></td><td style="display: none;"></td><td style="display: none;"></td><td style="display: none;"></td><td style="display: none;"></td><td style="display: none;"><a class="recipeLink" href="/recipe_ingredient_search_results.php?query=(_QU5E__1__________999__[]_1_1)">Recipes with yogurt, probiotic</a></td></tr><tr role="row" class="even"><td tabindex="0"><i class="fas fa-hand-rock"></i></td><td class=" not_printable"><div class="addToGL" data-soscuisine-aisle="5" data-soscuisine-sip="3937883"><i class="fa fa-cart-plus" title="Add to My Grocery List"></i><div></div></div></td><td><img class="storeItemImage" alt="yogurt, probiotic" src="/media/images/store_item/blank.jpg"></td><td>yogurt, probiotic</td><td class="not_printable sorting_1">dairy products &amp; eggs</td><td><img style="width:50%;" src="/media/images/logos/marchands/1.png" alt="Metro"></td><td><span itemprop="price">$2.99</span><span itemprop="eligibleQuantity" itemscope="" itemtype="http://schema.org/QuantitativeValue">/<span itemprop="unitText">650g</span></span></td><td>$4.60/kg</td><td style="display: none;">2020-02-26</td><td style="display: none;"></td><td style="display: none;">IÖGO</td><td style="display: none;"></td><td style="display: none;"></td><td style="display: none;"></td><td style="display: none;"></td><td style="display: none;"></td><td style="display: none;"><a class="recipeLink" href="/recipe_ingredient_search_results.php?query=(_QU5E__1__________999__[]_1_1)">Recipes with yogurt, probiotic</a></td></tr><tr role="row" class="odd"><td tabindex="0"><i class="fa fa-thumbs-down"></i></td><td class=" not_printable"><div class="addToGL" data-soscuisine-aisle="5" data-soscuisine-sip="3937885"><i class="fa fa-cart-plus" title="Add to My Grocery List"></i><div></div></div></td><td><img class="storeItemImage" alt="yogurt, probiotic" src="/media/images/store_item/blank.jpg"></td><td>yogurt, probiotic</td><td class="not_printable sorting_1">dairy products &amp; eggs</td><td><img style="width:50%;" src="/media/images/logos/marchands/1.png" alt="Metro"></td><td><span itemprop="price">$3.99</span><span itemprop="eligibleQuantity" itemscope="" itemtype="http://schema.org/QuantitativeValue">/<span itemprop="value">8</span>x<span itemprop="unitText">100g</span></span></td><td>$4.99/kg</td><td style="display: none;">2020-02-26</td><td style="display: none;"></td><td style="display: none;">Activia</td><td style="display: none;"></td><td style="display: none;"></td><td style="display: none;"></td><td style="display: none;"></td><td style="display: none;"></td><td style="display: none;"><a class="recipeLink" href="/recipe_ingredient_search_results.php?query=(_QU5E__1__________999__[]_1_1)">Recipes with yogurt, probiotic</a></td></tr><tr role="row" class="even"><td tabindex="0"><i class="fas fa-hand-rock"></i></td><td class=" not_printable"><div class="addToGL" data-soscuisine-aisle="5" data-soscuisine-sip="3938031"><i class="fa fa-cart-plus" title="Add to My Grocery List"></i><div></div></div></td><td><img class="storeItemImage" alt="yogurt, probiotic" src="/media/images/store_item/blank.jpg"></td><td>yogurt, probiotic</td><td class="not_printable sorting_1">dairy products &amp; eggs</td><td><img style="width:50%;" src="/media/images/logos/marchands/2.png" alt="Provigo"></td><td><span itemprop="price">$4.99</span><span itemprop="eligibleQuantity" itemscope="" itemtype="http://schema.org/QuantitativeValue">/<span itemprop="value">12</span>x<span itemprop="unitText">100g</span></span></td><td>$4.16/kg</td><td style="display: none;">2020-02-26</td><td style="display: none;"></td><td style="display: none;">Activia</td><td style="display: none;"></td><td style="display: none;"></td><td style="display: none;"></td><td style="display: none;"></td><td style="display: none;"></td><td style="display: none;"><a class="recipeLink" href="/recipe_ingredient_search_results.php?query=(_QU5E__1__________999__[]_1_1)">Recipes with yogurt, probiotic</a></td></tr><tr role="row" class="odd"><td tabindex="0"><i class="fas fa-hand-rock"></i></td><td class=" not_printable"><div class="addToGL" data-soscuisine-aisle="5" data-soscuisine-sip="3940845"><i class="fa fa-cart-plus" title="Add to My Grocery List"></i><div></div></div></td><td><img class="storeItemImage" alt="yogurt, probiotic" src="/media/images/store_item/blank.jpg"></td><td>yogurt, probiotic</td><td class="not_printable sorting_1">dairy products &amp; eggs</td><td><img style="width:50%;" src="/media/images/logos/marchands/12.png" alt="Richelieu"></td><td><span itemprop="price">$9.99</span><span itemprop="eligibleQuantity" itemscope="" itemtype="http://schema.org/QuantitativeValue">/<span itemprop="value">24</span>x<span itemprop="unitText">100g</span></span></td><td>$4.16/kg</td><td style="display: none;">2020-02-26</td><td style="display: none;"></td><td style="display: none;">Activia</td><td style="display: none;"></td><td style="display: none;"></td><td style="display: none;"></td><td style="display: none;"></td><td style="display: none;"></td><td style="display: none;"><a class="recipeLink" href="/recipe_ingredient_search_results.php?query=(_QU5E__1__________999__[]_1_1)">Recipes with yogurt, probiotic</a></td></tr><tr role="row" class="even"><td tabindex="0"><i class="fa fa-thumbs-up"></i><i class="fa fa-thumbs-up"></i></td><td class=" not_printable"><div class="addToGL" data-soscuisine-aisle="5" data-soscuisine-sip="3940751"><i class="fa fa-cart-plus" title="Add to My Grocery List"></i><div></div></div></td><td><img class="storeItemImage" alt="yogurt, probiotic" src="/media/images/store_item/blank.jpg"></td><td>yogurt, probiotic</td><td class="not_printable sorting_1">dairy products &amp; eggs</td><td><img style="width:50%;" src="/media/images/logos/marchands/5.png" alt="Super C"></td><td><span itemprop="price">$1.99</span><span itemprop="eligibleQuantity" itemscope="" itemtype="http://schema.org/QuantitativeValue">/<span itemprop="unitText">650g</span></span></td><td>$3.06/kg</td><td style="display: none;">2020-02-26</td><td style="display: none;"></td><td style="display: none;">IÖGO</td><td style="display: none;"></td><td style="display: none;"></td><td style="display: none;"></td><td style="display: none;"></td><td style="display: none;"></td><td style="display: none;"><a class="recipeLink" href="/recipe_ingredient_search_results.php?query=(_QU5E__1__________999__[]_1_1)">Recipes with yogurt, probiotic</a></td></tr><tr role="row" class="odd"><td tabindex="0"><i class="fas fa-hand-rock"></i></td><td class=" not_printable"><div class="addToGL" data-soscuisine-aisle="5" data-soscuisine-sip="3940643"><i class="fa fa-cart-plus" title="Add to My Grocery List"></i><div></div></div></td><td><img class="storeItemImage" alt="yogurt, probiotic" src="/media/images/store_item/blank.jpg"></td><td>yogurt, probiotic</td><td class="not_printable sorting_1">dairy products &amp; eggs</td><td><img style="width:50%;" src="/media/images/logos/marchands/5.png" alt="Super C"></td><td><span itemprop="price">$4.99</span><span itemprop="eligibleQuantity" itemscope="" itemtype="http://schema.org/QuantitativeValue">/<span itemprop="value">12</span>x<span itemprop="unitText">100g</span></span></td><td>$4.16/kg</td><td style="display: none;">2020-02-26</td><td style="display: none;"></td><td style="display: none;">Activia</td><td style="display: none;"></td><td style="display: none;"></td><td style="display: none;"></td><td style="display: none;"></td><td style="display: none;"></td><td style="display: none;"><a class="recipeLink" href="/recipe_ingredient_search_results.php?query=(_QU5E__1__________999__[]_1_1)">Recipes with yogurt, probiotic</a></td></tr><tr role="row" class="even"><td tabindex="0"><i class="fa fa-thumbs-down"></i></td><td class=" not_printable"><div class="addToGL" data-soscuisine-aisle="5" data-soscuisine-sip="3940815"><i class="fa fa-cart-plus" title="Add to My Grocery List"></i><div></div></div></td><td><img class="storeItemImage" alt="yogurt, probiotic" src="/media/images/store_item/blank.jpg"></td><td>yogurt, probiotic</td><td class="not_printable sorting_1">dairy products &amp; eggs</td><td><img style="width:50%;" src="/media/images/logos/marchands/11.png" alt="Tradition"></td><td><span itemprop="price">$3.49</span><span itemprop="eligibleQuantity" itemscope="" itemtype="http://schema.org/QuantitativeValue">/<span itemprop="unitText">650g</span></span></td><td>$5.37/kg</td><td style="display: none;">2020-02-26</td><td style="display: none;">Quebec</td><td style="display: none;">Activia</td><td style="display: none;"></td><td style="display: none;"></td><td style="display: none;"></td><td style="display: none;"></td><td style="display: none;"></td><td style="display: none;"><a class="recipeLink" href="/recipe_ingredient_search_results.php?query=(_QU5E__1__________999__[]_1_1)">Recipes with yogurt, probiotic</a></td></tr><tr role="row" class="odd"><td tabindex="0"><i class="fa fa-thumbs-up"></i><i class="fa fa-thumbs-up"></i></td><td class=" not_printable"><div class="addToGL" data-soscuisine-aisle="5" data-soscuisine-sip="3941033"><i class="fa fa-cart-plus" title="Add to My Grocery List"></i><div></div></div></td><td><img class="storeItemImage" alt="yogurt, probiotic" src="/media/images/store_item/blank.jpg"></td><td>yogurt, probiotic</td><td class="not_printable sorting_1">dairy products &amp; eggs</td><td><img style="width:50%;" src="/media/images/logos/marchands/73.png" alt="Walmart"></td><td><span itemprop="price">$4.27</span><span itemprop="eligibleQuantity" itemscope="" itemtype="http://schema.org/QuantitativeValue">/<span itemprop="value">12</span>x<span itemprop="unitText">100g</span></span></td><td>$3.56/kg</td><td style="display: none;">2020-02-26</td><td style="display: none;"></td><td style="display: none;">IÖGO</td><td style="display: none;"></td><td style="display: none;"></td><td style="display: none;"></td><td style="display: none;"></td><td style="display: none;">participating stores</td><td style="display: none;"><a class="recipeLink" href="/recipe_ingredient_search_results.php?query=(_QU5E__1__________999__[]_1_1)">Recipes with yogurt, probiotic</a></td></tr><tr role="row" class="even"><td tabindex="0"><i class="fas fa-hand-rock"></i></td><td class=" not_printable"><div class="addToGL" data-soscuisine-aisle="6" data-soscuisine-sip="3938225"><i class="fa fa-cart-plus" title="Add to My Grocery List"></i><div></div></div></td><td><img class="storeItemImage" itemprop="image" alt="beef cubes for stewing" src="/media/images/store_item/535.jpg"></td><td>beef cubes for stewing</td><td class="not_printable sorting_1">meat &amp; poultry</td><td><img style="width:50%;" src="/media/images/logos/marchands/2.png" alt="Provigo"></td><td><span itemprop="price">$5.99</span><span itemprop="eligibleQuantity" itemscope="" itemtype="http://schema.org/QuantitativeValue">/<span itemprop="unitText">lb</span></span></td><td>$13.21/kg</td><td style="display: none;">2020-02-26</td><td style="display: none;"></td><td style="display: none;"></td><td style="display: none;"></td><td style="display: none;"></td><td style="display: none;"></td><td style="display: none;">fresh, family pack</td><td style="display: none;"></td><td style="display: none;"><a class="recipeLink" href="/recipe_ingredient_search_results.php?query=(_QU5E__1__________535__[]_1_1)">Recipes with beef cubes for stewing</a></td></tr><tr role="row" class="odd"><td tabindex="0"><i class="fas fa-circle"></i></td><td class=" not_printable"><div class="addToGL" data-soscuisine-aisle="6" data-soscuisine-sip="3941023"><i class="fa fa-cart-plus" title="Add to My Grocery List"></i><div></div></div></td><td><img class="storeItemImage" itemprop="image" alt="beef cubes for stewing" src="/media/images/store_item/535.jpg"></td><td>beef cubes for stewing</td><td class="not_printable sorting_1">meat &amp; poultry</td><td><img style="width:50%;" src="/media/images/logos/marchands/73.png" alt="Walmart"></td><td><span itemprop="price">$10.00</span><span itemprop="eligibleQuantity" itemscope="" itemtype="http://schema.org/QuantitativeValue">/<span itemprop="unitText">pack</span></span></td><td>N/A</td><td style="display: none;">2020-02-26</td><td style="display: none;">Canada</td><td style="display: none;">house brand</td><td style="display: none;">standard</td><td style="display: none;">Angus</td><td style="display: none;">Cat.AAA</td><td style="display: none;">boneless</td><td style="display: none;">supercentres only</td><td style="display: none;"><a class="recipeLink" href="/recipe_ingredient_search_results.php?query=(_QU5E__1__________535__[]_1_1)">Recipes with beef cubes for stewing</a></td></tr><tr role="row" class="even"><td tabindex="0"><i class="fa fa-thumbs-down"></i></td><td class=" not_printable"><div class="addToGL" data-soscuisine-aisle="6" data-soscuisine-sip="3939585"><i class="fa fa-cart-plus" title="Add to My Grocery List"></i><div></div></div></td><td><img class="storeItemImage" itemprop="image" alt="beef, blade roast/steak" src="/media/images/store_item/416.jpg"></td><td>beef, blade roast/steak</td><td class="not_printable sorting_1">meat &amp; poultry</td><td><img style="width:50%;" src="/media/images/logos/marchands/10.png" alt="Bonichoix"></td><td><span itemprop="price">$7.49</span><span itemprop="eligibleQuantity" itemscope="" itemtype="http://schema.org/QuantitativeValue">/<span itemprop="unitText">lb</span></span></td><td>$16.51/kg</td><td style="display: none;">2020-02-26</td><td style="display: none;"></td><td style="display: none;"></td><td style="display: none;"></td><td style="display: none;"></td><td style="display: none;"></td><td style="display: none;">boneless</td><td style="display: none;">roast or bottom roast</td><td style="display: none;"><a class="recipeLink" href="/recipe_ingredient_search_results.php?query=(_QU5E__1__________416__[]_1_1)">Recipes with beef, blade roast/steak</a></td></tr><tr role="row" class="odd"><td tabindex="0"><i class="fas fa-hand-rock"></i></td><td class=" not_printable"><div class="addToGL" data-soscuisine-aisle="6" data-soscuisine-sip="3938043"><i class="fa fa-cart-plus" title="Add to My Grocery List"></i><div></div></div></td><td><img class="storeItemImage" itemprop="image" alt="beef, blade roast/steak" src="/media/images/store_item/416.jpg"></td><td>beef, blade roast/steak</td><td class="not_printable sorting_1">meat &amp; poultry</td><td><img style="width:50%;" src="/media/images/logos/marchands/7.png" alt="Intermarché (Saveurs intl.)"></td><td><span itemprop="price">$4.00</span><span itemprop="eligibleQuantity" itemscope="" itemtype="http://schema.org/QuantitativeValue">/<span itemprop="unitText">lb</span></span></td><td>$8.82/kg</td><td style="display: none;">2020-02-26</td><td style="display: none;"></td><td style="display: none;"></td><td style="display: none;"></td><td style="display: none;"></td><td style="display: none;"></td><td style="display: none;">boneless</td><td style="display: none;">roast</td><td style="display: none;"><a class="recipeLink" href="/recipe_ingredient_search_results.php?query=(_QU5E__1__________416__[]_1_1)">Recipes with beef, blade roast/steak</a></td></tr><tr role="row" class="even"><td tabindex="0"><i class="fas fa-hand-rock"></i></td><td class=" not_printable"><div class="addToGL" data-soscuisine-aisle="6" data-soscuisine-sip="3940583"><i class="fa fa-cart-plus" title="Add to My Grocery List"></i><div></div></div></td><td><img class="storeItemImage" itemprop="image" alt="beef, blade roast/steak" src="/media/images/store_item/416.jpg"></td><td>beef, blade roast/steak</td><td class="not_printable sorting_1">meat &amp; poultry</td><td><img style="width:50%;" src="/media/images/logos/marchands/5.png" alt="Super C"></td><td><span itemprop="price">$6.99</span><span itemprop="eligibleQuantity" itemscope="" itemtype="http://schema.org/QuantitativeValue">/<span itemprop="unitText">lb</span></span></td><td>$15.41/kg</td><td style="display: none;">2020-02-26</td><td style="display: none;"></td><td style="display: none;"></td><td style="display: none;"></td><td style="display: none;"></td><td style="display: none;"></td><td style="display: none;">boneless</td><td style="display: none;"></td><td style="display: none;"><a class="recipeLink" href="/recipe_ingredient_search_results.php?query=(_QU5E__1__________416__[]_1_1)">Recipes with beef, blade roast/steak</a></td></tr><tr role="row" class="odd"><td tabindex="0"><i class="fa fa-thumbs-down"></i></td><td class=" not_printable"><div class="addToGL" data-soscuisine-aisle="6" data-soscuisine-sip="3940653"><i class="fa fa-cart-plus" title="Add to My Grocery List"></i><div></div></div></td><td><img class="storeItemImage" itemprop="image" alt="beef, blade roast/steak" src="/media/images/store_item/416.jpg"></td><td>beef, blade roast/steak</td><td class="not_printable sorting_1">meat &amp; poultry</td><td><img style="width:50%;" src="/media/images/logos/marchands/11.png" alt="Tradition"></td><td><span itemprop="price">$7.49</span><span itemprop="eligibleQuantity" itemscope="" itemtype="http://schema.org/QuantitativeValue">/<span itemprop="unitText">lb</span></span></td><td>$16.51/kg</td><td style="display: none;">2020-02-26</td><td style="display: none;"></td><td style="display: none;"></td><td style="display: none;"></td><td style="display: none;"></td><td style="display: none;"></td><td style="display: none;">boneless</td><td style="display: none;">roast or bottom roast</td><td style="display: none;"><a class="recipeLink" href="/recipe_ingredient_search_results.php?query=(_QU5E__1__________416__[]_1_1)">Recipes with beef, blade roast/steak</a></td></tr><tr role="row" class="even"><td tabindex="0"><i class="fa fa-thumbs-up"></i></td><td class=" not_printable"><div class="addToGL" data-soscuisine-aisle="6" data-soscuisine-sip="3938607"><i class="fa fa-cart-plus" title="Add to My Grocery List"></i><div></div></div></td><td><img class="storeItemImage" alt="beef, bourguignon cubes" src="/media/images/store_item/blank.jpg"></td><td>beef, bourguignon cubes</td><td class="not_printable sorting_1">meat &amp; poultry</td><td><img style="width:50%;" src="/media/images/logos/marchands/69.png" alt="Intermarche (Provincial)"></td><td><span itemprop="price">$5.99</span><span itemprop="eligibleQuantity" itemscope="" itemtype="http://schema.org/QuantitativeValue">/<span itemprop="unitText">lb</span></span></td><td>$13.21/kg</td><td style="display: none;">2020-02-26</td><td style="display: none;">Canada</td><td style="display: none;"></td><td style="display: none;"></td><td style="display: none;"></td><td style="display: none;">Cat.A or better</td><td style="display: none;">large pack</td><td style="display: none;"></td><td style="display: none;"><a class="recipeLink" href="/recipe_ingredient_search_results.php?query=(_QU5E__1__________621__[]_1_1)">Recipes with beef, bourguignon cubes</a></td></tr><tr role="row" class="odd"><td tabindex="0"><i class="fa fa-thumbs-down"></i></td><td class=" not_printable"><div class="addToGL" data-soscuisine-aisle="6" data-soscuisine-sip="3938125"><i class="fa fa-cart-plus" title="Add to My Grocery List"></i><div></div></div></td><td><img class="storeItemImage" alt="beef, cross rib roast/steak" src="/media/images/store_item/blank.jpg"></td><td>beef, cross rib roast/steak</td><td class="not_printable sorting_1">meat &amp; poultry</td><td><img style="width:50%;" src="/media/images/logos/marchands/7.png" alt="Intermarché (Saveurs intl.)"></td><td><span itemprop="price">$5.99</span><span itemprop="eligibleQuantity" itemscope="" itemtype="http://schema.org/QuantitativeValue">/<span itemprop="unitText">lb</span></span></td><td>$13.21/kg</td><td style="display: none;">2020-02-26</td><td style="display: none;">Canada</td><td style="display: none;"></td><td style="display: none;"></td><td style="display: none;"></td><td style="display: none;">Cat.A or better</td><td style="display: none;">boneless, large size</td><td style="display: none;">roast</td><td style="display: none;"><a class="recipeLink" href="/recipe_ingredient_search_results.php?query=(_QU5E__1__________561__[]_1_1)">Recipes with beef, cross rib roast/steak</a></td></tr><tr role="row" class="even"><td tabindex="0"><i class="fa fa-thumbs-down"></i></td><td class=" not_printable"><div class="addToGL" data-soscuisine-aisle="6" data-soscuisine-sip="3940581"><i class="fa fa-cart-plus" title="Add to My Grocery List"></i><div></div></div></td><td><img class="storeItemImage" alt="beef, cross rib roast/steak" src="/media/images/store_item/blank.jpg"></td><td>beef, cross rib roast/steak</td><td class="not_printable sorting_1">meat &amp; poultry</td><td><img style="width:50%;" src="/media/images/logos/marchands/5.png" alt="Super C"></td><td><span itemprop="price">$6.99</span><span itemprop="eligibleQuantity" itemscope="" itemtype="http://schema.org/QuantitativeValue">/<span itemprop="unitText">lb</span></span></td><td>$15.41/kg</td><td style="display: none;">2020-02-26</td><td style="display: none;"></td><td style="display: none;"></td><td style="display: none;"></td><td style="display: none;"></td><td style="display: none;"></td><td style="display: none;">boneless</td><td style="display: none;"></td><td style="display: none;"><a class="recipeLink" href="/recipe_ingredient_search_results.php?query=(_QU5E__1__________561__[]_1_1)">Recipes with beef, cross rib roast/steak</a></td></tr><tr role="row" class="odd"><td tabindex="0"><i class="fa fa-thumbs-down"></i></td><td class=" not_printable"><div class="addToGL" data-soscuisine-aisle="6" data-soscuisine-sip="3939587"><i class="fa fa-cart-plus" title="Add to My Grocery List"></i><div></div></div></td><td><img class="storeItemImage" alt="beef, filets mignon" src="/media/images/store_item/blank.jpg"></td><td>beef, filets mignon</td><td class="not_printable sorting_1">meat &amp; poultry</td><td><img style="width:50%;" src="/media/images/logos/marchands/10.png" alt="Bonichoix"></td><td><span itemprop="price">$24.99</span><span itemprop="eligibleQuantity" itemscope="" itemtype="http://schema.org/QuantitativeValue">/<span itemprop="unitText">lb</span></span></td><td>$55.09/kg</td><td style="display: none;">2020-02-26</td><td style="display: none;"></td><td style="display: none;"></td><td style="display: none;"></td><td style="display: none;"></td><td style="display: none;"></td><td style="display: none;">steak</td><td style="display: none;">or roast</td><td style="display: none;"><a class="recipeLink" href="/recipe_ingredient_search_results.php?query=(_QU5E__1__________245__[]_1_1)">Recipes with beef, filets mignon</a></td></tr><tr role="row" class="even"><td tabindex="0"><i class="fa fa-thumbs-up"></i><i class="fa fa-thumbs-up"></i></td><td class=" not_printable"><div class="addToGL" data-soscuisine-aisle="6" data-soscuisine-sip="3937609"><i class="fa fa-cart-plus" title="Add to My Grocery List"></i><div></div></div></td><td><img class="storeItemImage" alt="beef, flank steak" src="/media/images/store_item/blank.jpg"></td><td>beef, flank steak</td><td class="not_printable sorting_1">meat &amp; poultry</td><td><img style="width:50%;" src="/media/images/logos/marchands/1.png" alt="Metro"></td><td><span itemprop="price">$10.99</span><span itemprop="eligibleQuantity" itemscope="" itemtype="http://schema.org/QuantitativeValue">/<span itemprop="unitText">lb</span></span></td><td>$24.23/kg</td><td style="display: none;">2020-02-26</td><td style="display: none;"></td><td style="display: none;"></td><td style="display: none;"></td><td style="display: none;"></td><td style="display: none;"></td><td style="display: none;"></td><td style="display: none;"></td><td style="display: none;"><a class="recipeLink" href="/recipe_ingredient_search_results.php?query=(_QU5E__1__________632__[]_1_1)">Recipes with beef, flank steak</a></td></tr><tr role="row" class="odd"><td tabindex="0"><i class="fa fa-thumbs-down"></i></td><td class=" not_printable"><div class="addToGL" data-soscuisine-aisle="6" data-soscuisine-sip="3937715"><i class="fa fa-cart-plus" title="Add to My Grocery List"></i><div></div></div></td><td><img class="storeItemImage" itemprop="image" alt="beef, ground, extra-lean" src="/media/images/store_item/240.jpg"></td><td>beef, ground, extra-lean</td><td class="not_printable sorting_1">meat &amp; poultry</td><td><img style="width:50%;" src="/media/images/logos/marchands/1.png" alt="Metro"></td><td><span itemprop="price">$6.99</span><span itemprop="eligibleQuantity" itemscope="" itemtype="http://schema.org/QuantitativeValue">/<span itemprop="unitText">lb</span></span></td><td>$15.41/kg</td><td style="display: none;">2020-02-26</td><td style="display: none;"></td><td style="display: none;"></td><td style="display: none;"></td><td style="display: none;"></td><td style="display: none;"></td><td style="display: none;">fresh, large pack</td><td style="display: none;"></td><td style="display: none;"><a class="recipeLink" href="/recipe_ingredient_search_results.php?query=(_QU5E__1__________240__[]_1_1)">Recipes with beef, ground, extra-lean</a></td></tr><tr role="row" class="even"><td tabindex="0"><i class="fas fa-hand-rock"></i></td><td class=" not_printable"><div class="addToGL" data-soscuisine-aisle="6" data-soscuisine-sip="3939779"><i class="fa fa-cart-plus" title="Add to My Grocery List"></i><div></div></div></td><td><img class="storeItemImage" itemprop="image" alt="beef, ground, lean" src="/media/images/store_item/6.jpg"></td><td>beef, ground, lean</td><td class="not_printable sorting_1">meat &amp; poultry</td><td><img style="width:50%;" src="/media/images/logos/marchands/10.png" alt="Bonichoix"></td><td><span itemprop="price">$5.99</span><span itemprop="eligibleQuantity" itemscope="" itemtype="http://schema.org/QuantitativeValue">/<span itemprop="unitText">lb</span></span></td><td>$13.21/kg</td><td style="display: none;">2020-02-26</td><td style="display: none;"></td><td style="display: none;"></td><td style="display: none;"></td><td style="display: none;"></td><td style="display: none;"></td><td style="display: none;">fresh or frozen parts, large pack</td><td style="display: none;"></td><td style="display: none;"><a class="recipeLink" href="/recipe_ingredient_search_results.php?query=(_QU5E__1__________6__[]_1_1)">Recipes with beef, ground, lean</a></td></tr><tr role="row" class="odd"><td tabindex="0"><i class="fa fa-thumbs-up"></i></td><td class=" not_printable"><div class="addToGL" data-soscuisine-aisle="6" data-soscuisine-sip="3938615"><i class="fa fa-cart-plus" title="Add to My Grocery List"></i><div></div></div></td><td><img class="storeItemImage" itemprop="image" alt="beef, ground, lean" src="/media/images/store_item/6.jpg"></td><td>beef, ground, lean</td><td class="not_printable sorting_1">meat &amp; poultry</td><td><img style="width:50%;" src="/media/images/logos/marchands/69.png" alt="Intermarche (Provincial)"></td><td><span itemprop="price">$10.00</span><span itemprop="eligibleQuantity" itemscope="" itemtype="http://schema.org/QuantitativeValue">/<span itemprop="unitText">1,2kg</span></span></td><td>$8.33/kg</td><td style="display: none;">2020-02-26</td><td style="display: none;"></td><td style="display: none;"></td><td style="display: none;"></td><td style="display: none;"></td><td style="display: none;"></td><td style="display: none;">frozen</td><td style="display: none;"></td><td style="display: none;"><a class="recipeLink" href="/recipe_ingredient_search_results.php?query=(_QU5E__1__________6__[]_1_1)">Recipes with beef, ground, lean</a></td></tr><tr role="row" class="even"><td tabindex="0"><i class="fa fa-thumbs-up"></i></td><td class=" not_printable"><div class="addToGL" data-soscuisine-aisle="6" data-soscuisine-sip="3938149"><i class="fa fa-cart-plus" title="Add to My Grocery List"></i><div></div></div></td><td><img class="storeItemImage" itemprop="image" alt="beef, ground, lean" src="/media/images/store_item/6.jpg"></td><td>beef, ground, lean</td><td class="not_printable sorting_1">meat &amp; poultry</td><td><img style="width:50%;" src="/media/images/logos/marchands/7.png" alt="Intermarché (Saveurs intl.)"></td><td><span itemprop="price">$10.00</span><span itemprop="eligibleQuantity" itemscope="" itemtype="http://schema.org/QuantitativeValue">/<span itemprop="unitText">1,2kg</span></span></td><td>$8.33/kg</td><td style="display: none;">2020-02-26</td><td style="display: none;"></td><td style="display: none;"></td><td style="display: none;"></td><td style="display: none;"></td><td style="display: none;"></td><td style="display: none;">frozen</td><td style="display: none;"></td><td style="display: none;"><a class="recipeLink" href="/recipe_ingredient_search_results.php?query=(_QU5E__1__________6__[]_1_1)">Recipes with beef, ground, lean</a></td></tr><tr role="row" class="odd"><td tabindex="0"><i class="fas fa-hand-rock"></i></td><td class=" not_printable"><div class="addToGL" data-soscuisine-aisle="6" data-soscuisine-sip="3938897"><i class="fa fa-cart-plus" title="Add to My Grocery List"></i><div></div></div></td><td><img class="storeItemImage" itemprop="image" alt="beef, ground, lean" src="/media/images/store_item/6.jpg"></td><td>beef, ground, lean</td><td class="not_printable sorting_1">meat &amp; poultry</td><td><img style="width:50%;" src="/media/images/logos/marchands/64.png" alt="Mourelatos"></td><td><span itemprop="price">$4.99</span><span itemprop="eligibleQuantity" itemscope="" itemtype="http://schema.org/QuantitativeValue">/<span itemprop="unitText">lb</span></span></td><td>$11.00/kg</td><td style="display: none;">2020-02-25</td><td style="display: none;"></td><td style="display: none;"></td><td style="display: none;"></td><td style="display: none;"></td><td style="display: none;"></td><td style="display: none;"></td><td style="display: none;"></td><td style="display: none;"><a class="recipeLink" href="/recipe_ingredient_search_results.php?query=(_QU5E__1__________6__[]_1_1)">Recipes with beef, ground, lean</a></td></tr><tr role="row" class="even"><td tabindex="0"><i class="fa fa-thumbs-down"></i></td><td class=" not_printable"><div class="addToGL" data-soscuisine-aisle="6" data-soscuisine-sip="3938833"><i class="fa fa-cart-plus" title="Add to My Grocery List"></i><div></div></div></td><td><img class="storeItemImage" itemprop="image" alt="beef, ground, lean" src="/media/images/store_item/6.jpg"></td><td>beef, ground, lean</td><td class="not_printable sorting_1">meat &amp; poultry</td><td><img style="width:50%;" src="/media/images/logos/marchands/93.png" alt="Rachelle Béry"></td><td><span itemprop="price">$8.99</span><span itemprop="eligibleQuantity" itemscope="" itemtype="http://schema.org/QuantitativeValue">/<span itemprop="unitText">lb</span></span></td><td>$19.82/kg</td><td style="display: none;">2020-03-04</td><td style="display: none;"></td><td style="display: none;"></td><td style="display: none;"></td><td style="display: none;"></td><td style="display: none;"></td><td style="display: none;"></td><td style="display: none;">Moishes, USA</td><td style="display: none;"><a class="recipeLink" href="/recipe_ingredient_search_results.php?query=(_QU5E__1__________6__[]_1_1)">Recipes with beef, ground, lean</a></td></tr><tr role="row" class="odd"><td tabindex="0"><i class="fas fa-hand-rock"></i></td><td class=" not_printable"><div class="addToGL" data-soscuisine-aisle="6" data-soscuisine-sip="3938219"><i class="fa fa-cart-plus" title="Add to My Grocery List"></i><div></div></div></td><td><img class="storeItemImage" itemprop="image" alt="beef, ground, medium-lean" src="/media/images/store_item/570.jpg"></td><td>beef, ground, medium-lean</td><td class="not_printable sorting_1">meat &amp; poultry</td><td><img style="width:50%;" src="/media/images/logos/marchands/2.png" alt="Provigo"></td><td><span itemprop="price">$4.99</span><span itemprop="eligibleQuantity" itemscope="" itemtype="http://schema.org/QuantitativeValue">/<span itemprop="unitText">lb</span></span></td><td>$11.00/kg</td><td style="display: none;">2020-02-26</td><td style="display: none;"></td><td style="display: none;"></td><td style="display: none;"></td><td style="display: none;"></td><td style="display: none;"></td><td style="display: none;">large pack</td><td style="display: none;"></td><td style="display: none;"><a class="recipeLink" href="/recipe_ingredient_search_results.php?query=(_QU5E__1__________570__[]_1_1)">Recipes with beef, ground, medium-lean</a></td></tr><tr role="row" class="even"><td tabindex="0"><i class="fas fa-hand-rock"></i></td><td class=" not_printable"><div class="addToGL" data-soscuisine-aisle="6" data-soscuisine-sip="3940865"><i class="fa fa-cart-plus" title="Add to My Grocery List"></i><div></div></div></td><td><img class="storeItemImage" itemprop="image" alt="beef, ground, medium-lean" src="/media/images/store_item/570.jpg"></td><td>beef, ground, medium-lean</td><td class="not_printable sorting_1">meat &amp; poultry</td><td><img style="width:50%;" src="/media/images/logos/marchands/12.png" alt="Richelieu"></td><td><span itemprop="price">$4.99</span><span itemprop="eligibleQuantity" itemscope="" itemtype="http://schema.org/QuantitativeValue">/<span itemprop="unitText">lb</span></span></td><td>$11.00/kg</td><td style="display: none;">2020-02-26</td><td style="display: none;"></td><td style="display: none;"></td><td style="display: none;"></td><td style="display: none;"></td><td style="display: none;"></td><td style="display: none;"></td><td style="display: none;"></td><td style="display: none;"><a class="recipeLink" href="/recipe_ingredient_search_results.php?query=(_QU5E__1__________570__[]_1_1)">Recipes with beef, ground, medium-lean</a></td></tr><tr role="row" class="odd"><td tabindex="0"><i class="fas fa-hand-rock"></i></td><td class=" not_printable"><div class="addToGL" data-soscuisine-aisle="6" data-soscuisine-sip="3940575"><i class="fa fa-cart-plus" title="Add to My Grocery List"></i><div></div></div></td><td><img class="storeItemImage" itemprop="image" alt="beef, ground, medium-lean" src="/media/images/store_item/570.jpg"></td><td>beef, ground, medium-lean</td><td class="not_printable sorting_1">meat &amp; poultry</td><td><img style="width:50%;" src="/media/images/logos/marchands/5.png" alt="Super C"></td><td><span itemprop="price">$4.77</span><span itemprop="eligibleQuantity" itemscope="" itemtype="http://schema.org/QuantitativeValue">/<span itemprop="unitText">lb</span></span></td><td>$10.52/kg</td><td style="display: none;">2020-02-26</td><td style="display: none;"></td><td style="display: none;"></td><td style="display: none;"></td><td style="display: none;"></td><td style="display: none;"></td><td style="display: none;">large pack</td><td style="display: none;"></td><td style="display: none;"><a class="recipeLink" href="/recipe_ingredient_search_results.php?query=(_QU5E__1__________570__[]_1_1)">Recipes with beef, ground, medium-lean</a></td></tr><tr role="row" class="even"><td tabindex="0"><i class="fas fa-hand-rock"></i></td><td class=" not_printable"><div class="addToGL" data-soscuisine-aisle="6" data-soscuisine-sip="3940487"><i class="fa fa-cart-plus" title="Add to My Grocery List"></i><div></div></div></td><td><img class="storeItemImage" itemprop="image" alt="beef, ground, medium-lean" src="/media/images/store_item/570.jpg"></td><td>beef, ground, medium-lean</td><td class="not_printable sorting_1">meat &amp; poultry</td><td><img style="width:50%;" src="/media/images/logos/marchands/11.png" alt="Tradition"></td><td><span itemprop="price">$3.49</span><span itemprop="eligibleQuantity" itemscope="" itemtype="http://schema.org/QuantitativeValue">/<span itemprop="unitText">lb</span></span></td><td>$7.69/kg</td><td style="display: none;">2020-02-26</td><td style="display: none;"></td><td style="display: none;"></td><td style="display: none;"></td><td style="display: none;"></td><td style="display: none;"></td><td style="display: none;">fresh or frozen parts, family pack</td><td style="display: none;"></td><td style="display: none;"><a class="recipeLink" href="/recipe_ingredient_search_results.php?query=(_QU5E__1__________570__[]_1_1)">Recipes with beef, ground, medium-lean</a></td></tr><tr role="row" class="odd"><td tabindex="0"><i class="fa fa-thumbs-up"></i><i class="fa fa-thumbs-up"></i></td><td class=" not_printable"><div class="addToGL" data-soscuisine-aisle="6" data-soscuisine-sip="3937607"><i class="fa fa-cart-plus" title="Add to My Grocery List"></i><div></div></div></td><td><img class="storeItemImage" alt="beef, inside round" src="/media/images/store_item/blank.jpg"></td><td>beef, inside round</td><td class="not_printable sorting_1">meat &amp; poultry</td><td><img style="width:50%;" src="/media/images/logos/marchands/1.png" alt="Metro"></td><td><span itemprop="price">$3.77</span><span itemprop="eligibleQuantity" itemscope="" itemtype="http://schema.org/QuantitativeValue">/<span itemprop="unitText">lb</span></span></td><td>$8.31/kg</td><td style="display: none;">2020-02-26</td><td style="display: none;"></td><td style="display: none;"></td><td style="display: none;"></td><td style="display: none;"></td><td style="display: none;"></td><td style="display: none;">French steak, large pack</td><td style="display: none;"></td><td style="display: none;"><a class="recipeLink" href="/recipe_ingredient_search_results.php?query=(_QU5E__1__________237__[]_1_1)">Recipes with beef, inside round</a></td></tr><tr role="row" class="even"><td tabindex="0"><i class="fa fa-thumbs-up"></i><i class="fa fa-thumbs-up"></i></td><td class=" not_printable"><div class="addToGL" data-soscuisine-aisle="6" data-soscuisine-sip="3937981"><i class="fa fa-cart-plus" title="Add to My Grocery List"></i><div></div></div></td><td><img class="storeItemImage" alt="beef, inside round" src="/media/images/store_item/blank.jpg"></td><td>beef, inside round</td><td class="not_printable sorting_1">meat &amp; poultry</td><td><img style="width:50%;" src="/media/images/logos/marchands/2.png" alt="Provigo"></td><td><span itemprop="price">$2.99</span><span itemprop="eligibleQuantity" itemscope="" itemtype="http://schema.org/QuantitativeValue">/<span itemprop="unitText">lb</span></span></td><td>$6.59/kg</td><td style="display: none;">2020-02-26</td><td style="display: none;">Canada</td><td style="display: none;"></td><td style="display: none;"></td><td style="display: none;"></td><td style="display: none;">Cat.AA or better</td><td style="display: none;">large pack</td><td style="display: none;">steak</td><td style="display: none;"><a class="recipeLink" href="/recipe_ingredient_search_results.php?query=(_QU5E__1__________237__[]_1_1)">Recipes with beef, inside round</a></td></tr><tr role="row" class="odd"><td tabindex="0"><i class="fa fa-thumbs-up"></i><i class="fa fa-thumbs-up"></i></td><td class=" not_printable"><div class="addToGL" data-soscuisine-aisle="6" data-soscuisine-sip="3940859"><i class="fa fa-cart-plus" title="Add to My Grocery List"></i><div></div></div></td><td><img class="storeItemImage" alt="beef, inside round" src="/media/images/store_item/blank.jpg"></td><td>beef, inside round</td><td class="not_printable sorting_1">meat &amp; poultry</td><td><img style="width:50%;" src="/media/images/logos/marchands/12.png" alt="Richelieu"></td><td><span itemprop="price">$3.99</span><span itemprop="eligibleQuantity" itemscope="" itemtype="http://schema.org/QuantitativeValue">/<span itemprop="unitText">lb</span></span></td><td>$8.80/kg</td><td style="display: none;">2020-02-26</td><td style="display: none;"></td><td style="display: none;"></td><td style="display: none;"></td><td style="display: none;"></td><td style="display: none;"></td><td style="display: none;">French steak, large pack</td><td style="display: none;"></td><td style="display: none;"><a class="recipeLink" href="/recipe_ingredient_search_results.php?query=(_QU5E__1__________237__[]_1_1)">Recipes with beef, inside round</a></td></tr><tr role="row" class="even"><td tabindex="0"><i class="fas fa-hand-rock"></i></td><td class=" not_printable"><div class="addToGL" data-soscuisine-aisle="6" data-soscuisine-sip="3940655"><i class="fa fa-cart-plus" title="Add to My Grocery List"></i><div></div></div></td><td><img class="storeItemImage" alt="beef, inside round" src="/media/images/store_item/blank.jpg"></td><td>beef, inside round</td><td class="not_printable sorting_1">meat &amp; poultry</td><td><img style="width:50%;" src="/media/images/logos/marchands/11.png" alt="Tradition"></td><td><span itemprop="price">$6.99</span><span itemprop="eligibleQuantity" itemscope="" itemtype="http://schema.org/QuantitativeValue">/<span itemprop="unitText">lb</span></span></td><td>$15.41/kg</td><td style="display: none;">2020-02-26</td><td style="display: none;"></td><td style="display: none;"></td><td style="display: none;"></td><td style="display: none;"></td><td style="display: none;"></td><td style="display: none;">sandwich steak, large pack</td><td style="display: none;"></td><td style="display: none;"><a class="recipeLink" href="/recipe_ingredient_search_results.php?query=(_QU5E__1__________237__[]_1_1)">Recipes with beef, inside round</a></td></tr><tr role="row" class="odd"><td tabindex="0"><i class="fa fa-thumbs-down"></i></td><td class=" not_printable"><div class="addToGL" data-soscuisine-aisle="6" data-soscuisine-sip="3940657"><i class="fa fa-cart-plus" title="Add to My Grocery List"></i><div></div></div></td><td><img class="storeItemImage" alt="beef, inside round" src="/media/images/store_item/blank.jpg"></td><td>beef, inside round</td><td class="not_printable sorting_1">meat &amp; poultry</td><td><img style="width:50%;" src="/media/images/logos/marchands/11.png" alt="Tradition"></td><td><span itemprop="price">$7.49</span><span itemprop="eligibleQuantity" itemscope="" itemtype="http://schema.org/QuantitativeValue">/<span itemprop="unitText">lb</span></span></td><td>$16.51/kg</td><td style="display: none;">2020-02-26</td><td style="display: none;"></td><td style="display: none;"></td><td style="display: none;"></td><td style="display: none;"></td><td style="display: none;"></td><td style="display: none;">French steak, large pack</td><td style="display: none;"></td><td style="display: none;"><a class="recipeLink" href="/recipe_ingredient_search_results.php?query=(_QU5E__1__________237__[]_1_1)">Recipes with beef, inside round</a></td></tr><tr role="row" class="even"><td tabindex="0"><i class="fa fa-thumbs-up"></i><i class="fa fa-thumbs-up"></i></td><td class=" not_printable"><div class="addToGL" data-soscuisine-aisle="6" data-soscuisine-sip="3938881"><i class="fa fa-cart-plus" title="Add to My Grocery List"></i><div></div></div></td><td><img class="storeItemImage" itemprop="image" alt="beef, rib eye steak" src="/media/images/store_item/239.jpg"></td><td>beef, rib eye steak</td><td class="not_printable sorting_1">meat &amp; poultry</td><td><img style="width:50%;" src="/media/images/logos/marchands/64.png" alt="Mourelatos"></td><td><span itemprop="price">$4.99</span><span itemprop="eligibleQuantity" itemscope="" itemtype="http://schema.org/QuantitativeValue">/<span itemprop="unitText">lb</span></span></td><td>$11.00/kg</td><td style="display: none;">2020-02-25</td><td style="display: none;"></td><td style="display: none;"></td><td style="display: none;"></td><td style="display: none;"></td><td style="display: none;"></td><td style="display: none;"></td><td style="display: none;"></td><td style="display: none;"><a class="recipeLink" href="/recipe_ingredient_search_results.php?query=(_QU5E__1__________239__[]_1_1)">Recipes with beef, rib eye steak</a></td></tr><tr role="row" class="odd"><td tabindex="0"><i class="fas fa-hand-rock"></i></td><td class=" not_printable"><div class="addToGL" data-soscuisine-aisle="6" data-soscuisine-sip="3938909"><i class="fa fa-cart-plus" title="Add to My Grocery List"></i><div></div></div></td><td><img class="storeItemImage" alt="beef, rib steaks" src="/media/images/store_item/blank.jpg"></td><td>beef, rib steaks</td><td class="not_printable sorting_1">meat &amp; poultry</td><td><img style="width:50%;" src="/media/images/logos/marchands/64.png" alt="Mourelatos"></td><td><span itemprop="price">$9.99</span><span itemprop="eligibleQuantity" itemscope="" itemtype="http://schema.org/QuantitativeValue">/<span itemprop="unitText">lb</span></span></td><td>$22.02/kg</td><td style="display: none;">2020-02-25</td><td style="display: none;"></td><td style="display: none;"></td><td style="display: none;"></td><td style="display: none;"></td><td style="display: none;">Cat.AA</td><td style="display: none;"></td><td style="display: none;"></td><td style="display: none;"></td></tr><tr role="row" class="even"><td tabindex="0"><i class="fas fa-hand-rock"></i></td><td class=" not_printable"><div class="addToGL" data-soscuisine-aisle="6" data-soscuisine-sip="3939119"><i class="fa fa-cart-plus" title="Add to My Grocery List"></i><div></div></div></td><td><img class="storeItemImage" alt="beef, roast, inside round" src="/media/images/store_item/blank.jpg"></td><td>beef, roast, inside round</td><td class="not_printable sorting_1">meat &amp; poultry</td><td><img style="width:50%;" src="/media/images/logos/marchands/63.png" alt="Marché Adonis"></td><td><span itemprop="price">$4.99</span><span itemprop="eligibleQuantity" itemscope="" itemtype="http://schema.org/QuantitativeValue">/<span itemprop="unitText">lb</span></span></td><td>$11.00/kg</td><td style="display: none;">2020-02-26</td><td style="display: none;"></td><td style="display: none;"></td><td style="display: none;"></td><td style="display: none;"></td><td style="display: none;"></td><td style="display: none;"></td><td style="display: none;"></td><td style="display: none;"></td></tr><tr role="row" class="odd"><td tabindex="0"><i class="fa fa-thumbs-up"></i></td><td class=" not_printable"><div class="addToGL" data-soscuisine-aisle="6" data-soscuisine-sip="3937605"><i class="fa fa-cart-plus" title="Add to My Grocery List"></i><div></div></div></td><td><img class="storeItemImage" alt="beef, roast, inside round" src="/media/images/store_item/blank.jpg"></td><td>beef, roast, inside round</td><td class="not_printable sorting_1">meat &amp; poultry</td><td><img style="width:50%;" src="/media/images/logos/marchands/1.png" alt="Metro"></td><td><span itemprop="price">$3.77</span><span itemprop="eligibleQuantity" itemscope="" itemtype="http://schema.org/QuantitativeValue">/<span itemprop="unitText">lb</span></span></td><td>$8.31/kg</td><td style="display: none;">2020-02-26</td><td style="display: none;"></td><td style="display: none;"></td><td style="display: none;"></td><td style="display: none;"></td><td style="display: none;"></td><td style="display: none;"></td><td style="display: none;">French</td><td style="display: none;"></td></tr><tr role="row" class="even"><td tabindex="0"><i class="fa fa-thumbs-up"></i><i class="fa fa-thumbs-up"></i></td><td class=" not_printable"><div class="addToGL" data-soscuisine-aisle="6" data-soscuisine-sip="3937977"><i class="fa fa-cart-plus" title="Add to My Grocery List"></i><div></div></div></td><td><img class="storeItemImage" alt="beef, roast, inside round" src="/media/images/store_item/blank.jpg"></td><td>beef, roast, inside round</td><td class="not_printable sorting_1">meat &amp; poultry</td><td><img style="width:50%;" src="/media/images/logos/marchands/2.png" alt="Provigo"></td><td><span itemprop="price">$2.99</span><span itemprop="eligibleQuantity" itemscope="" itemtype="http://schema.org/QuantitativeValue">/<span itemprop="unitText">lb</span></span></td><td>$6.59/kg</td><td style="display: none;">2020-02-26</td><td style="display: none;">Canada</td><td style="display: none;"></td><td style="display: none;"></td><td style="display: none;"></td><td style="display: none;">Cat.AA or better</td><td style="display: none;">large pack</td><td style="display: none;"></td><td style="display: none;"></td></tr><tr role="row" class="odd"><td tabindex="0"><i class="fas fa-hand-rock"></i></td><td class=" not_printable"><div class="addToGL" data-soscuisine-aisle="6" data-soscuisine-sip="3935935"><i class="fa fa-cart-plus" title="Add to My Grocery List"></i><div></div></div></td><td><img class="storeItemImage" alt="beef, roast, inside round" src="/media/images/store_item/blank.jpg"></td><td>beef, roast, inside round</td><td class="not_printable sorting_1">meat &amp; poultry</td><td><img style="width:50%;" src="/media/images/logos/marchands/62.png" alt="Supermarché PA"></td><td><span itemprop="price">$4.99</span><span itemprop="eligibleQuantity" itemscope="" itemtype="http://schema.org/QuantitativeValue">/<span itemprop="unitText">lb</span></span></td><td>$11.00/kg</td><td style="display: none;">2020-02-23</td><td style="display: none;">Canada</td><td style="display: none;"></td><td style="display: none;"></td><td style="display: none;"></td><td style="display: none;">Cat.AA</td><td style="display: none;"></td><td style="display: none;"></td><td style="display: none;"></td></tr><tr role="row" class="even"><td tabindex="0"><i class="fa fa-thumbs-down"></i></td><td class=" not_printable"><div class="addToGL" data-soscuisine-aisle="6" data-soscuisine-sip="3940663"><i class="fa fa-cart-plus" title="Add to My Grocery List"></i><div></div></div></td><td><img class="storeItemImage" alt="beef, roast, inside round" src="/media/images/store_item/blank.jpg"></td><td>beef, roast, inside round</td><td class="not_printable sorting_1">meat &amp; poultry</td><td><img style="width:50%;" src="/media/images/logos/marchands/11.png" alt="Tradition"></td><td><span itemprop="price">$7.49</span><span itemprop="eligibleQuantity" itemscope="" itemtype="http://schema.org/QuantitativeValue">/<span itemprop="unitText">lb</span></span></td><td>$16.51/kg</td><td style="display: none;">2020-02-26</td><td style="display: none;"></td><td style="display: none;"></td><td style="display: none;"></td><td style="display: none;"></td><td style="display: none;"></td><td style="display: none;">large pack</td><td style="display: none;">French</td><td style="display: none;"></td></tr><tr role="row" class="odd"><td tabindex="0"><i class="fa fa-thumbs-down"></i></td><td class=" not_printable"><div class="addToGL" data-soscuisine-aisle="6" data-soscuisine-sip="3940869"><i class="fa fa-cart-plus" title="Add to My Grocery List"></i><div></div></div></td><td><img class="storeItemImage" alt="beef, roast, sirloin tip" src="/media/images/store_item/blank.jpg"></td><td>beef, roast, sirloin tip</td><td class="not_printable sorting_1">meat &amp; poultry</td><td><img style="width:50%;" src="/media/images/logos/marchands/12.png" alt="Richelieu"></td><td><span itemprop="price">$6.99</span><span itemprop="eligibleQuantity" itemscope="" itemtype="http://schema.org/QuantitativeValue">/<span itemprop="unitText">lb</span></span></td><td>$15.41/kg</td><td style="display: none;">2020-02-26</td><td style="display: none;"></td><td style="display: none;"></td><td style="display: none;"></td><td style="display: none;"></td><td style="display: none;"></td><td style="display: none;"></td><td style="display: none;"></td><td style="display: none;"></td></tr><tr role="row" class="even"><td tabindex="0"><i class="fas fa-hand-rock"></i></td><td class=" not_printable"><div class="addToGL" data-soscuisine-aisle="6" data-soscuisine-sip="3939581"><i class="fa fa-cart-plus" title="Add to My Grocery List"></i><div></div></div></td><td><img class="storeItemImage" itemprop="image" alt="beef, roast, top sirloin" src="/media/images/store_item/719.jpg"></td><td>beef, roast, top sirloin</td><td class="not_printable sorting_1">meat &amp; poultry</td><td><img style="width:50%;" src="/media/images/logos/marchands/10.png" alt="Bonichoix"></td><td><span itemprop="price">$8.99</span><span itemprop="eligibleQuantity" itemscope="" itemtype="http://schema.org/QuantitativeValue">/<span itemprop="unitText">lb</span></span></td><td>$19.82/kg</td><td style="display: none;">2020-02-26</td><td style="display: none;"></td><td style="display: none;"></td><td style="display: none;"></td><td style="display: none;"></td><td style="display: none;"></td><td style="display: none;"></td><td style="display: none;"></td><td style="display: none;"></td></tr><tr role="row" class="odd"><td tabindex="0"><i class="fa fa-thumbs-down"></i></td><td class=" not_printable"><div class="addToGL" data-soscuisine-aisle="6" data-soscuisine-sip="3939381"><i class="fa fa-cart-plus" title="Add to My Grocery List"></i><div></div></div></td><td><img class="storeItemImage" itemprop="image" alt="beef, roast, top sirloin" src="/media/images/store_item/719.jpg"></td><td>beef, roast, top sirloin</td><td class="not_printable sorting_1">meat &amp; poultry</td><td><img style="width:50%;" src="/media/images/logos/marchands/3.png" alt="IGA"></td><td><span itemprop="price">$9.99</span><span itemprop="eligibleQuantity" itemscope="" itemtype="http://schema.org/QuantitativeValue">/<span itemprop="unitText">lb</span></span></td><td>$22.02/kg</td><td style="display: none;">2020-02-26</td><td style="display: none;"></td><td style="display: none;"></td><td style="display: none;"></td><td style="display: none;"></td><td style="display: none;"></td><td style="display: none;"></td><td style="display: none;"></td><td style="display: none;"></td></tr><tr role="row" class="even"><td tabindex="0"><i class="fas fa-exclamation"></i></td><td class=" not_printable"><div class="addToGL" data-soscuisine-aisle="6" data-soscuisine-sip="3937711"><i class="fa fa-cart-plus" title="Add to My Grocery List"></i><div></div></div></td><td><img class="storeItemImage" alt="beef, shanks" src="/media/images/store_item/blank.jpg"></td><td>beef, shanks</td><td class="not_printable sorting_1">meat &amp; poultry</td><td><img style="width:50%;" src="/media/images/logos/marchands/1.png" alt="Metro"></td><td><span itemprop="price">$7.99</span><span itemprop="eligibleQuantity" itemscope="" itemtype="http://schema.org/QuantitativeValue">/<span itemprop="unitText">lb</span></span></td><td>$17.62/kg</td><td style="display: none;">2020-02-26</td><td style="display: none;"></td><td style="display: none;"></td><td style="display: none;"></td><td style="display: none;"></td><td style="display: none;"></td><td style="display: none;"></td><td style="display: none;">osso buco</td><td style="display: none;"><a class="recipeLink" href="/recipe_ingredient_search_results.php?query=(_QU5E__1__________800__[]_1_1)">Recipes with beef, shanks</a></td></tr><tr role="row" class="odd"><td tabindex="0"><i class="fas fa-hand-rock"></i></td><td class=" not_printable"><div class="addToGL" data-soscuisine-aisle="6" data-soscuisine-sip="3940871"><i class="fa fa-cart-plus" title="Add to My Grocery List"></i><div></div></div></td><td><img class="storeItemImage" itemprop="image" alt="beef, sirloin tip" src="/media/images/store_item/242.jpg"></td><td>beef, sirloin tip</td><td class="not_printable sorting_1">meat &amp; poultry</td><td><img style="width:50%;" src="/media/images/logos/marchands/12.png" alt="Richelieu"></td><td><span itemprop="price">$6.99</span><span itemprop="eligibleQuantity" itemscope="" itemtype="http://schema.org/QuantitativeValue">/<span itemprop="unitText">lb</span></span></td><td>$15.41/kg</td><td style="display: none;">2020-02-26</td><td style="display: none;"></td><td style="display: none;"></td><td style="display: none;"></td><td style="display: none;"></td><td style="display: none;"></td><td style="display: none;">steak</td><td style="display: none;"></td><td style="display: none;"><a class="recipeLink" href="/recipe_ingredient_search_results.php?query=(_QU5E__1__________242__[]_1_1)">Recipes with beef, sirloin tip</a></td></tr><tr role="row" class="even"><td tabindex="0"><i class="fas fa-hand-rock"></i></td><td class=" not_printable"><div class="addToGL" data-soscuisine-aisle="6" data-soscuisine-sip="3938591"><i class="fa fa-cart-plus" title="Add to My Grocery List"></i><div></div></div></td><td><img class="storeItemImage" alt="beef, strip loin, bone-in" src="/media/images/store_item/blank.jpg"></td><td>beef, strip loin, bone-in</td><td class="not_printable sorting_1">meat &amp; poultry</td><td><img style="width:50%;" src="/media/images/logos/marchands/69.png" alt="Intermarche (Provincial)"></td><td><span itemprop="price">$8.99</span><span itemprop="eligibleQuantity" itemscope="" itemtype="http://schema.org/QuantitativeValue">/<span itemprop="unitText">lb</span></span></td><td>$19.82/kg</td><td style="display: none;">2020-02-26</td><td style="display: none;">Canada</td><td style="display: none;"></td><td style="display: none;"></td><td style="display: none;"></td><td style="display: none;">Cat.A or better</td><td style="display: none;">large pack</td><td style="display: none;">roast or steak</td><td style="display: none;"></td></tr><tr role="row" class="odd"><td tabindex="0"><i class="fas fa-hand-rock"></i></td><td class=" not_printable"><div class="addToGL" data-soscuisine-aisle="6" data-soscuisine-sip="3938107"><i class="fa fa-cart-plus" title="Add to My Grocery List"></i><div></div></div></td><td><img class="storeItemImage" alt="beef, strip loin, bone-in" src="/media/images/store_item/blank.jpg"></td><td>beef, strip loin, bone-in</td><td class="not_printable sorting_1">meat &amp; poultry</td><td><img style="width:50%;" src="/media/images/logos/marchands/7.png" alt="Intermarché (Saveurs intl.)"></td><td><span itemprop="price">$7.99</span><span itemprop="eligibleQuantity" itemscope="" itemtype="http://schema.org/QuantitativeValue">/<span itemprop="unitText">lb</span></span></td><td>$17.62/kg</td><td style="display: none;">2020-02-26</td><td style="display: none;">Canada</td><td style="display: none;"></td><td style="display: none;"></td><td style="display: none;"></td><td style="display: none;">Cat.A or better</td><td style="display: none;">large pack</td><td style="display: none;">roast or steak</td><td style="display: none;"></td></tr><tr role="row" class="even"><td tabindex="0"><i class="fa fa-thumbs-down"></i></td><td class=" not_printable"><div class="addToGL" data-soscuisine-aisle="6" data-soscuisine-sip="3935933"><i class="fa fa-cart-plus" title="Add to My Grocery List"></i><div></div></div></td><td><img class="storeItemImage" alt="beef, strip loin, bone-in" src="/media/images/store_item/blank.jpg"></td><td>beef, strip loin, bone-in</td><td class="not_printable sorting_1">meat &amp; poultry</td><td><img style="width:50%;" src="/media/images/logos/marchands/62.png" alt="Supermarché PA"></td><td><span itemprop="price">$12.99</span><span itemprop="eligibleQuantity" itemscope="" itemtype="http://schema.org/QuantitativeValue">/<span itemprop="unitText">lb</span></span></td><td>$28.64/kg</td><td style="display: none;">2020-02-23</td><td style="display: none;"></td><td style="display: none;"></td><td style="display: none;"></td><td style="display: none;"></td><td style="display: none;"></td><td style="display: none;">fresh</td><td style="display: none;"></td><td style="display: none;"></td></tr><tr role="row" class="odd"><td tabindex="0"><i class="fa fa-thumbs-up"></i><i class="fa fa-thumbs-up"></i></td><td class=" not_printable"><div class="addToGL" data-soscuisine-aisle="6" data-soscuisine-sip="3938597"><i class="fa fa-cart-plus" title="Add to My Grocery List"></i><div></div></div></td><td><img class="storeItemImage" itemprop="image" alt="beef, strips" src="/media/images/store_item/732.jpg"></td><td>beef, strips</td><td class="not_printable sorting_1">meat &amp; poultry</td><td><img style="width:50%;" src="/media/images/logos/marchands/69.png" alt="Intermarche (Provincial)"></td><td><span itemprop="price">$5.99</span><span itemprop="eligibleQuantity" itemscope="" itemtype="http://schema.org/QuantitativeValue">/<span itemprop="unitText">lb</span></span></td><td>$13.21/kg</td><td style="display: none;">2020-02-26</td><td style="display: none;"></td><td style="display: none;"></td><td style="display: none;"></td><td style="display: none;"></td><td style="display: none;"></td><td style="display: none;">large pack</td><td style="display: none;"></td><td style="display: none;"></td></tr><tr role="row" class="even"><td tabindex="0"><i class="fa fa-thumbs-down"></i></td><td class=" not_printable"><div class="addToGL" data-soscuisine-aisle="6" data-soscuisine-sip="3939377"><i class="fa fa-cart-plus" title="Add to My Grocery List"></i><div></div></div></td><td><img class="storeItemImage" itemprop="image" alt="beef, T-bone steaks" src="/media/images/store_item/507.jpg"></td><td>beef, T-bone steaks</td><td class="not_printable sorting_1">meat &amp; poultry</td><td><img style="width:50%;" src="/media/images/logos/marchands/3.png" alt="IGA"></td><td><span itemprop="price">$14.99</span><span itemprop="eligibleQuantity" itemscope="" itemtype="http://schema.org/QuantitativeValue">/<span itemprop="unitText">lb</span></span></td><td>$33.05/kg</td><td style="display: none;">2020-02-26</td><td style="display: none;"></td><td style="display: none;"></td><td style="display: none;"></td><td style="display: none;"></td><td style="display: none;"></td><td style="display: none;"></td><td style="display: none;">Sterling Silver</td><td style="display: none;"><a class="recipeLink" href="/recipe_ingredient_search_results.php?query=(_QU5E__1__________507__[]_1_1)">Recipes with beef, T-bone steaks</a></td></tr><tr role="row" class="odd"><td tabindex="0"><i class="fa fa-thumbs-up"></i><i class="fa fa-thumbs-up"></i></td><td class=" not_printable"><div class="addToGL" data-soscuisine-aisle="6" data-soscuisine-sip="3939095"><i class="fa fa-cart-plus" title="Add to My Grocery List"></i><div></div></div></td><td><img class="storeItemImage" itemprop="image" alt="beef, T-bone steaks" src="/media/images/store_item/507.jpg"></td><td>beef, T-bone steaks</td><td class="not_printable sorting_1">meat &amp; poultry</td><td><img style="width:50%;" src="/media/images/logos/marchands/63.png" alt="Marché Adonis"></td><td><span itemprop="price">$5.99</span><span itemprop="eligibleQuantity" itemscope="" itemtype="http://schema.org/QuantitativeValue">/<span itemprop="unitText">lb</span></span></td><td>$13.21/kg</td><td style="display: none;">2020-02-26</td><td style="display: none;"></td><td style="display: none;"></td><td style="display: none;"></td><td style="display: none;"></td><td style="display: none;"></td><td style="display: none;"></td><td style="display: none;"></td><td style="display: none;"><a class="recipeLink" href="/recipe_ingredient_search_results.php?query=(_QU5E__1__________507__[]_1_1)">Recipes with beef, T-bone steaks</a></td></tr><tr role="row" class="even"><td tabindex="0"><i class="fa fa-thumbs-down"></i></td><td class=" not_printable"><div class="addToGL" data-soscuisine-aisle="6" data-soscuisine-sip="3939589"><i class="fa fa-cart-plus" title="Add to My Grocery List"></i><div></div></div></td><td><img class="storeItemImage" itemprop="image" alt="beef, tenderloins" src="/media/images/store_item/642.jpg"></td><td>beef, tenderloins</td><td class="not_printable sorting_1">meat &amp; poultry</td><td><img style="width:50%;" src="/media/images/logos/marchands/10.png" alt="Bonichoix"></td><td><span itemprop="price">$24.99</span><span itemprop="eligibleQuantity" itemscope="" itemtype="http://schema.org/QuantitativeValue">/<span itemprop="unitText">lb</span></span></td><td>$55.09/kg</td><td style="display: none;">2020-02-26</td><td style="display: none;"></td><td style="display: none;"></td><td style="display: none;">whole</td><td style="display: none;"></td><td style="display: none;"></td><td style="display: none;"></td><td style="display: none;"></td><td style="display: none;"><a class="recipeLink" href="/recipe_ingredient_search_results.php?query=(_QU5E__1__________642__[]_1_1)">Recipes with beef, tenderloins</a></td></tr><tr role="row" class="odd"><td tabindex="0"><i class="fas fa-hand-rock"></i></td><td class=" not_printable"><div class="addToGL" data-soscuisine-aisle="6" data-soscuisine-sip="3939579"><i class="fa fa-cart-plus" title="Add to My Grocery List"></i><div></div></div></td><td><img class="storeItemImage" itemprop="image" alt="beef, top sirloin" src="/media/images/store_item/363.jpg"></td><td>beef, top sirloin</td><td class="not_printable sorting_1">meat &amp; poultry</td><td><img style="width:50%;" src="/media/images/logos/marchands/10.png" alt="Bonichoix"></td><td><span itemprop="price">$8.99</span><span itemprop="eligibleQuantity" itemscope="" itemtype="http://schema.org/QuantitativeValue">/<span itemprop="unitText">lb</span></span></td><td>$19.82/kg</td><td style="display: none;">2020-02-26</td><td style="display: none;"></td><td style="display: none;"></td><td style="display: none;"></td><td style="display: none;"></td><td style="display: none;"></td><td style="display: none;">steak</td><td style="display: none;"></td><td style="display: none;"><a class="recipeLink" href="/recipe_ingredient_search_results.php?query=(_QU5E__1__________363__[]_1_1)">Recipes with beef, top sirloin</a></td></tr><tr role="row" class="even"><td tabindex="0"><i class="fa fa-thumbs-down"></i></td><td class=" not_printable"><div class="addToGL" data-soscuisine-aisle="6" data-soscuisine-sip="3939379"><i class="fa fa-cart-plus" title="Add to My Grocery List"></i><div></div></div></td><td><img class="storeItemImage" itemprop="image" alt="beef, top sirloin" src="/media/images/store_item/363.jpg"></td><td>beef, top sirloin</td><td class="not_printable sorting_1">meat &amp; poultry</td><td><img style="width:50%;" src="/media/images/logos/marchands/3.png" alt="IGA"></td><td><span itemprop="price">$9.99</span><span itemprop="eligibleQuantity" itemscope="" itemtype="http://schema.org/QuantitativeValue">/<span itemprop="unitText">lb</span></span></td><td>$22.02/kg</td><td style="display: none;">2020-02-26</td><td style="display: none;"></td><td style="display: none;"></td><td style="display: none;"></td><td style="display: none;"></td><td style="display: none;"></td><td style="display: none;"></td><td style="display: none;"></td><td style="display: none;"><a class="recipeLink" href="/recipe_ingredient_search_results.php?query=(_QU5E__1__________363__[]_1_1)">Recipes with beef, top sirloin</a></td></tr><tr role="row" class="odd"><td tabindex="0"><i class="fa fa-thumbs-up"></i></td><td class=" not_printable"><div class="addToGL" data-soscuisine-aisle="6" data-soscuisine-sip="3939537"><i class="fa fa-cart-plus" title="Add to My Grocery List"></i><div></div></div></td><td><img class="storeItemImage" itemprop="image" alt="chicken, breast, boneless, skinless" src="/media/images/store_item/257.jpg"></td><td>chicken, breast, boneless, skinless</td><td class="not_printable sorting_1">meat &amp; poultry</td><td><img style="width:50%;" src="/media/images/logos/marchands/10.png" alt="Bonichoix"></td><td><span itemprop="price">$4.49</span><span itemprop="eligibleQuantity" itemscope="" itemtype="http://schema.org/QuantitativeValue">/<span itemprop="unitText">lb</span></span></td><td>$9.90/kg</td><td style="display: none;">2020-02-26</td><td style="display: none;"></td><td style="display: none;"></td><td style="display: none;"></td><td style="display: none;"></td><td style="display: none;"></td><td style="display: none;">fresh, large pack</td><td style="display: none;"></td><td style="display: none;"><a class="recipeLink" href="/recipe_ingredient_search_results.php?query=(_QU5E__1__________257__[]_1_1)">Recipes with chicken, breast, boneless, skinless</a></td></tr><tr role="row" class="even"><td tabindex="0"><i class="fa fa-thumbs-up"></i><i class="fa fa-thumbs-up"></i></td><td class=" not_printable"><div class="addToGL" data-soscuisine-aisle="6" data-soscuisine-sip="3938933"><i class="fa fa-cart-plus" title="Add to My Grocery List"></i><div></div></div></td><td><img class="storeItemImage" itemprop="image" alt="chicken, breast, boneless, skinless" src="/media/images/store_item/257.jpg"></td><td>chicken, breast, boneless, skinless</td><td class="not_printable sorting_1">meat &amp; poultry</td><td><img style="width:50%;" src="/media/images/logos/marchands/3.png" alt="IGA"></td><td><span itemprop="price">$3.99</span><span itemprop="eligibleQuantity" itemscope="" itemtype="http://schema.org/QuantitativeValue">/<span itemprop="unitText">lb</span></span></td><td>$8.80/kg</td><td style="display: none;">2020-02-26</td><td style="display: none;"></td><td style="display: none;"></td><td style="display: none;"></td><td style="display: none;"></td><td style="display: none;"></td><td style="display: none;">fresh, large pack</td><td style="display: none;"></td><td style="display: none;"><a class="recipeLink" href="/recipe_ingredient_search_results.php?query=(_QU5E__1__________257__[]_1_1)">Recipes with chicken, breast, boneless, skinless</a></td></tr><tr role="row" class="odd"><td tabindex="0"><i class="fa fa-thumbs-up"></i><i class="fa fa-thumbs-up"></i></td><td class=" not_printable"><div class="addToGL" data-soscuisine-aisle="6" data-soscuisine-sip="3939099"><i class="fa fa-cart-plus" title="Add to My Grocery List"></i><div></div></div></td><td><img class="storeItemImage" itemprop="image" alt="chicken, breast, boneless, skinless" src="/media/images/store_item/257.jpg"></td><td>chicken, breast, boneless, skinless</td><td class="not_printable sorting_1">meat &amp; poultry</td><td><img style="width:50%;" src="/media/images/logos/marchands/63.png" alt="Marché Adonis"></td><td><span itemprop="price">$3.77</span><span itemprop="eligibleQuantity" itemscope="" itemtype="http://schema.org/QuantitativeValue">/<span itemprop="unitText">lb</span></span></td><td>$8.31/kg</td><td style="display: none;">2020-02-26</td><td style="display: none;"></td><td style="display: none;"></td><td style="display: none;"></td><td style="display: none;"></td><td style="display: none;"></td><td style="display: none;">fresh</td><td style="display: none;"></td><td style="display: none;"><a class="recipeLink" href="/recipe_ingredient_search_results.php?query=(_QU5E__1__________257__[]_1_1)">Recipes with chicken, breast, boneless, skinless</a></td></tr><tr role="row" class="even"><td tabindex="0"><i class="fas fa-hand-rock"></i></td><td class=" not_printable"><div class="addToGL" data-soscuisine-aisle="6" data-soscuisine-sip="3937713"><i class="fa fa-cart-plus" title="Add to My Grocery List"></i><div></div></div></td><td><img class="storeItemImage" itemprop="image" alt="chicken, breast, boneless, skinless" src="/media/images/store_item/257.jpg"></td><td>chicken, breast, boneless, skinless</td><td class="not_printable sorting_1">meat &amp; poultry</td><td><img style="width:50%;" src="/media/images/logos/marchands/1.png" alt="Metro"></td><td><span itemprop="price">$6.99</span><span itemprop="eligibleQuantity" itemscope="" itemtype="http://schema.org/QuantitativeValue">/<span itemprop="unitText">lb</span></span></td><td>$15.41/kg</td><td style="display: none;">2020-02-26</td><td style="display: none;"></td><td style="display: none;"></td><td style="display: none;"></td><td style="display: none;"></td><td style="display: none;"></td><td style="display: none;">fresh, large pack</td><td style="display: none;"></td><td style="display: none;"><a class="recipeLink" href="/recipe_ingredient_search_results.php?query=(_QU5E__1__________257__[]_1_1)">Recipes with chicken, breast, boneless, skinless</a></td></tr><tr role="row" class="odd"><td tabindex="0"><i class="fa fa-thumbs-down"></i></td><td class=" not_printable"><div class="addToGL" data-soscuisine-aisle="6" data-soscuisine-sip="3938231"><i class="fa fa-cart-plus" title="Add to My Grocery List"></i><div></div></div></td><td><img class="storeItemImage" itemprop="image" alt="chicken, breast, boneless, skinless" src="/media/images/store_item/257.jpg"></td><td>chicken, breast, boneless, skinless</td><td class="not_printable sorting_1">meat &amp; poultry</td><td><img style="width:50%;" src="/media/images/logos/marchands/2.png" alt="Provigo"></td><td><span itemprop="price">$8.49</span><span itemprop="eligibleQuantity" itemscope="" itemtype="http://schema.org/QuantitativeValue">/<span itemprop="unitText">lb</span></span></td><td>$18.72/kg</td><td style="display: none;">2020-02-26</td><td style="display: none;"></td><td style="display: none;"></td><td style="display: none;"></td><td style="display: none;"></td><td style="display: none;"></td><td style="display: none;">large pack</td><td style="display: none;"></td><td style="display: none;"><a class="recipeLink" href="/recipe_ingredient_search_results.php?query=(_QU5E__1__________257__[]_1_1)">Recipes with chicken, breast, boneless, skinless</a></td></tr><tr role="row" class="even"><td tabindex="0"><i class="fa fa-thumbs-up"></i><i class="fa fa-thumbs-up"></i></td><td class=" not_printable"><div class="addToGL" data-soscuisine-aisle="6" data-soscuisine-sip="3940863"><i class="fa fa-cart-plus" title="Add to My Grocery List"></i><div></div></div></td><td><img class="storeItemImage" itemprop="image" alt="chicken, breast, boneless, skinless" src="/media/images/store_item/257.jpg"></td><td>chicken, breast, boneless, skinless</td><td class="not_printable sorting_1">meat &amp; poultry</td><td><img style="width:50%;" src="/media/images/logos/marchands/12.png" alt="Richelieu"></td><td><span itemprop="price">$3.99</span><span itemprop="eligibleQuantity" itemscope="" itemtype="http://schema.org/QuantitativeValue">/<span itemprop="unitText">lb</span></span></td><td>$8.80/kg</td><td style="display: none;">2020-02-26</td><td style="display: none;"></td><td style="display: none;"></td><td style="display: none;"></td><td style="display: none;"></td><td style="display: none;"></td><td style="display: none;">fresh, large pack</td><td style="display: none;"></td><td style="display: none;"><a class="recipeLink" href="/recipe_ingredient_search_results.php?query=(_QU5E__1__________257__[]_1_1)">Recipes with chicken, breast, boneless, skinless</a></td></tr><tr role="row" class="odd"><td tabindex="0"><i class="fa fa-thumbs-up"></i><i class="fa fa-thumbs-up"></i></td><td class=" not_printable"><div class="addToGL" data-soscuisine-aisle="6" data-soscuisine-sip="3940411"><i class="fa fa-cart-plus" title="Add to My Grocery List"></i><div></div></div></td><td><img class="storeItemImage" itemprop="image" alt="chicken, breast, boneless, skinless" src="/media/images/store_item/257.jpg"></td><td>chicken, breast, boneless, skinless</td><td class="not_printable sorting_1">meat &amp; poultry</td><td><img style="width:50%;" src="/media/images/logos/marchands/5.png" alt="Super C"></td><td><span itemprop="price">$3.77</span><span itemprop="eligibleQuantity" itemscope="" itemtype="http://schema.org/QuantitativeValue">/<span itemprop="unitText">lb</span></span></td><td>$8.31/kg</td><td style="display: none;">2020-02-26</td><td style="display: none;"></td><td style="display: none;"></td><td style="display: none;"></td><td style="display: none;"></td><td style="display: none;"></td><td style="display: none;">fresh, large pack</td><td style="display: none;"></td><td style="display: none;"><a class="recipeLink" href="/recipe_ingredient_search_results.php?query=(_QU5E__1__________257__[]_1_1)">Recipes with chicken, breast, boneless, skinless</a></td></tr><tr role="row" class="even"><td tabindex="0"><i class="fas fa-hand-rock"></i></td><td class=" not_printable"><div class="addToGL" data-soscuisine-aisle="6" data-soscuisine-sip="3937499"><i class="fa fa-cart-plus" title="Add to My Grocery List"></i><div></div></div></td><td><img class="storeItemImage" itemprop="image" alt="chicken, drumsticks" src="/media/images/store_item/414.jpg"></td><td>chicken, drumsticks</td><td class="not_printable sorting_1">meat &amp; poultry</td><td><img style="width:50%;" src="/media/images/logos/marchands/6.png" alt="Maxi"></td><td><span itemprop="price">$2.00</span><span itemprop="eligibleQuantity" itemscope="" itemtype="http://schema.org/QuantitativeValue">/<span itemprop="unitText">lb</span></span></td><td>$4.41/kg</td><td style="display: none;">2020-02-26</td><td style="display: none;"></td><td style="display: none;"></td><td style="display: none;"></td><td style="display: none;"></td><td style="display: none;"></td><td style="display: none;">fresh, large pack</td><td style="display: none;"></td><td style="display: none;"><a class="recipeLink" href="/recipe_ingredient_search_results.php?query=(_QU5E__1__________414__[]_1_1)">Recipes with chicken, drumsticks</a></td></tr><tr role="row" class="odd"><td tabindex="0"><i class="fa fa-thumbs-up"></i></td><td class=" not_printable"><div class="addToGL" data-soscuisine-aisle="6" data-soscuisine-sip="3938899"><i class="fa fa-cart-plus" title="Add to My Grocery List"></i><div></div></div></td><td><img class="storeItemImage" itemprop="image" alt="chicken, drumsticks" src="/media/images/store_item/414.jpg"></td><td>chicken, drumsticks</td><td class="not_printable sorting_1">meat &amp; poultry</td><td><img style="width:50%;" src="/media/images/logos/marchands/64.png" alt="Mourelatos"></td><td><span itemprop="price">$1.49</span><span itemprop="eligibleQuantity" itemscope="" itemtype="http://schema.org/QuantitativeValue">/<span itemprop="unitText">lb</span></span></td><td>$3.28/kg</td><td style="display: none;">2020-02-25</td><td style="display: none;"></td><td style="display: none;"></td><td style="display: none;"></td><td style="display: none;"></td><td style="display: none;"></td><td style="display: none;"></td><td style="display: none;"></td><td style="display: none;"><a class="recipeLink" href="/recipe_ingredient_search_results.php?query=(_QU5E__1__________414__[]_1_1)">Recipes with chicken, drumsticks</a></td></tr><tr role="row" class="even"><td tabindex="0"><i class="fa fa-thumbs-up"></i><i class="fa fa-thumbs-up"></i></td><td class=" not_printable"><div class="addToGL" data-soscuisine-aisle="6" data-soscuisine-sip="3935917"><i class="fa fa-cart-plus" title="Add to My Grocery List"></i><div></div></div></td><td><img class="storeItemImage" itemprop="image" alt="chicken, drumsticks" src="/media/images/store_item/414.jpg"></td><td>chicken, drumsticks</td><td class="not_printable sorting_1">meat &amp; poultry</td><td><img style="width:50%;" src="/media/images/logos/marchands/62.png" alt="Supermarché PA"></td><td><span itemprop="price">$0.99</span><span itemprop="eligibleQuantity" itemscope="" itemtype="http://schema.org/QuantitativeValue">/<span itemprop="unitText">lb</span></span></td><td>$2.18/kg</td><td style="display: none;">2020-02-23</td><td style="display: none;">Quebec</td><td style="display: none;"></td><td style="display: none;"></td><td style="display: none;"></td><td style="display: none;"></td><td style="display: none;">fresh</td><td style="display: none;"></td><td style="display: none;"><a class="recipeLink" href="/recipe_ingredient_search_results.php?query=(_QU5E__1__________414__[]_1_1)">Recipes with chicken, drumsticks</a></td></tr><tr role="row" class="odd"><td tabindex="0"><i class="fas fa-hand-rock"></i></td><td class=" not_printable"><div class="addToGL" data-soscuisine-aisle="6" data-soscuisine-sip="3939391"><i class="fa fa-cart-plus" title="Add to My Grocery List"></i><div></div></div></td><td><img class="storeItemImage" itemprop="image" alt="chicken, ground" src="/media/images/store_item/494.jpg"></td><td>chicken, ground</td><td class="not_printable sorting_1">meat &amp; poultry</td><td><img style="width:50%;" src="/media/images/logos/marchands/3.png" alt="IGA"></td><td><span itemprop="price">$6.49</span><span itemprop="eligibleQuantity" itemscope="" itemtype="http://schema.org/QuantitativeValue">/<span itemprop="unitText">lb</span></span></td><td>$14.31/kg</td><td style="display: none;">2020-02-26</td><td style="display: none;"></td><td style="display: none;">Exceldor</td><td style="display: none;"></td><td style="display: none;">extra-lean</td><td style="display: none;"></td><td style="display: none;">fresh</td><td style="display: none;"></td><td style="display: none;"><a class="recipeLink" href="/recipe_ingredient_search_results.php?query=(_QU5E__1__________494__[]_1_1)">Recipes with chicken, ground</a></td></tr><tr role="row" class="even"><td tabindex="0"><i class="fa fa-thumbs-up"></i><i class="fa fa-thumbs-up"></i></td><td class=" not_printable"><div class="addToGL" data-soscuisine-aisle="6" data-soscuisine-sip="3937723"><i class="fa fa-cart-plus" title="Add to My Grocery List"></i><div></div></div></td><td><img class="storeItemImage" itemprop="image" alt="chicken, ground" src="/media/images/store_item/494.jpg"></td><td>chicken, ground</td><td class="not_printable sorting_1">meat &amp; poultry</td><td><img style="width:50%;" src="/media/images/logos/marchands/1.png" alt="Metro"></td><td><span itemprop="price">$4.99</span><span itemprop="eligibleQuantity" itemscope="" itemtype="http://schema.org/QuantitativeValue">/<span itemprop="unitText">450g</span></span></td><td>$11.09/kg</td><td style="display: none;">2020-02-26</td><td style="display: none;"></td><td style="display: none;">house brand</td><td style="display: none;"></td><td style="display: none;">extra-lean</td><td style="display: none;"></td><td style="display: none;"></td><td style="display: none;"></td><td style="display: none;"><a class="recipeLink" href="/recipe_ingredient_search_results.php?query=(_QU5E__1__________494__[]_1_1)">Recipes with chicken, ground</a></td></tr><tr role="row" class="odd"><td tabindex="0"><i class="fa fa-thumbs-up"></i><i class="fa fa-thumbs-up"></i></td><td class=" not_printable"><div class="addToGL" data-soscuisine-aisle="6" data-soscuisine-sip="3940587"><i class="fa fa-cart-plus" title="Add to My Grocery List"></i><div></div></div></td><td><img class="storeItemImage" itemprop="image" alt="chicken, ground" src="/media/images/store_item/494.jpg"></td><td>chicken, ground</td><td class="not_printable sorting_1">meat &amp; poultry</td><td><img style="width:50%;" src="/media/images/logos/marchands/5.png" alt="Super C"></td><td><span itemprop="price">$4.99</span><span itemprop="eligibleQuantity" itemscope="" itemtype="http://schema.org/QuantitativeValue">/<span itemprop="unitText">450g</span></span></td><td>$11.09/kg</td><td style="display: none;">2020-02-26</td><td style="display: none;"></td><td style="display: none;">house brand</td><td style="display: none;"></td><td style="display: none;">extra-lean</td><td style="display: none;"></td><td style="display: none;"></td><td style="display: none;"></td><td style="display: none;"><a class="recipeLink" href="/recipe_ingredient_search_results.php?query=(_QU5E__1__________494__[]_1_1)">Recipes with chicken, ground</a></td></tr><tr role="row" class="even"><td tabindex="0"><i class="fas fa-hand-rock"></i></td><td class=" not_printable"><div class="addToGL" data-soscuisine-aisle="6" data-soscuisine-sip="3941011"><i class="fa fa-cart-plus" title="Add to My Grocery List"></i><div></div></div></td><td><img class="storeItemImage" itemprop="image" alt="chicken, ground" src="/media/images/store_item/494.jpg"></td><td>chicken, ground</td><td class="not_printable sorting_1">meat &amp; poultry</td><td><img style="width:50%;" src="/media/images/logos/marchands/73.png" alt="Walmart"></td><td><span itemprop="price">$12.00</span><span itemprop="eligibleQuantity" itemscope="" itemtype="http://schema.org/QuantitativeValue">/<span itemprop="value">2</span>x<span itemprop="unitText">454g (1lb)</span></span></td><td>$13.23/kg</td><td style="display: none;">2020-02-26</td><td style="display: none;"></td><td style="display: none;">Maple Leaf</td><td style="display: none;"></td><td style="display: none;">extra-lean</td><td style="display: none;"></td><td style="display: none;"></td><td style="display: none;">or Mina Halal, lean, supercentres only</td><td style="display: none;"><a class="recipeLink" href="/recipe_ingredient_search_results.php?query=(_QU5E__1__________494__[]_1_1)">Recipes with chicken, ground</a></td></tr><tr role="row" class="odd"><td tabindex="0"><i class="fa fa-thumbs-down"></i></td><td class=" not_printable"><div class="addToGL" data-soscuisine-aisle="6" data-soscuisine-sip="3941009"><i class="fa fa-cart-plus" title="Add to My Grocery List"></i><div></div></div></td><td><img class="storeItemImage" itemprop="image" alt="chicken, ground" src="/media/images/store_item/494.jpg"></td><td>chicken, ground</td><td class="not_printable sorting_1">meat &amp; poultry</td><td><img style="width:50%;" src="/media/images/logos/marchands/73.png" alt="Walmart"></td><td><span itemprop="price">$6.97</span><span itemprop="eligibleQuantity" itemscope="" itemtype="http://schema.org/QuantitativeValue">/<span itemprop="unitText">454g (1lb)</span></span></td><td>$15.37/kg</td><td style="display: none;">2020-02-26</td><td style="display: none;"></td><td style="display: none;">Maple Leaf</td><td style="display: none;"></td><td style="display: none;">extra-lean</td><td style="display: none;"></td><td style="display: none;"></td><td style="display: none;">or Mina Halal, lean, supercentres only</td><td style="display: none;"><a class="recipeLink" href="/recipe_ingredient_search_results.php?query=(_QU5E__1__________494__[]_1_1)">Recipes with chicken, ground</a></td></tr><tr role="row" class="even"><td tabindex="0"><i class="fas fa-hand-rock"></i></td><td class=" not_printable"><div class="addToGL" data-soscuisine-aisle="6" data-soscuisine-sip="3939591"><i class="fa fa-cart-plus" title="Add to My Grocery List"></i><div></div></div></td><td><img class="storeItemImage" itemprop="image" alt="chicken, legs, with back, with skin" src="/media/images/store_item/443.jpg"></td><td>chicken, legs, with back, with skin</td><td class="not_printable sorting_1">meat &amp; poultry</td><td><img style="width:50%;" src="/media/images/logos/marchands/10.png" alt="Bonichoix"></td><td><span itemprop="price">$2.19</span><span itemprop="eligibleQuantity" itemscope="" itemtype="http://schema.org/QuantitativeValue">/<span itemprop="unitText">lb</span></span></td><td>$4.83/kg</td><td style="display: none;">2020-02-26</td><td style="display: none;"></td><td style="display: none;"></td><td style="display: none;"></td><td style="display: none;"></td><td style="display: none;"></td><td style="display: none;">fresh, large pack</td><td style="display: none;"></td><td style="display: none;"><a class="recipeLink" href="/recipe_ingredient_search_results.php?query=(_QU5E__1__________443__[]_1_1)">Recipes with chicken, legs, with back, with skin</a></td></tr><tr role="row" class="odd"><td tabindex="0"><i class="fa fa-thumbs-up"></i><i class="fa fa-thumbs-up"></i></td><td class=" not_printable"><div class="addToGL" data-soscuisine-aisle="6" data-soscuisine-sip="3937619"><i class="fa fa-cart-plus" title="Add to My Grocery List"></i><div></div></div></td><td><img class="storeItemImage" itemprop="image" alt="chicken, legs, with back, with skin" src="/media/images/store_item/443.jpg"></td><td>chicken, legs, with back, with skin</td><td class="not_printable sorting_1">meat &amp; poultry</td><td><img style="width:50%;" src="/media/images/logos/marchands/1.png" alt="Metro"></td><td><span itemprop="price">$0.88</span><span itemprop="eligibleQuantity" itemscope="" itemtype="http://schema.org/QuantitativeValue">/<span itemprop="unitText">lb</span></span></td><td>$1.94/kg</td><td style="display: none;">2020-02-26</td><td style="display: none;"></td><td style="display: none;"></td><td style="display: none;"></td><td style="display: none;"></td><td style="display: none;"></td><td style="display: none;">fresh, large pack</td><td style="display: none;"></td><td style="display: none;"><a class="recipeLink" href="/recipe_ingredient_search_results.php?query=(_QU5E__1__________443__[]_1_1)">Recipes with chicken, legs, with back, with skin</a></td></tr><tr role="row" class="even"><td tabindex="0"><i class="fa fa-thumbs-up"></i><i class="fa fa-thumbs-up"></i></td><td class=" not_printable"><div class="addToGL" data-soscuisine-aisle="6" data-soscuisine-sip="3938601"><i class="fa fa-cart-plus" title="Add to My Grocery List"></i><div></div></div></td><td><img class="storeItemImage" alt="chicken, strips" src="/media/images/store_item/blank.jpg"></td><td>chicken, strips</td><td class="not_printable sorting_1">meat &amp; poultry</td><td><img style="width:50%;" src="/media/images/logos/marchands/69.png" alt="Intermarche (Provincial)"></td><td><span itemprop="price">$5.99</span><span itemprop="eligibleQuantity" itemscope="" itemtype="http://schema.org/QuantitativeValue">/<span itemprop="unitText">lb</span></span></td><td>$13.21/kg</td><td style="display: none;">2020-02-26</td><td style="display: none;"></td><td style="display: none;"></td><td style="display: none;"></td><td style="display: none;"></td><td style="display: none;"></td><td style="display: none;"></td><td style="display: none;"></td><td style="display: none;"><a class="recipeLink" href="/recipe_ingredient_search_results.php?query=(_QU5E__1__________487__[]_1_1)">Recipes with chicken, strips</a></td></tr><tr role="row" class="odd"><td tabindex="0"><i class="fas fa-hand-rock"></i></td><td class=" not_printable"><div class="addToGL" data-soscuisine-aisle="6" data-soscuisine-sip="3937501"><i class="fa fa-cart-plus" title="Add to My Grocery List"></i><div></div></div></td><td><img class="storeItemImage" itemprop="image" alt="chicken, thighs, bone-in, with skin" src="/media/images/store_item/511.jpg"></td><td>chicken, thighs, bone-in, with skin</td><td class="not_printable sorting_1">meat &amp; poultry</td><td><img style="width:50%;" src="/media/images/logos/marchands/6.png" alt="Maxi"></td><td><span itemprop="price">$2.00</span><span itemprop="eligibleQuantity" itemscope="" itemtype="http://schema.org/QuantitativeValue">/<span itemprop="unitText">lb</span></span></td><td>$4.41/kg</td><td style="display: none;">2020-02-26</td><td style="display: none;"></td><td style="display: none;"></td><td style="display: none;"></td><td style="display: none;"></td><td style="display: none;"></td><td style="display: none;">fresh, large pack</td><td style="display: none;"></td><td style="display: none;"><a class="recipeLink" href="/recipe_ingredient_search_results.php?query=(_QU5E__1__________511__[]_1_1)">Recipes with chicken, thighs, bone-in, with skin</a></td></tr><tr role="row" class="even"><td tabindex="0"><i class="fa fa-thumbs-up"></i></td><td class=" not_printable"><div class="addToGL" data-soscuisine-aisle="6" data-soscuisine-sip="3939539"><i class="fa fa-cart-plus" title="Add to My Grocery List"></i><div></div></div></td><td><img class="storeItemImage" itemprop="image" alt="chicken, thighs, boneless" src="/media/images/store_item/353.jpg"></td><td>chicken, thighs, boneless</td><td class="not_printable sorting_1">meat &amp; poultry</td><td><img style="width:50%;" src="/media/images/logos/marchands/10.png" alt="Bonichoix"></td><td><span itemprop="price">$4.49</span><span itemprop="eligibleQuantity" itemscope="" itemtype="http://schema.org/QuantitativeValue">/<span itemprop="unitText">lb</span></span></td><td>$9.90/kg</td><td style="display: none;">2020-02-26</td><td style="display: none;"></td><td style="display: none;"></td><td style="display: none;"></td><td style="display: none;"></td><td style="display: none;"></td><td style="display: none;">fresh, large pack</td><td style="display: none;"></td><td style="display: none;"><a class="recipeLink" href="/recipe_ingredient_search_results.php?query=(_QU5E__1__________353__[]_1_1)">Recipes with chicken, thighs, boneless</a></td></tr><tr role="row" class="odd"><td tabindex="0"><i class="fa fa-thumbs-up"></i><i class="fa fa-thumbs-up"></i></td><td class=" not_printable"><div class="addToGL" data-soscuisine-aisle="6" data-soscuisine-sip="3938931"><i class="fa fa-cart-plus" title="Add to My Grocery List"></i><div></div></div></td><td><img class="storeItemImage" itemprop="image" alt="chicken, thighs, boneless" src="/media/images/store_item/353.jpg"></td><td>chicken, thighs, boneless</td><td class="not_printable sorting_1">meat &amp; poultry</td><td><img style="width:50%;" src="/media/images/logos/marchands/3.png" alt="IGA"></td><td><span itemprop="price">$3.99</span><span itemprop="eligibleQuantity" itemscope="" itemtype="http://schema.org/QuantitativeValue">/<span itemprop="unitText">lb</span></span></td><td>$8.80/kg</td><td style="display: none;">2020-02-26</td><td style="display: none;"></td><td style="display: none;"></td><td style="display: none;"></td><td style="display: none;"></td><td style="display: none;"></td><td style="display: none;">fresh, large pack</td><td style="display: none;"></td><td style="display: none;"><a class="recipeLink" href="/recipe_ingredient_search_results.php?query=(_QU5E__1__________353__[]_1_1)">Recipes with chicken, thighs, boneless</a></td></tr><tr role="row" class="even"><td tabindex="0"><i class="fas fa-hand-rock"></i></td><td class=" not_printable"><div class="addToGL" data-soscuisine-aisle="6" data-soscuisine-sip="3938127"><i class="fa fa-cart-plus" title="Add to My Grocery List"></i><div></div></div></td><td><img class="storeItemImage" itemprop="image" alt="chicken, thighs, boneless" src="/media/images/store_item/353.jpg"></td><td>chicken, thighs, boneless</td><td class="not_printable sorting_1">meat &amp; poultry</td><td><img style="width:50%;" src="/media/images/logos/marchands/7.png" alt="Intermarché (Saveurs intl.)"></td><td><span itemprop="price">$4.99</span><span itemprop="eligibleQuantity" itemscope="" itemtype="http://schema.org/QuantitativeValue">/<span itemprop="unitText">lb</span></span></td><td>$11.00/kg</td><td style="display: none;">2020-02-26</td><td style="display: none;"></td><td style="display: none;"></td><td style="display: none;"></td><td style="display: none;">skinless</td><td style="display: none;"></td><td style="display: none;">fresh, large pack</td><td style="display: none;"></td><td style="display: none;"><a class="recipeLink" href="/recipe_ingredient_search_results.php?query=(_QU5E__1__________353__[]_1_1)">Recipes with chicken, thighs, boneless</a></td></tr><tr role="row" class="odd"><td tabindex="0"><i class="fas fa-hand-rock"></i></td><td class=" not_printable"><div class="addToGL" data-soscuisine-aisle="6" data-soscuisine-sip="3938605"><i class="fa fa-cart-plus" title="Add to My Grocery List"></i><div></div></div></td><td><img class="storeItemImage" itemprop="image" alt="chicken, wings" src="/media/images/store_item/515.jpg"></td><td>chicken, wings</td><td class="not_printable sorting_1">meat &amp; poultry</td><td><img style="width:50%;" src="/media/images/logos/marchands/69.png" alt="Intermarche (Provincial)"></td><td><span itemprop="price">$3.99</span><span itemprop="eligibleQuantity" itemscope="" itemtype="http://schema.org/QuantitativeValue">/<span itemprop="unitText">lb</span></span></td><td>$8.80/kg</td><td style="display: none;">2020-02-26</td><td style="display: none;"></td><td style="display: none;"></td><td style="display: none;"></td><td style="display: none;"></td><td style="display: none;"></td><td style="display: none;">fresh, large pack</td><td style="display: none;"></td><td style="display: none;"><a class="recipeLink" href="/recipe_ingredient_search_results.php?query=(_QU5E__1__________515__[]_1_1)">Recipes with chicken, wings</a></td></tr><tr role="row" class="even"><td tabindex="0"><i class="fa fa-thumbs-up"></i><i class="fa fa-thumbs-up"></i></td><td class=" not_printable"><div class="addToGL" data-soscuisine-aisle="6" data-soscuisine-sip="3938901"><i class="fa fa-cart-plus" title="Add to My Grocery List"></i><div></div></div></td><td><img class="storeItemImage" itemprop="image" alt="chicken, wings" src="/media/images/store_item/515.jpg"></td><td>chicken, wings</td><td class="not_printable sorting_1">meat &amp; poultry</td><td><img style="width:50%;" src="/media/images/logos/marchands/64.png" alt="Mourelatos"></td><td><span itemprop="price">$2.99</span><span itemprop="eligibleQuantity" itemscope="" itemtype="http://schema.org/QuantitativeValue">/<span itemprop="unitText">lb</span></span></td><td>$6.59/kg</td><td style="display: none;">2020-02-25</td><td style="display: none;"></td><td style="display: none;"></td><td style="display: none;"></td><td style="display: none;"></td><td style="display: none;"></td><td style="display: none;"></td><td style="display: none;"></td><td style="display: none;"><a class="recipeLink" href="/recipe_ingredient_search_results.php?query=(_QU5E__1__________515__[]_1_1)">Recipes with chicken, wings</a></td></tr><tr role="row" class="odd"><td tabindex="0"><i class="fas fa-hand-rock"></i></td><td class=" not_printable"><div class="addToGL" data-soscuisine-aisle="6" data-soscuisine-sip="3939389"><i class="fa fa-cart-plus" title="Add to My Grocery List"></i><div></div></div></td><td><img class="storeItemImage" itemprop="image" alt="chickens, whole" src="/media/images/store_item/343.jpg"></td><td>chickens, whole</td><td class="not_printable sorting_1">meat &amp; poultry</td><td><img style="width:50%;" src="/media/images/logos/marchands/3.png" alt="IGA"></td><td><span itemprop="price">$2.99</span><span itemprop="eligibleQuantity" itemscope="" itemtype="http://schema.org/QuantitativeValue">/<span itemprop="unitText">lb</span></span></td><td>$6.59/kg</td><td style="display: none;">2020-02-26</td><td style="display: none;"></td><td style="display: none;">Exceldor</td><td style="display: none;">less than 2kg</td><td style="display: none;"></td><td style="display: none;"></td><td style="display: none;">fresh</td><td style="display: none;"></td><td style="display: none;"><a class="recipeLink" href="/recipe_ingredient_search_results.php?query=(_QU5E__1__________343__[]_1_1)">Recipes with chickens, whole</a></td></tr><tr role="row" class="even"><td tabindex="0"><i class="fa fa-thumbs-up"></i></td><td class=" not_printable"><div class="addToGL" data-soscuisine-aisle="6" data-soscuisine-sip="3938561"><i class="fa fa-cart-plus" title="Add to My Grocery List"></i><div></div></div></td><td><img class="storeItemImage" itemprop="image" alt="chickens, whole" src="/media/images/store_item/343.jpg"></td><td>chickens, whole</td><td class="not_printable sorting_1">meat &amp; poultry</td><td><img style="width:50%;" src="/media/images/logos/marchands/69.png" alt="Intermarche (Provincial)"></td><td><span itemprop="price">$2.00</span><span itemprop="eligibleQuantity" itemscope="" itemtype="http://schema.org/QuantitativeValue">/<span itemprop="unitText">lb</span></span></td><td>$4.41/kg</td><td style="display: none;">2020-02-26</td><td style="display: none;"></td><td style="display: none;"></td><td style="display: none;">less than 2kg</td><td style="display: none;"></td><td style="display: none;">Cat.A</td><td style="display: none;">fresh</td><td style="display: none;"></td><td style="display: none;"><a class="recipeLink" href="/recipe_ingredient_search_results.php?query=(_QU5E__1__________343__[]_1_1)">Recipes with chickens, whole</a></td></tr><tr role="row" class="odd"><td tabindex="0"><i class="fa fa-thumbs-up"></i></td><td class=" not_printable"><div class="addToGL" data-soscuisine-aisle="6" data-soscuisine-sip="3939115"><i class="fa fa-cart-plus" title="Add to My Grocery List"></i><div></div></div></td><td><img class="storeItemImage" itemprop="image" alt="chickens, whole" src="/media/images/store_item/343.jpg"></td><td>chickens, whole</td><td class="not_printable sorting_1">meat &amp; poultry</td><td><img style="width:50%;" src="/media/images/logos/marchands/63.png" alt="Marché Adonis"></td><td><span itemprop="price">$2.49</span><span itemprop="eligibleQuantity" itemscope="" itemtype="http://schema.org/QuantitativeValue">/<span itemprop="unitText">lb</span></span></td><td>$5.49/kg</td><td style="display: none;">2020-02-26</td><td style="display: none;"></td><td style="display: none;"></td><td style="display: none;"></td><td style="display: none;"></td><td style="display: none;">grain-fed</td><td style="display: none;"></td><td style="display: none;"></td><td style="display: none;"><a class="recipeLink" href="/recipe_ingredient_search_results.php?query=(_QU5E__1__________343__[]_1_1)">Recipes with chickens, whole</a></td></tr><tr role="row" class="even"><td tabindex="0"><i class="fa fa-thumbs-down"></i></td><td class=" not_printable"><div class="addToGL" data-soscuisine-aisle="6" data-soscuisine-sip="3937719"><i class="fa fa-cart-plus" title="Add to My Grocery List"></i><div></div></div></td><td><img class="storeItemImage" itemprop="image" alt="chickens, whole" src="/media/images/store_item/343.jpg"></td><td>chickens, whole</td><td class="not_printable sorting_1">meat &amp; poultry</td><td><img style="width:50%;" src="/media/images/logos/marchands/1.png" alt="Metro"></td><td><span itemprop="price">$4.99</span><span itemprop="eligibleQuantity" itemscope="" itemtype="http://schema.org/QuantitativeValue">/<span itemprop="unitText">lb</span></span></td><td>$11.00/kg</td><td style="display: none;">2020-02-26</td><td style="display: none;">Quebec</td><td style="display: none;">house brand</td><td style="display: none;"></td><td style="display: none;">organic</td><td style="display: none;">grain-fed</td><td style="display: none;"></td><td style="display: none;">cryovac</td><td style="display: none;"><a class="recipeLink" href="/recipe_ingredient_search_results.php?query=(_QU5E__1__________343__[]_1_1)">Recipes with chickens, whole</a></td></tr><tr role="row" class="odd"><td tabindex="0"><i class="fa fa-thumbs-up"></i><i class="fa fa-thumbs-up"></i></td><td class=" not_printable"><div class="addToGL" data-soscuisine-aisle="6" data-soscuisine-sip="3938877"><i class="fa fa-cart-plus" title="Add to My Grocery List"></i><div></div></div></td><td><img class="storeItemImage" itemprop="image" alt="chickens, whole" src="/media/images/store_item/343.jpg"></td><td>chickens, whole</td><td class="not_printable sorting_1">meat &amp; poultry</td><td><img style="width:50%;" src="/media/images/logos/marchands/64.png" alt="Mourelatos"></td><td><span itemprop="price">$1.99</span><span itemprop="eligibleQuantity" itemscope="" itemtype="http://schema.org/QuantitativeValue">/<span itemprop="unitText">lb</span></span></td><td>$4.39/kg</td><td style="display: none;">2020-02-25</td><td style="display: none;"></td><td style="display: none;"></td><td style="display: none;"></td><td style="display: none;"></td><td style="display: none;">grain-fed</td><td style="display: none;"></td><td style="display: none;"></td><td style="display: none;"><a class="recipeLink" href="/recipe_ingredient_search_results.php?query=(_QU5E__1__________343__[]_1_1)">Recipes with chickens, whole</a></td></tr><tr role="row" class="even"><td tabindex="0"><i class="fas fa-circle"></i></td><td class=" not_printable"><div class="addToGL" data-soscuisine-aisle="6" data-soscuisine-sip="3937975"><i class="fa fa-cart-plus" title="Add to My Grocery List"></i><div></div></div></td><td><img class="storeItemImage" itemprop="image" alt="chickens, whole" src="/media/images/store_item/343.jpg"></td><td>chickens, whole</td><td class="not_printable sorting_1">meat &amp; poultry</td><td><img style="width:50%;" src="/media/images/logos/marchands/2.png" alt="Provigo"></td><td><span itemprop="price">$12.00</span><span itemprop="eligibleQuantity" itemscope="" itemtype="http://schema.org/QuantitativeValue"> ea.</span></td><td>N/A</td><td style="display: none;">2020-02-26</td><td style="display: none;"></td><td style="display: none;"></td><td style="display: none;">size N/A</td><td style="display: none;"></td><td style="display: none;"></td><td style="display: none;">fresh, pack of 2</td><td style="display: none;"></td><td style="display: none;"><a class="recipeLink" href="/recipe_ingredient_search_results.php?query=(_QU5E__1__________343__[]_1_1)">Recipes with chickens, whole</a></td></tr><tr role="row" class="odd"><td tabindex="0"><i class="fa fa-thumbs-down"></i></td><td class=" not_printable"><div class="addToGL" data-soscuisine-aisle="6" data-soscuisine-sip="3938747"><i class="fa fa-cart-plus" title="Add to My Grocery List"></i><div></div></div></td><td><img class="storeItemImage" itemprop="image" alt="chickens, whole" src="/media/images/store_item/343.jpg"></td><td>chickens, whole</td><td class="not_printable sorting_1">meat &amp; poultry</td><td><img style="width:50%;" src="/media/images/logos/marchands/93.png" alt="Rachelle Béry"></td><td><span itemprop="price">$3.99</span><span itemprop="eligibleQuantity" itemscope="" itemtype="http://schema.org/QuantitativeValue">/<span itemprop="unitText">lb</span></span></td><td>$8.80/kg</td><td style="display: none;">2020-03-04</td><td style="display: none;">Quebec</td><td style="display: none;">Voltigeurs Farm</td><td style="display: none;"></td><td style="display: none;"></td><td style="display: none;">Organic</td><td style="display: none;"></td><td style="display: none;"></td><td style="display: none;"><a class="recipeLink" href="/recipe_ingredient_search_results.php?query=(_QU5E__1__________343__[]_1_1)">Recipes with chickens, whole</a></td></tr><tr role="row" class="even"><td tabindex="0"><i class="fa fa-thumbs-down"></i></td><td class=" not_printable"><div class="addToGL" data-soscuisine-aisle="6" data-soscuisine-sip="3940873"><i class="fa fa-cart-plus" title="Add to My Grocery List"></i><div></div></div></td><td><img class="storeItemImage" itemprop="image" alt="chickens, whole" src="/media/images/store_item/343.jpg"></td><td>chickens, whole</td><td class="not_printable sorting_1">meat &amp; poultry</td><td><img style="width:50%;" src="/media/images/logos/marchands/12.png" alt="Richelieu"></td><td><span itemprop="price">$3.79</span><span itemprop="eligibleQuantity" itemscope="" itemtype="http://schema.org/QuantitativeValue">/<span itemprop="unitText">lb</span></span></td><td>$8.36/kg</td><td style="display: none;">2020-02-26</td><td style="display: none;"></td><td style="display: none;">house brand</td><td style="display: none;">approx. 2 kg</td><td style="display: none;"></td><td style="display: none;">grain-fed</td><td style="display: none;"></td><td style="display: none;"></td><td style="display: none;"><a class="recipeLink" href="/recipe_ingredient_search_results.php?query=(_QU5E__1__________343__[]_1_1)">Recipes with chickens, whole</a></td></tr><tr role="row" class="odd"><td tabindex="0"><i class="fas fa-hand-rock"></i></td><td class=" not_printable"><div class="addToGL" data-soscuisine-aisle="6" data-soscuisine-sip="3940585"><i class="fa fa-cart-plus" title="Add to My Grocery List"></i><div></div></div></td><td><img class="storeItemImage" itemprop="image" alt="chickens, whole" src="/media/images/store_item/343.jpg"></td><td>chickens, whole</td><td class="not_printable sorting_1">meat &amp; poultry</td><td><img style="width:50%;" src="/media/images/logos/marchands/5.png" alt="Super C"></td><td><span itemprop="price">$2.88</span><span itemprop="eligibleQuantity" itemscope="" itemtype="http://schema.org/QuantitativeValue">/<span itemprop="unitText">lb</span></span></td><td>$6.35/kg</td><td style="display: none;">2020-02-26</td><td style="display: none;"></td><td style="display: none;"></td><td style="display: none;">less than 2kg</td><td style="display: none;"></td><td style="display: none;">Cat.A</td><td style="display: none;">fresh</td><td style="display: none;"></td><td style="display: none;"><a class="recipeLink" href="/recipe_ingredient_search_results.php?query=(_QU5E__1__________343__[]_1_1)">Recipes with chickens, whole</a></td></tr><tr role="row" class="even"><td tabindex="0"><i class="fas fa-hand-rock"></i></td><td class=" not_printable"><div class="addToGL" data-soscuisine-aisle="6" data-soscuisine-sip="3940679"><i class="fa fa-cart-plus" title="Add to My Grocery List"></i><div></div></div></td><td><img class="storeItemImage" itemprop="image" alt="chickens, whole" src="/media/images/store_item/343.jpg"></td><td>chickens, whole</td><td class="not_printable sorting_1">meat &amp; poultry</td><td><img style="width:50%;" src="/media/images/logos/marchands/11.png" alt="Tradition"></td><td><span itemprop="price">$2.69</span><span itemprop="eligibleQuantity" itemscope="" itemtype="http://schema.org/QuantitativeValue">/<span itemprop="unitText">lb</span></span></td><td>$5.93/kg</td><td style="display: none;">2020-02-26</td><td style="display: none;"></td><td style="display: none;"></td><td style="display: none;">less than 2kg</td><td style="display: none;"></td><td style="display: none;"></td><td style="display: none;">fresh</td><td style="display: none;"></td><td style="display: none;"><a class="recipeLink" href="/recipe_ingredient_search_results.php?query=(_QU5E__1__________343__[]_1_1)">Recipes with chickens, whole</a></td></tr><tr role="row" class="odd"><td tabindex="0"><i class="fas fa-hand-rock"></i></td><td class=" not_printable"><div class="addToGL" data-soscuisine-aisle="6" data-soscuisine-sip="3940675"><i class="fa fa-cart-plus" title="Add to My Grocery List"></i><div></div></div></td><td><img class="storeItemImage" itemprop="image" alt="chickens, whole" src="/media/images/store_item/343.jpg"></td><td>chickens, whole</td><td class="not_printable sorting_1">meat &amp; poultry</td><td><img style="width:50%;" src="/media/images/logos/marchands/11.png" alt="Tradition"></td><td><span itemprop="price">$3.29</span><span itemprop="eligibleQuantity" itemscope="" itemtype="http://schema.org/QuantitativeValue">/<span itemprop="unitText">lb</span></span></td><td>$7.25/kg</td><td style="display: none;">2020-02-26</td><td style="display: none;"></td><td style="display: none;">Voltigeurs Farm</td><td style="display: none;">more than 2kg</td><td style="display: none;"></td><td style="display: none;">grain-fed</td><td style="display: none;">fresh</td><td style="display: none;"></td><td style="display: none;"><a class="recipeLink" href="/recipe_ingredient_search_results.php?query=(_QU5E__1__________343__[]_1_1)">Recipes with chickens, whole</a></td></tr><tr role="row" class="even"><td tabindex="0"><i class="fas fa-hand-rock"></i></td><td class=" not_printable"><div class="addToGL" data-soscuisine-aisle="6" data-soscuisine-sip="3939445"><i class="fa fa-cart-plus" title="Add to My Grocery List"></i><div></div></div></td><td><img class="storeItemImage" itemprop="image" alt="deli food, bologna" src="/media/images/store_item/766.jpg"></td><td>deli food, bologna</td><td class="not_printable sorting_1">meat &amp; poultry</td><td><img style="width:50%;" src="/media/images/logos/marchands/3.png" alt="IGA"></td><td><span itemprop="price">$5.49</span><span itemprop="eligibleQuantity" itemscope="" itemtype="http://schema.org/QuantitativeValue">/<span itemprop="unitText">675g</span></span></td><td>$8.13/kg</td><td style="display: none;">2020-02-26</td><td style="display: none;"></td><td style="display: none;">Lafleur</td><td style="display: none;"></td><td style="display: none;"></td><td style="display: none;"></td><td style="display: none;"></td><td style="display: none;"></td><td style="display: none;"></td></tr><tr role="row" class="odd"><td tabindex="0"><i class="fas fa-hand-rock"></i></td><td class=" not_printable"><div class="addToGL" data-soscuisine-aisle="6" data-soscuisine-sip="3937735"><i class="fa fa-cart-plus" title="Add to My Grocery List"></i><div></div></div></td><td><img class="storeItemImage" itemprop="image" alt="deli food, bologna" src="/media/images/store_item/766.jpg"></td><td>deli food, bologna</td><td class="not_printable sorting_1">meat &amp; poultry</td><td><img style="width:50%;" src="/media/images/logos/marchands/1.png" alt="Metro"></td><td><span itemprop="price">$4.49</span><span itemprop="eligibleQuantity" itemscope="" itemtype="http://schema.org/QuantitativeValue">/<span itemprop="unitText">600g</span></span></td><td>$7.48/kg</td><td style="display: none;">2020-02-26</td><td style="display: none;">Quebec</td><td style="display: none;">Lesters</td><td style="display: none;"></td><td style="display: none;"></td><td style="display: none;"></td><td style="display: none;"></td><td style="display: none;"></td><td style="display: none;"></td></tr><tr role="row" class="even"><td tabindex="0"><i class="fa fa-thumbs-down"></i></td><td class=" not_printable"><div class="addToGL" data-soscuisine-aisle="6" data-soscuisine-sip="3939525"><i class="fa fa-cart-plus" title="Add to My Grocery List"></i><div></div></div></td><td><img class="storeItemImage" itemprop="image" alt="deli food, capocollo" src="/media/images/store_item/857.jpg"></td><td>deli food, capocollo</td><td class="not_printable sorting_1">meat &amp; poultry</td><td><img style="width:50%;" src="/media/images/logos/marchands/3.png" alt="IGA"></td><td><span itemprop="price">$5.99</span><span itemprop="eligibleQuantity" itemscope="" itemtype="http://schema.org/QuantitativeValue">/125g</span></td><td>$47.92/kg</td><td style="display: none;">2020-02-26</td><td style="display: none;">Quebec</td><td style="display: none;">Fantino &amp; Mondello</td><td style="display: none;"></td><td style="display: none;"></td><td style="display: none;"></td><td style="display: none;">sliced</td><td style="display: none;"></td><td style="display: none;"><a class="recipeLink" href="/recipe_ingredient_search_results.php?query=(_QU5E__1__________857__[]_1_1)">Recipes with deli food, capocollo</a></td></tr><tr role="row" class="odd"><td tabindex="0"><i class="fas fa-hand-rock"></i></td><td class=" not_printable"><div class="addToGL" data-soscuisine-aisle="6" data-soscuisine-sip="3937525"><i class="fa fa-cart-plus" title="Add to My Grocery List"></i><div></div></div></td><td><img class="storeItemImage" itemprop="image" alt="deli food, capocollo" src="/media/images/store_item/857.jpg"></td><td>deli food, capocollo</td><td class="not_printable sorting_1">meat &amp; poultry</td><td><img style="width:50%;" src="/media/images/logos/marchands/6.png" alt="Maxi"></td><td><span itemprop="price">$2.00</span><span itemprop="eligibleQuantity" itemscope="" itemtype="http://schema.org/QuantitativeValue">/125g</span></td><td>$16.00/kg</td><td style="display: none;">2020-02-26</td><td style="display: none;"></td><td style="display: none;">Mastro</td><td style="display: none;"></td><td style="display: none;"></td><td style="display: none;"></td><td style="display: none;"></td><td style="display: none;"></td><td style="display: none;"><a class="recipeLink" href="/recipe_ingredient_search_results.php?query=(_QU5E__1__________857__[]_1_1)">Recipes with deli food, capocollo</a></td></tr><tr role="row" class="even"><td tabindex="0"><i class="fas fa-exclamation"></i></td><td class=" not_printable"><div class="addToGL" data-soscuisine-aisle="6" data-soscuisine-sip="3938137"><i class="fa fa-cart-plus" title="Add to My Grocery List"></i><div></div></div></td><td><img class="storeItemImage" alt="deli food, chicken bacon" src="/media/images/store_item/blank.jpg"></td><td>deli food, chicken bacon</td><td class="not_printable sorting_1">meat &amp; poultry</td><td><img style="width:50%;" src="/media/images/logos/marchands/7.png" alt="Intermarché (Saveurs intl.)"></td><td><span itemprop="price">$3.99</span><span itemprop="eligibleQuantity" itemscope="" itemtype="http://schema.org/QuantitativeValue">/<span itemprop="unitText">375g</span></span></td><td>$10.64/kg</td><td style="display: none;">2020-02-26</td><td style="display: none;"></td><td style="display: none;">Maple Lodge</td><td style="display: none;"></td><td style="display: none;"></td><td style="display: none;">Halal</td><td style="display: none;"></td><td style="display: none;">Zabiha</td><td style="display: none;"><a class="recipeLink" href="/recipe_ingredient_search_results.php?query=(_QU5E__1__________575__[]_1_1)">Recipes with deli food, chicken bacon</a></td></tr><tr role="row" class="odd"><td tabindex="0"><i class="fa fa-thumbs-up"></i><i class="fa fa-thumbs-up"></i></td><td class=" not_printable"><div class="addToGL" data-soscuisine-aisle="6" data-soscuisine-sip="3939133"><i class="fa fa-cart-plus" title="Add to My Grocery List"></i><div></div></div></td><td><img class="storeItemImage" itemprop="image" alt="deli food, chicken breast roast" src="/media/images/store_item/623.jpg"></td><td>deli food, chicken breast roast</td><td class="not_printable sorting_1">meat &amp; poultry</td><td><img style="width:50%;" src="/media/images/logos/marchands/63.png" alt="Marché Adonis"></td><td><span itemprop="price">$4.99</span><span itemprop="eligibleQuantity" itemscope="" itemtype="http://schema.org/QuantitativeValue">/<span itemprop="unitText">lb</span></span></td><td>$11.00/kg</td><td style="display: none;">2020-02-26</td><td style="display: none;"></td><td style="display: none;">Harvest Creek</td><td style="display: none;"></td><td style="display: none;"></td><td style="display: none;"></td><td style="display: none;"></td><td style="display: none;"></td><td style="display: none;"><a class="recipeLink" href="/recipe_ingredient_search_results.php?query=(_QU5E__1__________623__[]_1_1)">Recipes with deli food, chicken breast roast</a></td></tr><tr role="row" class="even"><td tabindex="0"><i class="fa fa-thumbs-up"></i></td><td class=" not_printable"><div class="addToGL" data-soscuisine-aisle="6" data-soscuisine-sip="3938993"><i class="fa fa-cart-plus" title="Add to My Grocery List"></i><div></div></div></td><td><img class="storeItemImage" itemprop="image" alt="deli food, chicken breast roast" src="/media/images/store_item/623.jpg"></td><td>deli food, chicken breast roast</td><td class="not_printable sorting_1">meat &amp; poultry</td><td><img style="width:50%;" src="/media/images/logos/marchands/64.png" alt="Mourelatos"></td><td><span itemprop="price">$5.99</span><span itemprop="eligibleQuantity" itemscope="" itemtype="http://schema.org/QuantitativeValue">/<span itemprop="unitText">lb</span></span></td><td>$13.21/kg</td><td style="display: none;">2020-02-25</td><td style="display: none;"></td><td style="display: none;"></td><td style="display: none;"></td><td style="display: none;"></td><td style="display: none;"></td><td style="display: none;">cooked or smoked</td><td style="display: none;"></td><td style="display: none;"><a class="recipeLink" href="/recipe_ingredient_search_results.php?query=(_QU5E__1__________623__[]_1_1)">Recipes with deli food, chicken breast roast</a></td></tr><tr role="row" class="odd"><td tabindex="0"><i class="fa fa-thumbs-down"></i></td><td class=" not_printable"><div class="addToGL" data-soscuisine-aisle="6" data-soscuisine-sip="3939429"><i class="fa fa-cart-plus" title="Add to My Grocery List"></i><div></div></div></td><td><img class="storeItemImage" alt="deli food, chorizo sausages" src="/media/images/store_item/blank.jpg"></td><td>deli food, chorizo sausages</td><td class="not_printable sorting_1">meat &amp; poultry</td><td><img style="width:50%;" src="/media/images/logos/marchands/3.png" alt="IGA"></td><td><span itemprop="price">$8.99</span><span itemprop="eligibleQuantity" itemscope="" itemtype="http://schema.org/QuantitativeValue">/<span itemprop="unitText">300g</span></span></td><td>$29.97/kg</td><td style="display: none;">2020-02-26</td><td style="display: none;"></td><td style="display: none;">Le Sauciflard</td><td style="display: none;"></td><td style="display: none;"></td><td style="display: none;"></td><td style="display: none;"></td><td style="display: none;"></td><td style="display: none;"><a class="recipeLink" href="/recipe_ingredient_search_results.php?query=(_QU5E__1__________298__[]_1_1)">Recipes with deli food, chorizo sausages</a></td></tr><tr role="row" class="even"><td tabindex="0"><i class="fa fa-thumbs-down"></i></td><td class=" not_printable"><div class="addToGL" data-soscuisine-aisle="6" data-soscuisine-sip="3939531"><i class="fa fa-cart-plus" title="Add to My Grocery List"></i><div></div></div></td><td><img class="storeItemImage" alt="deli food, chorizo sausages" src="/media/images/store_item/blank.jpg"></td><td>deli food, chorizo sausages</td><td class="not_printable sorting_1">meat &amp; poultry</td><td><img style="width:50%;" src="/media/images/logos/marchands/3.png" alt="IGA"></td><td><span itemprop="price">$5.99</span><span itemprop="eligibleQuantity" itemscope="" itemtype="http://schema.org/QuantitativeValue">/125g</span></td><td>$47.92/kg</td><td style="display: none;">2020-02-26</td><td style="display: none;">Quebec</td><td style="display: none;">Fantino &amp; Mondello</td><td style="display: none;"></td><td style="display: none;"></td><td style="display: none;"></td><td style="display: none;">sliced</td><td style="display: none;"></td><td style="display: none;"><a class="recipeLink" href="/recipe_ingredient_search_results.php?query=(_QU5E__1__________298__[]_1_1)">Recipes with deli food, chorizo sausages</a></td></tr><tr role="row" class="odd"><td tabindex="0"><i class="fas fa-hand-rock"></i></td><td class=" not_printable"><div class="addToGL" data-soscuisine-aisle="6" data-soscuisine-sip="3935957"><i class="fa fa-cart-plus" title="Add to My Grocery List"></i><div></div></div></td><td><img class="storeItemImage" alt="deli food, chorizo sausages" src="/media/images/store_item/blank.jpg"></td><td>deli food, chorizo sausages</td><td class="not_printable sorting_1">meat &amp; poultry</td><td><img style="width:50%;" src="/media/images/logos/marchands/62.png" alt="Supermarché PA"></td><td><span itemprop="price">$5.00</span><span itemprop="eligibleQuantity" itemscope="" itemtype="http://schema.org/QuantitativeValue">/<span itemprop="value">2</span>x<span itemprop="unitText">100g</span></span></td><td>$25.00/kg</td><td style="display: none;">2020-02-23</td><td style="display: none;">Spain</td><td style="display: none;"></td><td style="display: none;"></td><td style="display: none;"></td><td style="display: none;"></td><td style="display: none;"></td><td style="display: none;"></td><td style="display: none;"><a class="recipeLink" href="/recipe_ingredient_search_results.php?query=(_QU5E__1__________298__[]_1_1)">Recipes with deli food, chorizo sausages</a></td></tr><tr role="row" class="even"><td tabindex="0"><i class="fas fa-hand-rock"></i></td><td class=" not_printable"><div class="addToGL" data-soscuisine-aisle="6" data-soscuisine-sip="3940715"><i class="fa fa-cart-plus" title="Add to My Grocery List"></i><div></div></div></td><td><img class="storeItemImage" alt="deli food, chorizo sausages" src="/media/images/store_item/blank.jpg"></td><td>deli food, chorizo sausages</td><td class="not_printable sorting_1">meat &amp; poultry</td><td><img style="width:50%;" src="/media/images/logos/marchands/11.png" alt="Tradition"></td><td><span itemprop="price">$7.49</span><span itemprop="eligibleQuantity" itemscope="" itemtype="http://schema.org/QuantitativeValue">/<span itemprop="unitText">300g</span></span></td><td>$24.97/kg</td><td style="display: none;">2020-02-26</td><td style="display: none;">Quebec</td><td style="display: none;">Le Sauciflard</td><td style="display: none;"></td><td style="display: none;"></td><td style="display: none;"></td><td style="display: none;"></td><td style="display: none;"></td><td style="display: none;"><a class="recipeLink" href="/recipe_ingredient_search_results.php?query=(_QU5E__1__________298__[]_1_1)">Recipes with deli food, chorizo sausages</a></td></tr><tr role="row" class="odd"><td tabindex="0"><i class="fa fa-thumbs-down"></i></td><td class=" not_printable"><div class="addToGL" data-soscuisine-aisle="6" data-soscuisine-sip="3939601"><i class="fa fa-cart-plus" title="Add to My Grocery List"></i><div></div></div></td><td><img class="storeItemImage" itemprop="image" alt="deli food, ham" src="/media/images/store_item/544.jpg"></td><td>deli food, ham</td><td class="not_printable sorting_1">meat &amp; poultry</td><td><img style="width:50%;" src="/media/images/logos/marchands/10.png" alt="Bonichoix"></td><td><span itemprop="price">$5.99</span><span itemprop="eligibleQuantity" itemscope="" itemtype="http://schema.org/QuantitativeValue">/<span itemprop="unitText">175g</span></span></td><td>$34.23/kg</td><td style="display: none;">2020-02-26</td><td style="display: none;"></td><td style="display: none;">Natural Selections</td><td style="display: none;"></td><td style="display: none;"></td><td style="display: none;"></td><td style="display: none;">sliced</td><td style="display: none;"></td><td style="display: none;"><a class="recipeLink" href="/recipe_ingredient_search_results.php?query=(_QU5E__1__________544__[]_1_1)">Recipes with deli food, ham</a></td></tr><tr role="row" class="even"><td tabindex="0"><i class="fas fa-hand-rock"></i></td><td class=" not_printable"><div class="addToGL" data-soscuisine-aisle="6" data-soscuisine-sip="3938663"><i class="fa fa-cart-plus" title="Add to My Grocery List"></i><div></div></div></td><td><img class="storeItemImage" itemprop="image" alt="deli food, ham" src="/media/images/store_item/544.jpg"></td><td>deli food, ham</td><td class="not_printable sorting_1">meat &amp; poultry</td><td><img style="width:50%;" src="/media/images/logos/marchands/69.png" alt="Intermarche (Provincial)"></td><td><span itemprop="price">$3.99</span><span itemprop="eligibleQuantity" itemscope="" itemtype="http://schema.org/QuantitativeValue">/<span itemprop="unitText">200g</span></span></td><td>$19.95/kg</td><td style="display: none;">2020-02-26</td><td style="display: none;"></td><td style="display: none;">Gaspesien</td><td style="display: none;"></td><td style="display: none;"></td><td style="display: none;"></td><td style="display: none;">sliced</td><td style="display: none;">cooked</td><td style="display: none;"><a class="recipeLink" href="/recipe_ingredient_search_results.php?query=(_QU5E__1__________544__[]_1_1)">Recipes with deli food, ham</a></td></tr><tr role="row" class="odd"><td tabindex="0"><i class="fas fa-hand-rock"></i></td><td class=" not_printable"><div class="addToGL" data-soscuisine-aisle="6" data-soscuisine-sip="3938385"><i class="fa fa-cart-plus" title="Add to My Grocery List"></i><div></div></div></td><td><img class="storeItemImage" itemprop="image" alt="deli food, ham" src="/media/images/store_item/544.jpg"></td><td>deli food, ham</td><td class="not_printable sorting_1">meat &amp; poultry</td><td><img style="width:50%;" src="/media/images/logos/marchands/7.png" alt="Intermarché (Saveurs intl.)"></td><td><span itemprop="price">$1.79</span><span itemprop="eligibleQuantity" itemscope="" itemtype="http://schema.org/QuantitativeValue">/<span itemprop="unitText">100g</span></span></td><td>$17.90/kg</td><td style="display: none;">2020-02-26</td><td style="display: none;"></td><td style="display: none;">Mastro</td><td style="display: none;"></td><td style="display: none;">Tuscany style</td><td style="display: none;"></td><td style="display: none;"></td><td style="display: none;">or Rosemary</td><td style="display: none;"><a class="recipeLink" href="/recipe_ingredient_search_results.php?query=(_QU5E__1__________544__[]_1_1)">Recipes with deli food, ham</a></td></tr><tr role="row" class="even"><td tabindex="0"><i class="fas fa-hand-rock"></i></td><td class=" not_printable"><div class="addToGL" data-soscuisine-aisle="6" data-soscuisine-sip="3938393"><i class="fa fa-cart-plus" title="Add to My Grocery List"></i><div></div></div></td><td><img class="storeItemImage" itemprop="image" alt="deli food, ham" src="/media/images/store_item/544.jpg"></td><td>deli food, ham</td><td class="not_printable sorting_1">meat &amp; poultry</td><td><img style="width:50%;" src="/media/images/logos/marchands/7.png" alt="Intermarché (Saveurs intl.)"></td><td><span itemprop="price">$3.99</span><span itemprop="eligibleQuantity" itemscope="" itemtype="http://schema.org/QuantitativeValue">/<span itemprop="unitText">200g</span></span></td><td>$19.95/kg</td><td style="display: none;">2020-02-26</td><td style="display: none;"></td><td style="display: none;">Gaspesien</td><td style="display: none;"></td><td style="display: none;"></td><td style="display: none;"></td><td style="display: none;">sliced</td><td style="display: none;">cooked</td><td style="display: none;"><a class="recipeLink" href="/recipe_ingredient_search_results.php?query=(_QU5E__1__________544__[]_1_1)">Recipes with deli food, ham</a></td></tr><tr role="row" class="odd"><td tabindex="0"><i class="fas fa-hand-rock"></i></td><td class=" not_printable"><div class="addToGL" data-soscuisine-aisle="6" data-soscuisine-sip="3939123"><i class="fa fa-cart-plus" title="Add to My Grocery List"></i><div></div></div></td><td><img class="storeItemImage" itemprop="image" alt="deli food, ham" src="/media/images/store_item/544.jpg"></td><td>deli food, ham</td><td class="not_printable sorting_1">meat &amp; poultry</td><td><img style="width:50%;" src="/media/images/logos/marchands/63.png" alt="Marché Adonis"></td><td><span itemprop="price">$6.99</span><span itemprop="eligibleQuantity" itemscope="" itemtype="http://schema.org/QuantitativeValue">/<span itemprop="unitText">lb</span></span></td><td>$15.41/kg</td><td style="display: none;">2020-02-26</td><td style="display: none;"></td><td style="display: none;">Mastro</td><td style="display: none;"></td><td style="display: none;">Tuscany style</td><td style="display: none;"></td><td style="display: none;"></td><td style="display: none;">or Rosemary</td><td style="display: none;"><a class="recipeLink" href="/recipe_ingredient_search_results.php?query=(_QU5E__1__________544__[]_1_1)">Recipes with deli food, ham</a></td></tr><tr role="row" class="even"><td tabindex="0"><i class="fas fa-hand-rock"></i></td><td class=" not_printable"><div class="addToGL" data-soscuisine-aisle="6" data-soscuisine-sip="3937523"><i class="fa fa-cart-plus" title="Add to My Grocery List"></i><div></div></div></td><td><img class="storeItemImage" itemprop="image" alt="deli food, ham" src="/media/images/store_item/544.jpg"></td><td>deli food, ham</td><td class="not_printable sorting_1">meat &amp; poultry</td><td><img style="width:50%;" src="/media/images/logos/marchands/6.png" alt="Maxi"></td><td><span itemprop="price">$2.00</span><span itemprop="eligibleQuantity" itemscope="" itemtype="http://schema.org/QuantitativeValue">/125g</span></td><td>$16.00/kg</td><td style="display: none;">2020-02-26</td><td style="display: none;"></td><td style="display: none;">Mastro</td><td style="display: none;"></td><td style="display: none;">prosciutto cotto</td><td style="display: none;"></td><td style="display: none;"></td><td style="display: none;"></td><td style="display: none;"><a class="recipeLink" href="/recipe_ingredient_search_results.php?query=(_QU5E__1__________544__[]_1_1)">Recipes with deli food, ham</a></td></tr><tr role="row" class="odd"><td tabindex="0"><i class="fa fa-thumbs-up"></i><i class="fa fa-thumbs-up"></i></td><td class=" not_printable"><div class="addToGL" data-soscuisine-aisle="6" data-soscuisine-sip="3938885"><i class="fa fa-cart-plus" title="Add to My Grocery List"></i><div></div></div></td><td><img class="storeItemImage" itemprop="image" alt="deli food, ham" src="/media/images/store_item/544.jpg"></td><td>deli food, ham</td><td class="not_printable sorting_1">meat &amp; poultry</td><td><img style="width:50%;" src="/media/images/logos/marchands/64.png" alt="Mourelatos"></td><td><span itemprop="price">$2.99</span><span itemprop="eligibleQuantity" itemscope="" itemtype="http://schema.org/QuantitativeValue">/<span itemprop="unitText">lb</span></span></td><td>$6.59/kg</td><td style="display: none;">2020-02-25</td><td style="display: none;"></td><td style="display: none;">Fletcher's</td><td style="display: none;"></td><td style="display: none;"></td><td style="display: none;"></td><td style="display: none;"></td><td style="display: none;">cooked</td><td style="display: none;"><a class="recipeLink" href="/recipe_ingredient_search_results.php?query=(_QU5E__1__________544__[]_1_1)">Recipes with deli food, ham</a></td></tr><tr role="row" class="even"><td tabindex="0"><i class="fa fa-thumbs-up"></i></td><td class=" not_printable"><div class="addToGL" data-soscuisine-aisle="6" data-soscuisine-sip="3940881"><i class="fa fa-cart-plus" title="Add to My Grocery List"></i><div></div></div></td><td><img class="storeItemImage" itemprop="image" alt="deli food, ham" src="/media/images/store_item/544.jpg"></td><td>deli food, ham</td><td class="not_printable sorting_1">meat &amp; poultry</td><td><img style="width:50%;" src="/media/images/logos/marchands/12.png" alt="Richelieu"></td><td><span itemprop="price">$1.49</span><span itemprop="eligibleQuantity" itemscope="" itemtype="http://schema.org/QuantitativeValue">/<span itemprop="unitText">100g</span></span></td><td>$14.90/kg</td><td style="display: none;">2020-02-26</td><td style="display: none;"></td><td style="display: none;">Le Petit Charcutier</td><td style="display: none;"></td><td style="display: none;">extra-lean</td><td style="display: none;"></td><td style="display: none;"></td><td style="display: none;"></td><td style="display: none;"><a class="recipeLink" href="/recipe_ingredient_search_results.php?query=(_QU5E__1__________544__[]_1_1)">Recipes with deli food, ham</a></td></tr><tr role="row" class="odd"><td tabindex="0"><i class="fas fa-hand-rock"></i></td><td class=" not_printable"><div class="addToGL" data-soscuisine-aisle="6" data-soscuisine-sip="3940703"><i class="fa fa-cart-plus" title="Add to My Grocery List"></i><div></div></div></td><td><img class="storeItemImage" itemprop="image" alt="deli food, ham" src="/media/images/store_item/544.jpg"></td><td>deli food, ham</td><td class="not_printable sorting_1">meat &amp; poultry</td><td><img style="width:50%;" src="/media/images/logos/marchands/11.png" alt="Tradition"></td><td><span itemprop="price">$2.49</span><span itemprop="eligibleQuantity" itemscope="" itemtype="http://schema.org/QuantitativeValue">/<span itemprop="unitText">100g</span></span></td><td>$24.90/kg</td><td style="display: none;">2020-02-26</td><td style="display: none;"></td><td style="display: none;">Lafleur</td><td style="display: none;"></td><td style="display: none;"></td><td style="display: none;"></td><td style="display: none;"></td><td style="display: none;"></td><td style="display: none;"><a class="recipeLink" href="/recipe_ingredient_search_results.php?query=(_QU5E__1__________544__[]_1_1)">Recipes with deli food, ham</a></td></tr><tr role="row" class="even"><td tabindex="0"><i class="fa fa-thumbs-down"></i></td><td class=" not_printable"><div class="addToGL" data-soscuisine-aisle="6" data-soscuisine-sip="3940445"><i class="fa fa-cart-plus" title="Add to My Grocery List"></i><div></div></div></td><td><img class="storeItemImage" itemprop="image" alt="deli food, ham" src="/media/images/store_item/544.jpg"></td><td>deli food, ham</td><td class="not_printable sorting_1">meat &amp; poultry</td><td><img style="width:50%;" src="/media/images/logos/marchands/11.png" alt="Tradition"></td><td><span itemprop="price">$11.98</span><span itemprop="eligibleQuantity" itemscope="" itemtype="http://schema.org/QuantitativeValue">/<span itemprop="value">2</span>x<span itemprop="unitText">175g</span></span></td><td>$34.23/kg</td><td style="display: none;">2020-02-26</td><td style="display: none;"></td><td style="display: none;">Natural Selections</td><td style="display: none;"></td><td style="display: none;"></td><td style="display: none;"></td><td style="display: none;">sliced</td><td style="display: none;"></td><td style="display: none;"><a class="recipeLink" href="/recipe_ingredient_search_results.php?query=(_QU5E__1__________544__[]_1_1)">Recipes with deli food, ham</a></td></tr><tr role="row" class="odd"><td tabindex="0"><i class="fa fa-thumbs-down"></i></td><td class=" not_printable"><div class="addToGL" data-soscuisine-aisle="6" data-soscuisine-sip="3938375"><i class="fa fa-cart-plus" title="Add to My Grocery List"></i><div></div></div></td><td><img class="storeItemImage" itemprop="image" alt="deli food, mortadella" src="/media/images/store_item/241.jpg"></td><td>deli food, mortadella</td><td class="not_printable sorting_1">meat &amp; poultry</td><td><img style="width:50%;" src="/media/images/logos/marchands/7.png" alt="Intermarché (Saveurs intl.)"></td><td><span itemprop="price">$1.49</span><span itemprop="eligibleQuantity" itemscope="" itemtype="http://schema.org/QuantitativeValue">/<span itemprop="unitText">100g</span></span></td><td>$14.90/kg</td><td style="display: none;">2020-02-26</td><td style="display: none;">Italy</td><td style="display: none;"></td><td style="display: none;"></td><td style="display: none;"></td><td style="display: none;"></td><td style="display: none;"></td><td style="display: none;">Felsineo</td><td style="display: none;"><a class="recipeLink" href="/recipe_ingredient_search_results.php?query=(_QU5E__1__________241__[]_1_1)">Recipes with deli food, mortadella</a></td></tr><tr role="row" class="even"><td tabindex="0"><i class="fa fa-thumbs-up"></i></td><td class=" not_printable"><div class="addToGL" data-soscuisine-aisle="6" data-soscuisine-sip="3939113"><i class="fa fa-cart-plus" title="Add to My Grocery List"></i><div></div></div></td><td><img class="storeItemImage" itemprop="image" alt="deli food, mortadella" src="/media/images/store_item/241.jpg"></td><td>deli food, mortadella</td><td class="not_printable sorting_1">meat &amp; poultry</td><td><img style="width:50%;" src="/media/images/logos/marchands/63.png" alt="Marché Adonis"></td><td><span itemprop="price">$4.99</span><span itemprop="eligibleQuantity" itemscope="" itemtype="http://schema.org/QuantitativeValue">/<span itemprop="unitText">lb</span></span></td><td>$11.00/kg</td><td style="display: none;">2020-02-26</td><td style="display: none;"></td><td style="display: none;">Nostrano</td><td style="display: none;"></td><td style="display: none;"></td><td style="display: none;"></td><td style="display: none;"></td><td style="display: none;"></td><td style="display: none;"><a class="recipeLink" href="/recipe_ingredient_search_results.php?query=(_QU5E__1__________241__[]_1_1)">Recipes with deli food, mortadella</a></td></tr><tr role="row" class="odd"><td tabindex="0"><i class="fas fa-hand-rock"></i></td><td class=" not_printable"><div class="addToGL" data-soscuisine-aisle="6" data-soscuisine-sip="3937527"><i class="fa fa-cart-plus" title="Add to My Grocery List"></i><div></div></div></td><td><img class="storeItemImage" itemprop="image" alt="deli food, mortadella" src="/media/images/store_item/241.jpg"></td><td>deli food, mortadella</td><td class="not_printable sorting_1">meat &amp; poultry</td><td><img style="width:50%;" src="/media/images/logos/marchands/6.png" alt="Maxi"></td><td><span itemprop="price">$2.00</span><span itemprop="eligibleQuantity" itemscope="" itemtype="http://schema.org/QuantitativeValue">/<span itemprop="unitText">175g</span></span></td><td>$11.43/kg</td><td style="display: none;">2020-02-26</td><td style="display: none;"></td><td style="display: none;">San Daniele</td><td style="display: none;"></td><td style="display: none;"></td><td style="display: none;"></td><td style="display: none;"></td><td style="display: none;"></td><td style="display: none;"><a class="recipeLink" href="/recipe_ingredient_search_results.php?query=(_QU5E__1__________241__[]_1_1)">Recipes with deli food, mortadella</a></td></tr><tr role="row" class="even"><td tabindex="0"><i class="fas fa-hand-rock"></i></td><td class=" not_printable"><div class="addToGL" data-soscuisine-aisle="6" data-soscuisine-sip="3938987"><i class="fa fa-cart-plus" title="Add to My Grocery List"></i><div></div></div></td><td><img class="storeItemImage" itemprop="image" alt="deli food, mortadella" src="/media/images/store_item/241.jpg"></td><td>deli food, mortadella</td><td class="not_printable sorting_1">meat &amp; poultry</td><td><img style="width:50%;" src="/media/images/logos/marchands/64.png" alt="Mourelatos"></td><td><span itemprop="price">$5.99</span><span itemprop="eligibleQuantity" itemscope="" itemtype="http://schema.org/QuantitativeValue">/<span itemprop="unitText">lb</span></span></td><td>$13.21/kg</td><td style="display: none;">2020-02-25</td><td style="display: none;"></td><td style="display: none;">San Daniele</td><td style="display: none;"></td><td style="display: none;"></td><td style="display: none;"></td><td style="display: none;"></td><td style="display: none;"></td><td style="display: none;"><a class="recipeLink" href="/recipe_ingredient_search_results.php?query=(_QU5E__1__________241__[]_1_1)">Recipes with deli food, mortadella</a></td></tr><tr role="row" class="odd"><td tabindex="0"><i class="fa fa-thumbs-up"></i></td><td class=" not_printable"><div class="addToGL" data-soscuisine-aisle="6" data-soscuisine-sip="3935949"><i class="fa fa-cart-plus" title="Add to My Grocery List"></i><div></div></div></td><td><img class="storeItemImage" itemprop="image" alt="deli food, mortadella" src="/media/images/store_item/241.jpg"></td><td>deli food, mortadella</td><td class="not_printable sorting_1">meat &amp; poultry</td><td><img style="width:50%;" src="/media/images/logos/marchands/62.png" alt="Supermarché PA"></td><td><span itemprop="price">$4.99</span><span itemprop="eligibleQuantity" itemscope="" itemtype="http://schema.org/QuantitativeValue">/<span itemprop="unitText">lb</span></span></td><td>$11.00/kg</td><td style="display: none;">2020-02-23</td><td style="display: none;"></td><td style="display: none;">San Daniele</td><td style="display: none;"></td><td style="display: none;"></td><td style="display: none;"></td><td style="display: none;"></td><td style="display: none;"></td><td style="display: none;"><a class="recipeLink" href="/recipe_ingredient_search_results.php?query=(_QU5E__1__________241__[]_1_1)">Recipes with deli food, mortadella</a></td></tr><tr role="row" class="even"><td tabindex="0"><i class="fa fa-thumbs-up"></i></td><td class=" not_printable"><div class="addToGL" data-soscuisine-aisle="6" data-soscuisine-sip="3938379"><i class="fa fa-cart-plus" title="Add to My Grocery List"></i><div></div></div></td><td><img class="storeItemImage" alt="deli food, pancetta" src="/media/images/store_item/blank.jpg"></td><td>deli food, pancetta</td><td class="not_printable sorting_1">meat &amp; poultry</td><td><img style="width:50%;" src="/media/images/logos/marchands/7.png" alt="Intermarché (Saveurs intl.)"></td><td><span itemprop="price">$2.49</span><span itemprop="eligibleQuantity" itemscope="" itemtype="http://schema.org/QuantitativeValue">/<span itemprop="unitText">100g</span></span></td><td>$24.90/kg</td><td style="display: none;">2020-02-26</td><td style="display: none;"></td><td style="display: none;">Casa Italia</td><td style="display: none;"></td><td style="display: none;"></td><td style="display: none;">gluten-free</td><td style="display: none;"></td><td style="display: none;">hot or mild</td><td style="display: none;"><a class="recipeLink" href="/recipe_ingredient_search_results.php?query=(_QU5E__1__________603__[]_1_1)">Recipes with deli food, pancetta</a></td></tr><tr role="row" class="odd"><td tabindex="0"><i class="fa fa-thumbs-down"></i></td><td class=" not_printable"><div class="addToGL" data-soscuisine-aisle="6" data-soscuisine-sip="3938383"><i class="fa fa-cart-plus" title="Add to My Grocery List"></i><div></div></div></td><td><img class="storeItemImage" alt="deli food, pancetta" src="/media/images/store_item/blank.jpg"></td><td>deli food, pancetta</td><td class="not_printable sorting_1">meat &amp; poultry</td><td><img style="width:50%;" src="/media/images/logos/marchands/7.png" alt="Intermarché (Saveurs intl.)"></td><td><span itemprop="price">$3.99</span><span itemprop="eligibleQuantity" itemscope="" itemtype="http://schema.org/QuantitativeValue">/125g</span></td><td>$31.92/kg</td><td style="display: none;">2020-02-26</td><td style="display: none;"></td><td style="display: none;">Casa Italia</td><td style="display: none;"></td><td style="display: none;"></td><td style="display: none;"></td><td style="display: none;"></td><td style="display: none;"></td><td style="display: none;"><a class="recipeLink" href="/recipe_ingredient_search_results.php?query=(_QU5E__1__________603__[]_1_1)">Recipes with deli food, pancetta</a></td></tr><tr role="row" class="even"><td tabindex="0"><i class="fa fa-thumbs-up"></i></td><td class=" not_printable"><div class="addToGL" data-soscuisine-aisle="6" data-soscuisine-sip="3939535"><i class="fa fa-cart-plus" title="Add to My Grocery List"></i><div></div></div></td><td><img class="storeItemImage" itemprop="image" alt="deli food, pork bacon" src="/media/images/store_item/231.jpg"></td><td>deli food, pork bacon</td><td class="not_printable sorting_1">meat &amp; poultry</td><td><img style="width:50%;" src="/media/images/logos/marchands/10.png" alt="Bonichoix"></td><td><span itemprop="price">$3.99</span><span itemprop="eligibleQuantity" itemscope="" itemtype="http://schema.org/QuantitativeValue">/<span itemprop="unitText">375g</span></span></td><td>$10.64/kg</td><td style="display: none;">2020-02-26</td><td style="display: none;"></td><td style="display: none;">Mère Michel</td><td style="display: none;"></td><td style="display: none;"></td><td style="display: none;"></td><td style="display: none;"></td><td style="display: none;"></td><td style="display: none;"><a class="recipeLink" href="/recipe_ingredient_search_results.php?query=(_QU5E__1__________231__[]_1_1)">Recipes with deli food, pork bacon</a></td></tr><tr role="row" class="odd"><td tabindex="0"><i class="fa fa-thumbs-up"></i></td><td class=" not_printable"><div class="addToGL" data-soscuisine-aisle="6" data-soscuisine-sip="3939393"><i class="fa fa-cart-plus" title="Add to My Grocery List"></i><div></div></div></td><td><img class="storeItemImage" itemprop="image" alt="deli food, pork bacon" src="/media/images/store_item/231.jpg"></td><td>deli food, pork bacon</td><td class="not_printable sorting_1">meat &amp; poultry</td><td><img style="width:50%;" src="/media/images/logos/marchands/3.png" alt="IGA"></td><td><span itemprop="price">$4.99</span><span itemprop="eligibleQuantity" itemscope="" itemtype="http://schema.org/QuantitativeValue">/<span itemprop="unitText">500g</span></span></td><td>$9.98/kg</td><td style="display: none;">2020-02-26</td><td style="display: none;"></td><td style="display: none;">house brand</td><td style="display: none;"></td><td style="display: none;"></td><td style="display: none;"></td><td style="display: none;"></td><td style="display: none;"></td><td style="display: none;"><a class="recipeLink" href="/recipe_ingredient_search_results.php?query=(_QU5E__1__________231__[]_1_1)">Recipes with deli food, pork bacon</a></td></tr><tr role="row" class="even"><td tabindex="0"><i class="fa fa-thumbs-up"></i><i class="fa fa-thumbs-up"></i></td><td class=" not_printable"><div class="addToGL" data-soscuisine-aisle="6" data-soscuisine-sip="3937497"><i class="fa fa-cart-plus" title="Add to My Grocery List"></i><div></div></div></td><td><img class="storeItemImage" itemprop="image" alt="deli food, pork bacon" src="/media/images/store_item/231.jpg"></td><td>deli food, pork bacon</td><td class="not_printable sorting_1">meat &amp; poultry</td><td><img style="width:50%;" src="/media/images/logos/marchands/6.png" alt="Maxi"></td><td><span itemprop="price">$2.00</span><span itemprop="eligibleQuantity" itemscope="" itemtype="http://schema.org/QuantitativeValue">/<span itemprop="unitText">500g</span></span></td><td>$4.00/kg</td><td style="display: none;">2020-02-26</td><td style="display: none;"></td><td style="display: none;">Spalding</td><td style="display: none;"></td><td style="display: none;"></td><td style="display: none;"></td><td style="display: none;"></td><td style="display: none;"></td><td style="display: none;"><a class="recipeLink" href="/recipe_ingredient_search_results.php?query=(_QU5E__1__________231__[]_1_1)">Recipes with deli food, pork bacon</a></td></tr><tr role="row" class="odd"><td tabindex="0"><i class="fa fa-thumbs-down"></i></td><td class=" not_printable"><div class="addToGL" data-soscuisine-aisle="6" data-soscuisine-sip="3937733"><i class="fa fa-cart-plus" title="Add to My Grocery List"></i><div></div></div></td><td><img class="storeItemImage" itemprop="image" alt="deli food, pork bacon" src="/media/images/store_item/231.jpg"></td><td>deli food, pork bacon</td><td class="not_printable sorting_1">meat &amp; poultry</td><td><img style="width:50%;" src="/media/images/logos/marchands/1.png" alt="Metro"></td><td><span itemprop="price">$7.99</span><span itemprop="eligibleQuantity" itemscope="" itemtype="http://schema.org/QuantitativeValue">/<span itemprop="unitText">500g</span></span></td><td>$15.98/kg</td><td style="display: none;">2020-02-26</td><td style="display: none;">Canada</td><td style="display: none;">Schneiders</td><td style="display: none;"></td><td style="display: none;">naturally smoked</td><td style="display: none;"></td><td style="display: none;"></td><td style="display: none;">maple</td><td style="display: none;"><a class="recipeLink" href="/recipe_ingredient_search_results.php?query=(_QU5E__1__________231__[]_1_1)">Recipes with deli food, pork bacon</a></td></tr><tr role="row" class="even"><td tabindex="0"><i class="fa fa-thumbs-up"></i><i class="fa fa-thumbs-up"></i></td><td class=" not_printable"><div class="addToGL" data-soscuisine-aisle="6" data-soscuisine-sip="3938017"><i class="fa fa-cart-plus" title="Add to My Grocery List"></i><div></div></div></td><td><img class="storeItemImage" itemprop="image" alt="deli food, pork bacon" src="/media/images/store_item/231.jpg"></td><td>deli food, pork bacon</td><td class="not_printable sorting_1">meat &amp; poultry</td><td><img style="width:50%;" src="/media/images/logos/marchands/2.png" alt="Provigo"></td><td><span itemprop="price">$3.99</span><span itemprop="eligibleQuantity" itemscope="" itemtype="http://schema.org/QuantitativeValue">/<span itemprop="unitText">500g</span></span></td><td>$7.98/kg</td><td style="display: none;">2020-02-26</td><td style="display: none;"></td><td style="display: none;">house brand</td><td style="display: none;"></td><td style="display: none;">naturally smoked</td><td style="display: none;"></td><td style="display: none;"></td><td style="display: none;">valid from Feb 20 to 22 only</td><td style="display: none;"><a class="recipeLink" href="/recipe_ingredient_search_results.php?query=(_QU5E__1__________231__[]_1_1)">Recipes with deli food, pork bacon</a></td></tr><tr role="row" class="odd"><td tabindex="0"><i class="fa fa-thumbs-up"></i></td><td class=" not_printable"><div class="addToGL" data-soscuisine-aisle="6" data-soscuisine-sip="3938019"><i class="fa fa-cart-plus" title="Add to My Grocery List"></i><div></div></div></td><td><img class="storeItemImage" itemprop="image" alt="deli food, pork bacon" src="/media/images/store_item/231.jpg"></td><td>deli food, pork bacon</td><td class="not_printable sorting_1">meat &amp; poultry</td><td><img style="width:50%;" src="/media/images/logos/marchands/2.png" alt="Provigo"></td><td><span itemprop="price">$4.99</span><span itemprop="eligibleQuantity" itemscope="" itemtype="http://schema.org/QuantitativeValue">/<span itemprop="unitText">500g</span></span></td><td>$9.98/kg</td><td style="display: none;">2020-02-26</td><td style="display: none;"></td><td style="display: none;">house brand</td><td style="display: none;"></td><td style="display: none;">naturally smoked</td><td style="display: none;"></td><td style="display: none;"></td><td style="display: none;">valid from Feb 23 to 26</td><td style="display: none;"><a class="recipeLink" href="/recipe_ingredient_search_results.php?query=(_QU5E__1__________231__[]_1_1)">Recipes with deli food, pork bacon</a></td></tr><tr role="row" class="even"><td tabindex="0"><i class="fas fa-hand-rock"></i></td><td class=" not_printable"><div class="addToGL" data-soscuisine-aisle="6" data-soscuisine-sip="3938233"><i class="fa fa-cart-plus" title="Add to My Grocery List"></i><div></div></div></td><td><img class="storeItemImage" itemprop="image" alt="deli food, pork bacon" src="/media/images/store_item/231.jpg"></td><td>deli food, pork bacon</td><td class="not_printable sorting_1">meat &amp; poultry</td><td><img style="width:50%;" src="/media/images/logos/marchands/2.png" alt="Provigo"></td><td><span itemprop="price">$11.49</span><span itemprop="eligibleQuantity" itemscope="" itemtype="http://schema.org/QuantitativeValue">/<span itemprop="unitText">1kg</span></span></td><td>$11.49/kg</td><td style="display: none;">2020-02-26</td><td style="display: none;"></td><td style="display: none;">house brand</td><td style="display: none;"></td><td style="display: none;"></td><td style="display: none;"></td><td style="display: none;"></td><td style="display: none;">old fashioned</td><td style="display: none;"><a class="recipeLink" href="/recipe_ingredient_search_results.php?query=(_QU5E__1__________231__[]_1_1)">Recipes with deli food, pork bacon</a></td></tr><tr role="row" class="odd"><td tabindex="0"><i class="fa fa-thumbs-down"></i></td><td class=" not_printable"><div class="addToGL" data-soscuisine-aisle="6" data-soscuisine-sip="3938821"><i class="fa fa-cart-plus" title="Add to My Grocery List"></i><div></div></div></td><td><img class="storeItemImage" itemprop="image" alt="deli food, pork bacon" src="/media/images/store_item/231.jpg"></td><td>deli food, pork bacon</td><td class="not_printable sorting_1">meat &amp; poultry</td><td><img style="width:50%;" src="/media/images/logos/marchands/93.png" alt="Rachelle Béry"></td><td><span itemprop="price">$7.99</span><span itemprop="eligibleQuantity" itemscope="" itemtype="http://schema.org/QuantitativeValue">/<span itemprop="unitText">250g</span></span></td><td>$31.96/kg</td><td style="display: none;">2020-03-04</td><td style="display: none;"></td><td style="display: none;">duBreton</td><td style="display: none;"></td><td style="display: none;"></td><td style="display: none;">Organic</td><td style="display: none;"></td><td style="display: none;"></td><td style="display: none;"><a class="recipeLink" href="/recipe_ingredient_search_results.php?query=(_QU5E__1__________231__[]_1_1)">Recipes with deli food, pork bacon</a></td></tr><tr role="row" class="even"><td tabindex="0"><i class="fas fa-hand-rock"></i></td><td class=" not_printable"><div class="addToGL" data-soscuisine-aisle="6" data-soscuisine-sip="3940879"><i class="fa fa-cart-plus" title="Add to My Grocery List"></i><div></div></div></td><td><img class="storeItemImage" itemprop="image" alt="deli food, pork bacon" src="/media/images/store_item/231.jpg"></td><td>deli food, pork bacon</td><td class="not_printable sorting_1">meat &amp; poultry</td><td><img style="width:50%;" src="/media/images/logos/marchands/12.png" alt="Richelieu"></td><td><span itemprop="price">$4.49</span><span itemprop="eligibleQuantity" itemscope="" itemtype="http://schema.org/QuantitativeValue">/<span itemprop="unitText">375g</span></span></td><td>$11.97/kg</td><td style="display: none;">2020-02-26</td><td style="display: none;"></td><td style="display: none;">house brand</td><td style="display: none;"></td><td style="display: none;"></td><td style="display: none;"></td><td style="display: none;"></td><td style="display: none;"></td><td style="display: none;"><a class="recipeLink" href="/recipe_ingredient_search_results.php?query=(_QU5E__1__________231__[]_1_1)">Recipes with deli food, pork bacon</a></td></tr><tr role="row" class="odd"><td tabindex="0"><i class="fa fa-thumbs-up"></i></td><td class=" not_printable"><div class="addToGL" data-soscuisine-aisle="6" data-soscuisine-sip="3940807"><i class="fa fa-cart-plus" title="Add to My Grocery List"></i><div></div></div></td><td><img class="storeItemImage" itemprop="image" alt="deli food, pork bacon" src="/media/images/store_item/231.jpg"></td><td>deli food, pork bacon</td><td class="not_printable sorting_1">meat &amp; poultry</td><td><img style="width:50%;" src="/media/images/logos/marchands/5.png" alt="Super C"></td><td><span itemprop="price">$3.99</span><span itemprop="eligibleQuantity" itemscope="" itemtype="http://schema.org/QuantitativeValue">/<span itemprop="unitText">375g</span></span></td><td>$10.64/kg</td><td style="display: none;">2020-04-08</td><td style="display: none;"></td><td style="display: none;">house brand</td><td style="display: none;"></td><td style="display: none;"></td><td style="display: none;"></td><td style="display: none;"></td><td style="display: none;">valid from February 20 to April 8</td><td style="display: none;"><a class="recipeLink" href="/recipe_ingredient_search_results.php?query=(_QU5E__1__________231__[]_1_1)">Recipes with deli food, pork bacon</a></td></tr><tr role="row" class="even"><td tabindex="0"><i class="fas fa-hand-rock"></i></td><td class=" not_printable"><div class="addToGL" data-soscuisine-aisle="6" data-soscuisine-sip="3940475"><i class="fa fa-cart-plus" title="Add to My Grocery List"></i><div></div></div></td><td><img class="storeItemImage" itemprop="image" alt="deli food, pork bacon" src="/media/images/store_item/231.jpg"></td><td>deli food, pork bacon</td><td class="not_printable sorting_1">meat &amp; poultry</td><td><img style="width:50%;" src="/media/images/logos/marchands/11.png" alt="Tradition"></td><td><span itemprop="price">$4.99</span><span itemprop="eligibleQuantity" itemscope="" itemtype="http://schema.org/QuantitativeValue">/<span itemprop="unitText">375g</span></span></td><td>$13.31/kg</td><td style="display: none;">2020-02-26</td><td style="display: none;"></td><td style="display: none;">Olymel</td><td style="display: none;"></td><td style="display: none;"></td><td style="display: none;"></td><td style="display: none;"></td><td style="display: none;"></td><td style="display: none;"><a class="recipeLink" href="/recipe_ingredient_search_results.php?query=(_QU5E__1__________231__[]_1_1)">Recipes with deli food, pork bacon</a></td></tr><tr role="row" class="odd"><td tabindex="0"><i class="fa fa-thumbs-up"></i><i class="fa fa-thumbs-up"></i></td><td class=" not_printable"><div class="addToGL" data-soscuisine-aisle="6" data-soscuisine-sip="3940987"><i class="fa fa-cart-plus" title="Add to My Grocery List"></i><div></div></div></td><td><img class="storeItemImage" itemprop="image" alt="deli food, pork bacon" src="/media/images/store_item/231.jpg"></td><td>deli food, pork bacon</td><td class="not_printable sorting_1">meat &amp; poultry</td><td><img style="width:50%;" src="/media/images/logos/marchands/73.png" alt="Walmart"></td><td><span itemprop="price">$2.97</span><span itemprop="eligibleQuantity" itemscope="" itemtype="http://schema.org/QuantitativeValue">/<span itemprop="unitText">375g</span></span></td><td>$7.92/kg</td><td style="display: none;">2020-02-26</td><td style="display: none;"></td><td style="display: none;">Mère Michel</td><td style="display: none;"></td><td style="display: none;"></td><td style="display: none;"></td><td style="display: none;"></td><td style="display: none;">supercentres only</td><td style="display: none;"><a class="recipeLink" href="/recipe_ingredient_search_results.php?query=(_QU5E__1__________231__[]_1_1)">Recipes with deli food, pork bacon</a></td></tr><tr role="row" class="even"><td tabindex="0"><i class="fas fa-hand-rock"></i></td><td class=" not_printable"><div class="addToGL" data-soscuisine-aisle="6" data-soscuisine-sip="3939529"><i class="fa fa-cart-plus" title="Add to My Grocery List"></i><div></div></div></td><td><img class="storeItemImage" itemprop="image" alt="deli food, Prosciutto/Parma ham" src="/media/images/store_item/232.jpg"></td><td>deli food, Prosciutto/Parma ham</td><td class="not_printable sorting_1">meat &amp; poultry</td><td><img style="width:50%;" src="/media/images/logos/marchands/3.png" alt="IGA"></td><td><span itemprop="price">$5.99</span><span itemprop="eligibleQuantity" itemscope="" itemtype="http://schema.org/QuantitativeValue">/125g</span></td><td>$47.92/kg</td><td style="display: none;">2020-02-26</td><td style="display: none;">Quebec</td><td style="display: none;"></td><td style="display: none;"></td><td style="display: none;"></td><td style="display: none;"></td><td style="display: none;">sliced</td><td style="display: none;">Fantino &amp; Mondello</td><td style="display: none;"><a class="recipeLink" href="/recipe_ingredient_search_results.php?query=(_QU5E__1__________232__[]_1_1)">Recipes with deli food, Prosciutto/Parma ham</a></td></tr><tr role="row" class="odd"><td tabindex="0"><i class="fas fa-hand-rock"></i></td><td class=" not_printable"><div class="addToGL" data-soscuisine-aisle="6" data-soscuisine-sip="3938381"><i class="fa fa-cart-plus" title="Add to My Grocery List"></i><div></div></div></td><td><img class="storeItemImage" itemprop="image" alt="deli food, Prosciutto/Parma ham" src="/media/images/store_item/232.jpg"></td><td>deli food, Prosciutto/Parma ham</td><td class="not_printable sorting_1">meat &amp; poultry</td><td><img style="width:50%;" src="/media/images/logos/marchands/7.png" alt="Intermarché (Saveurs intl.)"></td><td><span itemprop="price">$3.99</span><span itemprop="eligibleQuantity" itemscope="" itemtype="http://schema.org/QuantitativeValue">/125g</span></td><td>$31.92/kg</td><td style="display: none;">2020-02-26</td><td style="display: none;"></td><td style="display: none;">Casa Italia</td><td style="display: none;"></td><td style="display: none;">gluten-free</td><td style="display: none;"></td><td style="display: none;">sliced</td><td style="display: none;"></td><td style="display: none;"><a class="recipeLink" href="/recipe_ingredient_search_results.php?query=(_QU5E__1__________232__[]_1_1)">Recipes with deli food, Prosciutto/Parma ham</a></td></tr><tr role="row" class="even"><td tabindex="0"><i class="fa fa-thumbs-up"></i><i class="fa fa-thumbs-up"></i></td><td class=" not_printable"><div class="addToGL" data-soscuisine-aisle="6" data-soscuisine-sip="3939111"><i class="fa fa-cart-plus" title="Add to My Grocery List"></i><div></div></div></td><td><img class="storeItemImage" itemprop="image" alt="deli food, Prosciutto/Parma ham" src="/media/images/store_item/232.jpg"></td><td>deli food, Prosciutto/Parma ham</td><td class="not_printable sorting_1">meat &amp; poultry</td><td><img style="width:50%;" src="/media/images/logos/marchands/63.png" alt="Marché Adonis"></td><td><span itemprop="price">$8.99</span><span itemprop="eligibleQuantity" itemscope="" itemtype="http://schema.org/QuantitativeValue">/<span itemprop="unitText">lb</span></span></td><td>$19.82/kg</td><td style="display: none;">2020-02-26</td><td style="display: none;"></td><td style="display: none;">San Daniele</td><td style="display: none;"></td><td style="display: none;"></td><td style="display: none;"></td><td style="display: none;"></td><td style="display: none;">silver</td><td style="display: none;"><a class="recipeLink" href="/recipe_ingredient_search_results.php?query=(_QU5E__1__________232__[]_1_1)">Recipes with deli food, Prosciutto/Parma ham</a></td></tr><tr role="row" class="odd"><td tabindex="0"><i class="fa fa-thumbs-down"></i></td><td class=" not_printable"><div class="addToGL" data-soscuisine-aisle="6" data-soscuisine-sip="3937751"><i class="fa fa-cart-plus" title="Add to My Grocery List"></i><div></div></div></td><td><img class="storeItemImage" itemprop="image" alt="deli food, Prosciutto/Parma ham" src="/media/images/store_item/232.jpg"></td><td>deli food, Prosciutto/Parma ham</td><td class="not_printable sorting_1">meat &amp; poultry</td><td><img style="width:50%;" src="/media/images/logos/marchands/1.png" alt="Metro"></td><td><span itemprop="price">$6.99</span><span itemprop="eligibleQuantity" itemscope="" itemtype="http://schema.org/QuantitativeValue">/125g</span></td><td>$55.92/kg</td><td style="display: none;">2020-02-26</td><td style="display: none;">Quebec</td><td style="display: none;">Nostrano</td><td style="display: none;"></td><td style="display: none;"></td><td style="display: none;"></td><td style="display: none;">sliced</td><td style="display: none;"></td><td style="display: none;"><a class="recipeLink" href="/recipe_ingredient_search_results.php?query=(_QU5E__1__________232__[]_1_1)">Recipes with deli food, Prosciutto/Parma ham</a></td></tr><tr role="row" class="even"><td tabindex="0"><i class="fas fa-hand-rock"></i></td><td class=" not_printable"><div class="addToGL" data-soscuisine-aisle="6" data-soscuisine-sip="3939613"><i class="fa fa-cart-plus" title="Add to My Grocery List"></i><div></div></div></td><td><img class="storeItemImage" itemprop="image" alt="deli food, salami" src="/media/images/store_item/633.jpg"></td><td>deli food, salami</td><td class="not_printable sorting_1">meat &amp; poultry</td><td><img style="width:50%;" src="/media/images/logos/marchands/10.png" alt="Bonichoix"></td><td><span itemprop="price">$3.49</span><span itemprop="eligibleQuantity" itemscope="" itemtype="http://schema.org/QuantitativeValue">/<span itemprop="unitText">225g</span></span></td><td>$15.51/kg</td><td style="display: none;">2020-02-26</td><td style="display: none;"></td><td style="display: none;">Lesters</td><td style="display: none;"></td><td style="display: none;">pepperoni</td><td style="display: none;"></td><td style="display: none;"></td><td style="display: none;"></td><td style="display: none;"><a class="recipeLink" href="/recipe_ingredient_search_results.php?query=(_QU5E__1__________633__[]_1_1)">Recipes with deli food, salami</a></td></tr><tr role="row" class="odd"><td tabindex="0"><i class="fas fa-hand-rock"></i></td><td class=" not_printable"><div class="addToGL" data-soscuisine-aisle="6" data-soscuisine-sip="3939795"><i class="fa fa-cart-plus" title="Add to My Grocery List"></i><div></div></div></td><td><img class="storeItemImage" itemprop="image" alt="deli food, salami" src="/media/images/store_item/633.jpg"></td><td>deli food, salami</td><td class="not_printable sorting_1">meat &amp; poultry</td><td><img style="width:50%;" src="/media/images/logos/marchands/10.png" alt="Bonichoix"></td><td><span itemprop="price">$5.99</span><span itemprop="eligibleQuantity" itemscope="" itemtype="http://schema.org/QuantitativeValue">/<span itemprop="unitText">375g</span></span></td><td>$15.97/kg</td><td style="display: none;">2020-02-26</td><td style="display: none;"></td><td style="display: none;">Mikes</td><td style="display: none;"></td><td style="display: none;">pepperoni</td><td style="display: none;"></td><td style="display: none;">sliced</td><td style="display: none;"></td><td style="display: none;"><a class="recipeLink" href="/recipe_ingredient_search_results.php?query=(_QU5E__1__________633__[]_1_1)">Recipes with deli food, salami</a></td></tr><tr role="row" class="even"><td tabindex="0"><i class="fa fa-thumbs-down"></i></td><td class=" not_printable"><div class="addToGL" data-soscuisine-aisle="6" data-soscuisine-sip="3939427"><i class="fa fa-cart-plus" title="Add to My Grocery List"></i><div></div></div></td><td><img class="storeItemImage" itemprop="image" alt="deli food, salami" src="/media/images/store_item/633.jpg"></td><td>deli food, salami</td><td class="not_printable sorting_1">meat &amp; poultry</td><td><img style="width:50%;" src="/media/images/logos/marchands/3.png" alt="IGA"></td><td><span itemprop="price">$8.99</span><span itemprop="eligibleQuantity" itemscope="" itemtype="http://schema.org/QuantitativeValue">/<span itemprop="unitText">300g</span></span></td><td>$29.97/kg</td><td style="display: none;">2020-02-26</td><td style="display: none;"></td><td style="display: none;">Le Sauciflard</td><td style="display: none;"></td><td style="display: none;"></td><td style="display: none;"></td><td style="display: none;"></td><td style="display: none;"></td><td style="display: none;"><a class="recipeLink" href="/recipe_ingredient_search_results.php?query=(_QU5E__1__________633__[]_1_1)">Recipes with deli food, salami</a></td></tr><tr role="row" class="odd"><td tabindex="0"><i class="fa fa-thumbs-down"></i></td><td class=" not_printable"><div class="addToGL" data-soscuisine-aisle="6" data-soscuisine-sip="3939527"><i class="fa fa-cart-plus" title="Add to My Grocery List"></i><div></div></div></td><td><img class="storeItemImage" itemprop="image" alt="deli food, salami" src="/media/images/store_item/633.jpg"></td><td>deli food, salami</td><td class="not_printable sorting_1">meat &amp; poultry</td><td><img style="width:50%;" src="/media/images/logos/marchands/3.png" alt="IGA"></td><td><span itemprop="price">$5.99</span><span itemprop="eligibleQuantity" itemscope="" itemtype="http://schema.org/QuantitativeValue">/125g</span></td><td>$47.92/kg</td><td style="display: none;">2020-02-26</td><td style="display: none;">Quebec</td><td style="display: none;">Fantino &amp; Mondello</td><td style="display: none;"></td><td style="display: none;"></td><td style="display: none;"></td><td style="display: none;">sliced</td><td style="display: none;"></td><td style="display: none;"><a class="recipeLink" href="/recipe_ingredient_search_results.php?query=(_QU5E__1__________633__[]_1_1)">Recipes with deli food, salami</a></td></tr><tr role="row" class="even"><td tabindex="0"><i class="fa fa-thumbs-up"></i><i class="fa fa-thumbs-up"></i></td><td class=" not_printable"><div class="addToGL" data-soscuisine-aisle="6" data-soscuisine-sip="3938617"><i class="fa fa-cart-plus" title="Add to My Grocery List"></i><div></div></div></td><td><img class="storeItemImage" itemprop="image" alt="deli food, salami" src="/media/images/store_item/633.jpg"></td><td>deli food, salami</td><td class="not_printable sorting_1">meat &amp; poultry</td><td><img style="width:50%;" src="/media/images/logos/marchands/69.png" alt="Intermarche (Provincial)"></td><td><span itemprop="price">$10.00</span><span itemprop="eligibleQuantity" itemscope="" itemtype="http://schema.org/QuantitativeValue">/<span itemprop="unitText">900g</span></span></td><td>$11.11/kg</td><td style="display: none;">2020-02-26</td><td style="display: none;"></td><td style="display: none;">Roma</td><td style="display: none;"></td><td style="display: none;">pepperoni</td><td style="display: none;"></td><td style="display: none;">sliced</td><td style="display: none;"></td><td style="display: none;"><a class="recipeLink" href="/recipe_ingredient_search_results.php?query=(_QU5E__1__________633__[]_1_1)">Recipes with deli food, salami</a></td></tr><tr role="row" class="odd"><td tabindex="0"><i class="fa fa-thumbs-up"></i><i class="fa fa-thumbs-up"></i></td><td class=" not_printable"><div class="addToGL" data-soscuisine-aisle="6" data-soscuisine-sip="3938151"><i class="fa fa-cart-plus" title="Add to My Grocery List"></i><div></div></div></td><td><img class="storeItemImage" itemprop="image" alt="deli food, salami" src="/media/images/store_item/633.jpg"></td><td>deli food, salami</td><td class="not_printable sorting_1">meat &amp; poultry</td><td><img style="width:50%;" src="/media/images/logos/marchands/7.png" alt="Intermarché (Saveurs intl.)"></td><td><span itemprop="price">$10.00</span><span itemprop="eligibleQuantity" itemscope="" itemtype="http://schema.org/QuantitativeValue">/<span itemprop="unitText">900g</span></span></td><td>$11.11/kg</td><td style="display: none;">2020-02-26</td><td style="display: none;"></td><td style="display: none;">Roma</td><td style="display: none;"></td><td style="display: none;">pepperoni</td><td style="display: none;"></td><td style="display: none;">sliced</td><td style="display: none;"></td><td style="display: none;"><a class="recipeLink" href="/recipe_ingredient_search_results.php?query=(_QU5E__1__________633__[]_1_1)">Recipes with deli food, salami</a></td></tr><tr role="row" class="even"><td tabindex="0"><i class="fas fa-hand-rock"></i></td><td class=" not_printable"><div class="addToGL" data-soscuisine-aisle="6" data-soscuisine-sip="3938053"><i class="fa fa-cart-plus" title="Add to My Grocery List"></i><div></div></div></td><td><img class="storeItemImage" itemprop="image" alt="deli food, salami" src="/media/images/store_item/633.jpg"></td><td>deli food, salami</td><td class="not_printable sorting_1">meat &amp; poultry</td><td><img style="width:50%;" src="/media/images/logos/marchands/7.png" alt="Intermarché (Saveurs intl.)"></td><td><span itemprop="price">$3.00</span><span itemprop="eligibleQuantity" itemscope="" itemtype="http://schema.org/QuantitativeValue">/<span itemprop="unitText">5.3oz (150g)</span></span></td><td>$20.00/kg</td><td style="display: none;">2020-02-26</td><td style="display: none;"></td><td style="display: none;">Casa Italia</td><td style="display: none;"></td><td style="display: none;">calabrese</td><td style="display: none;">gluten-free</td><td style="display: none;">sliced</td><td style="display: none;"></td><td style="display: none;"><a class="recipeLink" href="/recipe_ingredient_search_results.php?query=(_QU5E__1__________633__[]_1_1)">Recipes with deli food, salami</a></td></tr><tr role="row" class="odd"><td tabindex="0"><i class="fas fa-hand-rock"></i></td><td class=" not_printable"><div class="addToGL" data-soscuisine-aisle="6" data-soscuisine-sip="3938377"><i class="fa fa-cart-plus" title="Add to My Grocery List"></i><div></div></div></td><td><img class="storeItemImage" itemprop="image" alt="deli food, salami" src="/media/images/store_item/633.jpg"></td><td>deli food, salami</td><td class="not_printable sorting_1">meat &amp; poultry</td><td><img style="width:50%;" src="/media/images/logos/marchands/7.png" alt="Intermarché (Saveurs intl.)"></td><td><span itemprop="price">$2.49</span><span itemprop="eligibleQuantity" itemscope="" itemtype="http://schema.org/QuantitativeValue">/<span itemprop="unitText">100g</span></span></td><td>$24.90/kg</td><td style="display: none;">2020-02-26</td><td style="display: none;"></td><td style="display: none;">Mastro</td><td style="display: none;"></td><td style="display: none;">calabrese</td><td style="display: none;"></td><td style="display: none;"></td><td style="display: none;">or Sopressata</td><td style="display: none;"><a class="recipeLink" href="/recipe_ingredient_search_results.php?query=(_QU5E__1__________633__[]_1_1)">Recipes with deli food, salami</a></td></tr><tr role="row" class="even"><td tabindex="0"><i class="fa fa-thumbs-up"></i><i class="fa fa-thumbs-up"></i></td><td class=" not_printable"><div class="addToGL" data-soscuisine-aisle="6" data-soscuisine-sip="3939135"><i class="fa fa-cart-plus" title="Add to My Grocery List"></i><div></div></div></td><td><img class="storeItemImage" itemprop="image" alt="deli food, salami" src="/media/images/store_item/633.jpg"></td><td>deli food, salami</td><td class="not_printable sorting_1">meat &amp; poultry</td><td><img style="width:50%;" src="/media/images/logos/marchands/63.png" alt="Marché Adonis"></td><td><span itemprop="price">$4.99</span><span itemprop="eligibleQuantity" itemscope="" itemtype="http://schema.org/QuantitativeValue">/<span itemprop="unitText">lb</span></span></td><td>$11.00/kg</td><td style="display: none;">2020-02-26</td><td style="display: none;"></td><td style="display: none;">Roma</td><td style="display: none;"></td><td style="display: none;">pepperoni</td><td style="display: none;"></td><td style="display: none;"></td><td style="display: none;"></td><td style="display: none;"><a class="recipeLink" href="/recipe_ingredient_search_results.php?query=(_QU5E__1__________633__[]_1_1)">Recipes with deli food, salami</a></td></tr><tr role="row" class="odd"><td tabindex="0"><i class="fa fa-thumbs-up"></i></td><td class=" not_printable"><div class="addToGL" data-soscuisine-aisle="6" data-soscuisine-sip="3937737"><i class="fa fa-cart-plus" title="Add to My Grocery List"></i><div></div></div></td><td><img class="storeItemImage" itemprop="image" alt="deli food, salami" src="/media/images/store_item/633.jpg"></td><td>deli food, salami</td><td class="not_printable sorting_1">meat &amp; poultry</td><td><img style="width:50%;" src="/media/images/logos/marchands/1.png" alt="Metro"></td><td><span itemprop="price">$4.49</span><span itemprop="eligibleQuantity" itemscope="" itemtype="http://schema.org/QuantitativeValue">/<span itemprop="unitText">300g</span></span></td><td>$14.97/kg</td><td style="display: none;">2020-02-26</td><td style="display: none;">Quebec</td><td style="display: none;">Lesters</td><td style="display: none;"></td><td style="display: none;"></td><td style="display: none;"></td><td style="display: none;"></td><td style="display: none;"></td><td style="display: none;"><a class="recipeLink" href="/recipe_ingredient_search_results.php?query=(_QU5E__1__________633__[]_1_1)">Recipes with deli food, salami</a></td></tr><tr role="row" class="even"><td tabindex="0"><i class="fas fa-hand-rock"></i></td><td class=" not_printable"><div class="addToGL" data-soscuisine-aisle="6" data-soscuisine-sip="3937747"><i class="fa fa-cart-plus" title="Add to My Grocery List"></i><div></div></div></td><td><img class="storeItemImage" itemprop="image" alt="deli food, salami" src="/media/images/store_item/633.jpg"></td><td>deli food, salami</td><td class="not_printable sorting_1">meat &amp; poultry</td><td><img style="width:50%;" src="/media/images/logos/marchands/1.png" alt="Metro"></td><td><span itemprop="price">$6.99</span><span itemprop="eligibleQuantity" itemscope="" itemtype="http://schema.org/QuantitativeValue">/<span itemprop="unitText">375g</span></span></td><td>$18.64/kg</td><td style="display: none;">2020-02-26</td><td style="display: none;"></td><td style="display: none;">Mikes</td><td style="display: none;"></td><td style="display: none;">pepperoni</td><td style="display: none;"></td><td style="display: none;">sliced</td><td style="display: none;"></td><td style="display: none;"><a class="recipeLink" href="/recipe_ingredient_search_results.php?query=(_QU5E__1__________633__[]_1_1)">Recipes with deli food, salami</a></td></tr><tr role="row" class="odd"><td tabindex="0"><i class="fas fa-hand-rock"></i></td><td class=" not_printable"><div class="addToGL" data-soscuisine-aisle="6" data-soscuisine-sip="3937601"><i class="fa fa-cart-plus" title="Add to My Grocery List"></i><div></div></div></td><td><img class="storeItemImage" itemprop="image" alt="deli food, salami" src="/media/images/store_item/633.jpg"></td><td>deli food, salami</td><td class="not_printable sorting_1">meat &amp; poultry</td><td><img style="width:50%;" src="/media/images/logos/marchands/1.png" alt="Metro"></td><td><span itemprop="price">$2.39</span><span itemprop="eligibleQuantity" itemscope="" itemtype="http://schema.org/QuantitativeValue">/<span itemprop="unitText">100g</span></span></td><td>$23.90/kg</td><td style="display: none;">2020-02-26</td><td style="display: none;"></td><td style="display: none;">house brand</td><td style="display: none;"></td><td style="display: none;"></td><td style="display: none;"></td><td style="display: none;"></td><td style="display: none;"></td><td style="display: none;"><a class="recipeLink" href="/recipe_ingredient_search_results.php?query=(_QU5E__1__________633__[]_1_1)">Recipes with deli food, salami</a></td></tr><tr role="row" class="even"><td tabindex="0"><i class="fa fa-thumbs-down"></i></td><td class=" not_printable"><div class="addToGL" data-soscuisine-aisle="6" data-soscuisine-sip="3937749"><i class="fa fa-cart-plus" title="Add to My Grocery List"></i><div></div></div></td><td><img class="storeItemImage" itemprop="image" alt="deli food, salami" src="/media/images/store_item/633.jpg"></td><td>deli food, salami</td><td class="not_printable sorting_1">meat &amp; poultry</td><td><img style="width:50%;" src="/media/images/logos/marchands/1.png" alt="Metro"></td><td><span itemprop="price">$5.99</span><span itemprop="eligibleQuantity" itemscope="" itemtype="http://schema.org/QuantitativeValue">/125g</span></td><td>$47.92/kg</td><td style="display: none;">2020-02-26</td><td style="display: none;"></td><td style="display: none;">Schneiders</td><td style="display: none;"></td><td style="display: none;"></td><td style="display: none;"></td><td style="display: none;">sliced</td><td style="display: none;"></td><td style="display: none;"><a class="recipeLink" href="/recipe_ingredient_search_results.php?query=(_QU5E__1__________633__[]_1_1)">Recipes with deli food, salami</a></td></tr><tr role="row" class="odd"><td tabindex="0"><i class="fas fa-hand-rock"></i></td><td class=" not_printable"><div class="addToGL" data-soscuisine-aisle="6" data-soscuisine-sip="3938995"><i class="fa fa-cart-plus" title="Add to My Grocery List"></i><div></div></div></td><td><img class="storeItemImage" itemprop="image" alt="deli food, salami" src="/media/images/store_item/633.jpg"></td><td>deli food, salami</td><td class="not_printable sorting_1">meat &amp; poultry</td><td><img style="width:50%;" src="/media/images/logos/marchands/64.png" alt="Mourelatos"></td><td><span itemprop="price">$9.99</span><span itemprop="eligibleQuantity" itemscope="" itemtype="http://schema.org/QuantitativeValue">/<span itemprop="unitText">lb</span></span></td><td>$22.02/kg</td><td style="display: none;">2020-02-25</td><td style="display: none;"></td><td style="display: none;"></td><td style="display: none;"></td><td style="display: none;">Hungarian</td><td style="display: none;"></td><td style="display: none;"></td><td style="display: none;">hot or mild, Macher</td><td style="display: none;"><a class="recipeLink" href="/recipe_ingredient_search_results.php?query=(_QU5E__1__________633__[]_1_1)">Recipes with deli food, salami</a></td></tr><tr role="row" class="even"><td tabindex="0"><i class="fa fa-thumbs-up"></i></td><td class=" not_printable"><div class="addToGL" data-soscuisine-aisle="6" data-soscuisine-sip="3940743"><i class="fa fa-cart-plus" title="Add to My Grocery List"></i><div></div></div></td><td><img class="storeItemImage" itemprop="image" alt="deli food, salami" src="/media/images/store_item/633.jpg"></td><td>deli food, salami</td><td class="not_printable sorting_1">meat &amp; poultry</td><td><img style="width:50%;" src="/media/images/logos/marchands/5.png" alt="Super C"></td><td><span itemprop="price">$4.99</span><span itemprop="eligibleQuantity" itemscope="" itemtype="http://schema.org/QuantitativeValue">/<span itemprop="unitText">375g</span></span></td><td>$13.31/kg</td><td style="display: none;">2020-02-26</td><td style="display: none;"></td><td style="display: none;">house brand</td><td style="display: none;"></td><td style="display: none;">pepperoni</td><td style="display: none;"></td><td style="display: none;">sliced</td><td style="display: none;"></td><td style="display: none;"><a class="recipeLink" href="/recipe_ingredient_search_results.php?query=(_QU5E__1__________633__[]_1_1)">Recipes with deli food, salami</a></td></tr><tr role="row" class="odd"><td tabindex="0"><i class="fas fa-hand-rock"></i></td><td class=" not_printable"><div class="addToGL" data-soscuisine-aisle="6" data-soscuisine-sip="3940833"><i class="fa fa-cart-plus" title="Add to My Grocery List"></i><div></div></div></td><td><img class="storeItemImage" itemprop="image" alt="deli food, salami" src="/media/images/store_item/633.jpg"></td><td>deli food, salami</td><td class="not_printable sorting_1">meat &amp; poultry</td><td><img style="width:50%;" src="/media/images/logos/marchands/11.png" alt="Tradition"></td><td><span itemprop="price">$5.99</span><span itemprop="eligibleQuantity" itemscope="" itemtype="http://schema.org/QuantitativeValue">/<span itemprop="unitText">375g</span></span></td><td>$15.97/kg</td><td style="display: none;">2020-02-26</td><td style="display: none;"></td><td style="display: none;">Mikes</td><td style="display: none;"></td><td style="display: none;">pepperoni</td><td style="display: none;"></td><td style="display: none;">sliced</td><td style="display: none;"></td><td style="display: none;"><a class="recipeLink" href="/recipe_ingredient_search_results.php?query=(_QU5E__1__________633__[]_1_1)">Recipes with deli food, salami</a></td></tr><tr role="row" class="even"><td tabindex="0"><i class="fa fa-thumbs-down"></i></td><td class=" not_printable"><div class="addToGL" data-soscuisine-aisle="6" data-soscuisine-sip="3940707"><i class="fa fa-cart-plus" title="Add to My Grocery List"></i><div></div></div></td><td><img class="storeItemImage" itemprop="image" alt="deli food, salami" src="/media/images/store_item/633.jpg"></td><td>deli food, salami</td><td class="not_printable sorting_1">meat &amp; poultry</td><td><img style="width:50%;" src="/media/images/logos/marchands/11.png" alt="Tradition"></td><td><span itemprop="price">$7.49</span><span itemprop="eligibleQuantity" itemscope="" itemtype="http://schema.org/QuantitativeValue">/<span itemprop="unitText">300g</span></span></td><td>$24.97/kg</td><td style="display: none;">2020-02-26</td><td style="display: none;">Quebec</td><td style="display: none;">Le Sauciflard</td><td style="display: none;"></td><td style="display: none;">Rosette de Lyon</td><td style="display: none;"></td><td style="display: none;"></td><td style="display: none;"></td><td style="display: none;"><a class="recipeLink" href="/recipe_ingredient_search_results.php?query=(_QU5E__1__________633__[]_1_1)">Recipes with deli food, salami</a></td></tr><tr role="row" class="odd"><td tabindex="0"><i class="fa fa-thumbs-down"></i></td><td class=" not_printable"><div class="addToGL" data-soscuisine-aisle="6" data-soscuisine-sip="3940451"><i class="fa fa-cart-plus" title="Add to My Grocery List"></i><div></div></div></td><td><img class="storeItemImage" itemprop="image" alt="deli food, salami" src="/media/images/store_item/633.jpg"></td><td>deli food, salami</td><td class="not_printable sorting_1">meat &amp; poultry</td><td><img style="width:50%;" src="/media/images/logos/marchands/11.png" alt="Tradition"></td><td><span itemprop="price">$11.98</span><span itemprop="eligibleQuantity" itemscope="" itemtype="http://schema.org/QuantitativeValue">/<span itemprop="value">2</span>x125g</span></td><td>$47.92/kg</td><td style="display: none;">2020-02-26</td><td style="display: none;"></td><td style="display: none;">Schneiders</td><td style="display: none;"></td><td style="display: none;"></td><td style="display: none;"></td><td style="display: none;">sliced</td><td style="display: none;"></td><td style="display: none;"><a class="recipeLink" href="/recipe_ingredient_search_results.php?query=(_QU5E__1__________633__[]_1_1)">Recipes with deli food, salami</a></td></tr><tr role="row" class="even"><td tabindex="0"><i class="fa fa-thumbs-down"></i></td><td class=" not_printable"><div class="addToGL" data-soscuisine-aisle="6" data-soscuisine-sip="3939449"><i class="fa fa-cart-plus" title="Add to My Grocery List"></i><div></div></div></td><td><img class="storeItemImage" itemprop="image" alt="deli food, sausage, fully cooked" src="/media/images/store_item/764.jpg"></td><td>deli food, sausage, fully cooked</td><td class="not_printable sorting_1">meat &amp; poultry</td><td><img style="width:50%;" src="/media/images/logos/marchands/3.png" alt="IGA"></td><td><span itemprop="price">$5.49</span><span itemprop="eligibleQuantity" itemscope="" itemtype="http://schema.org/QuantitativeValue">/<span itemprop="unitText">375g</span></span></td><td>$14.64/kg</td><td style="display: none;">2020-02-26</td><td style="display: none;"></td><td style="display: none;">Marc Angelo</td><td style="display: none;"></td><td style="display: none;">chicken</td><td style="display: none;"></td><td style="display: none;"></td><td style="display: none;"></td><td style="display: none;"></td></tr><tr role="row" class="odd"><td tabindex="0"><i class="fas fa-hand-rock"></i></td><td class=" not_printable"><div class="addToGL" data-soscuisine-aisle="6" data-soscuisine-sip="3939341"><i class="fa fa-cart-plus" title="Add to My Grocery List"></i><div></div></div></td><td><img class="storeItemImage" itemprop="image" alt="deli food, sausage, fully cooked" src="/media/images/store_item/764.jpg"></td><td>deli food, sausage, fully cooked</td><td class="not_printable sorting_1">meat &amp; poultry</td><td><img style="width:50%;" src="/media/images/logos/marchands/63.png" alt="Marché Adonis"></td><td><span itemprop="price">$3.49</span><span itemprop="eligibleQuantity" itemscope="" itemtype="http://schema.org/QuantitativeValue">/<span itemprop="unitText">300g</span></span></td><td>$11.63/kg</td><td style="display: none;">2020-02-26</td><td style="display: none;"></td><td style="display: none;"></td><td style="display: none;"></td><td style="display: none;">kielbassa</td><td style="display: none;"></td><td style="display: none;"></td><td style="display: none;">Erie Meats</td><td style="display: none;"></td></tr><tr role="row" class="even"><td tabindex="0"><i class="fa fa-thumbs-up"></i></td><td class=" not_printable"><div class="addToGL" data-soscuisine-aisle="6" data-soscuisine-sip="3939605"><i class="fa fa-cart-plus" title="Add to My Grocery List"></i><div></div></div></td><td><img class="storeItemImage" itemprop="image" alt="deli food, sausages, breakfast" src="/media/images/store_item/670.jpg"></td><td>deli food, sausages, breakfast</td><td class="not_printable sorting_1">meat &amp; poultry</td><td><img style="width:50%;" src="/media/images/logos/marchands/10.png" alt="Bonichoix"></td><td><span itemprop="price">$5.99</span><span itemprop="eligibleQuantity" itemscope="" itemtype="http://schema.org/QuantitativeValue">/<span itemprop="unitText">675g</span></span></td><td>$8.87/kg</td><td style="display: none;">2020-02-26</td><td style="display: none;">Quebec</td><td style="display: none;">Lafleur</td><td style="display: none;"></td><td style="display: none;"></td><td style="display: none;"></td><td style="display: none;">fresh</td><td style="display: none;"></td><td style="display: none;"><a class="recipeLink" href="/recipe_ingredient_search_results.php?query=(_QU5E__1__________670__[]_1_1)">Recipes with deli food, sausages, breakfast</a></td></tr><tr role="row" class="odd"><td tabindex="0"><i class="fa fa-thumbs-up"></i><i class="fa fa-thumbs-up"></i></td><td class=" not_printable"><div class="addToGL" data-soscuisine-aisle="6" data-soscuisine-sip="3940799"><i class="fa fa-cart-plus" title="Add to My Grocery List"></i><div></div></div></td><td><img class="storeItemImage" itemprop="image" alt="deli food, sausages, breakfast" src="/media/images/store_item/670.jpg"></td><td>deli food, sausages, breakfast</td><td class="not_printable sorting_1">meat &amp; poultry</td><td><img style="width:50%;" src="/media/images/logos/marchands/5.png" alt="Super C"></td><td><span itemprop="price">$2.49</span><span itemprop="eligibleQuantity" itemscope="" itemtype="http://schema.org/QuantitativeValue">/<span itemprop="unitText">lb</span></span></td><td>$5.49/kg</td><td style="display: none;">2020-04-08</td><td style="display: none;"></td><td style="display: none;">Le Petit Charcutier</td><td style="display: none;"></td><td style="display: none;"></td><td style="display: none;"></td><td style="display: none;">frozen</td><td style="display: none;">valid from February 20 to April 8</td><td style="display: none;"><a class="recipeLink" href="/recipe_ingredient_search_results.php?query=(_QU5E__1__________670__[]_1_1)">Recipes with deli food, sausages, breakfast</a></td></tr><tr role="row" class="even"><td tabindex="0"><i class="fa fa-thumbs-down"></i></td><td class=" not_printable"><div class="addToGL" data-soscuisine-aisle="6" data-soscuisine-sip="3940479"><i class="fa fa-cart-plus" title="Add to My Grocery List"></i><div></div></div></td><td><img class="storeItemImage" itemprop="image" alt="deli food, sausages, breakfast" src="/media/images/store_item/670.jpg"></td><td>deli food, sausages, breakfast</td><td class="not_printable sorting_1">meat &amp; poultry</td><td><img style="width:50%;" src="/media/images/logos/marchands/11.png" alt="Tradition"></td><td><span itemprop="price">$4.49</span><span itemprop="eligibleQuantity" itemscope="" itemtype="http://schema.org/QuantitativeValue">/<span itemprop="unitText">375g</span></span></td><td>$11.97/kg</td><td style="display: none;">2020-02-26</td><td style="display: none;">Quebec</td><td style="display: none;">Lafleur</td><td style="display: none;"></td><td style="display: none;"></td><td style="display: none;"></td><td style="display: none;">fresh</td><td style="display: none;"></td><td style="display: none;"><a class="recipeLink" href="/recipe_ingredient_search_results.php?query=(_QU5E__1__________670__[]_1_1)">Recipes with deli food, sausages, breakfast</a></td></tr><tr role="row" class="odd"><td tabindex="0"><i class="fas fa-hand-rock"></i></td><td class=" not_printable"><div class="addToGL" data-soscuisine-aisle="6" data-soscuisine-sip="3939607"><i class="fa fa-cart-plus" title="Add to My Grocery List"></i><div></div></div></td><td><img class="storeItemImage" itemprop="image" alt="deli food, smoked ham" src="/media/images/store_item/236.jpg"></td><td>deli food, smoked ham</td><td class="not_printable sorting_1">meat &amp; poultry</td><td><img style="width:50%;" src="/media/images/logos/marchands/10.png" alt="Bonichoix"></td><td><span itemprop="price">$1.99</span><span itemprop="eligibleQuantity" itemscope="" itemtype="http://schema.org/QuantitativeValue">/<span itemprop="unitText">100g</span></span></td><td>$19.90/kg</td><td style="display: none;">2020-02-26</td><td style="display: none;"></td><td style="display: none;">Olymel</td><td style="display: none;"></td><td style="display: none;">black forest</td><td style="display: none;"></td><td style="display: none;"></td><td style="display: none;"></td><td style="display: none;"><a class="recipeLink" href="/recipe_ingredient_search_results.php?query=(_QU5E__1__________236__[]_1_1)">Recipes with deli food, smoked ham</a></td></tr><tr role="row" class="even"><td tabindex="0"><i class="fas fa-hand-rock"></i></td><td class=" not_printable"><div class="addToGL" data-soscuisine-aisle="6" data-soscuisine-sip="3939441"><i class="fa fa-cart-plus" title="Add to My Grocery List"></i><div></div></div></td><td><img class="storeItemImage" itemprop="image" alt="deli food, smoked ham" src="/media/images/store_item/236.jpg"></td><td>deli food, smoked ham</td><td class="not_printable sorting_1">meat &amp; poultry</td><td><img style="width:50%;" src="/media/images/logos/marchands/3.png" alt="IGA"></td><td><span itemprop="price">$2.29</span><span itemprop="eligibleQuantity" itemscope="" itemtype="http://schema.org/QuantitativeValue">/<span itemprop="unitText">100g</span></span></td><td>$22.90/kg</td><td style="display: none;">2020-02-26</td><td style="display: none;"></td><td style="display: none;">Maple Leaf</td><td style="display: none;"></td><td style="display: none;"></td><td style="display: none;"></td><td style="display: none;"></td><td style="display: none;"></td><td style="display: none;"><a class="recipeLink" href="/recipe_ingredient_search_results.php?query=(_QU5E__1__________236__[]_1_1)">Recipes with deli food, smoked ham</a></td></tr><tr role="row" class="odd"><td tabindex="0"><i class="fas fa-hand-rock"></i></td><td class=" not_printable"><div class="addToGL" data-soscuisine-aisle="6" data-soscuisine-sip="3939353"><i class="fa fa-cart-plus" title="Add to My Grocery List"></i><div></div></div></td><td><img class="storeItemImage" itemprop="image" alt="deli food, smoked ham" src="/media/images/store_item/236.jpg"></td><td>deli food, smoked ham</td><td class="not_printable sorting_1">meat &amp; poultry</td><td><img style="width:50%;" src="/media/images/logos/marchands/63.png" alt="Marché Adonis"></td><td><span itemprop="price">$3.49</span><span itemprop="eligibleQuantity" itemscope="" itemtype="http://schema.org/QuantitativeValue">/<span itemprop="unitText">175g</span></span></td><td>$19.94/kg</td><td style="display: none;">2020-02-26</td><td style="display: none;"></td><td style="display: none;">Schneiders</td><td style="display: none;"></td><td style="display: none;">black forest</td><td style="display: none;"></td><td style="display: none;">sliced</td><td style="display: none;"></td><td style="display: none;"><a class="recipeLink" href="/recipe_ingredient_search_results.php?query=(_QU5E__1__________236__[]_1_1)">Recipes with deli food, smoked ham</a></td></tr><tr role="row" class="even"><td tabindex="0"><i class="fas fa-hand-rock"></i></td><td class=" not_printable"><div class="addToGL" data-soscuisine-aisle="6" data-soscuisine-sip="3939367"><i class="fa fa-cart-plus" title="Add to My Grocery List"></i><div></div></div></td><td><img class="storeItemImage" itemprop="image" alt="deli food, smoked ham" src="/media/images/store_item/236.jpg"></td><td>deli food, smoked ham</td><td class="not_printable sorting_1">meat &amp; poultry</td><td><img style="width:50%;" src="/media/images/logos/marchands/63.png" alt="Marché Adonis"></td><td><span itemprop="price">$3.49</span><span itemprop="eligibleQuantity" itemscope="" itemtype="http://schema.org/QuantitativeValue">/<span itemprop="unitText">5.3oz (150g)</span></span></td><td>$23.27/kg</td><td style="display: none;">2020-02-26</td><td style="display: none;"></td><td style="display: none;">Olymel</td><td style="display: none;"></td><td style="display: none;">old style</td><td style="display: none;"></td><td style="display: none;">sliced</td><td style="display: none;">Gluten-free</td><td style="display: none;"><a class="recipeLink" href="/recipe_ingredient_search_results.php?query=(_QU5E__1__________236__[]_1_1)">Recipes with deli food, smoked ham</a></td></tr><tr role="row" class="odd"><td tabindex="0"><i class="fa fa-thumbs-up"></i></td><td class=" not_printable"><div class="addToGL" data-soscuisine-aisle="6" data-soscuisine-sip="3937521"><i class="fa fa-cart-plus" title="Add to My Grocery List"></i><div></div></div></td><td><img class="storeItemImage" itemprop="image" alt="deli food, smoked ham" src="/media/images/store_item/236.jpg"></td><td>deli food, smoked ham</td><td class="not_printable sorting_1">meat &amp; poultry</td><td><img style="width:50%;" src="/media/images/logos/marchands/6.png" alt="Maxi"></td><td><span itemprop="price">$2.00</span><span itemprop="eligibleQuantity" itemscope="" itemtype="http://schema.org/QuantitativeValue">/<span itemprop="unitText">175g</span></span></td><td>$11.43/kg</td><td style="display: none;">2020-02-26</td><td style="display: none;"></td><td style="display: none;">Piller's</td><td style="display: none;"></td><td style="display: none;">black forest</td><td style="display: none;"></td><td style="display: none;"></td><td style="display: none;"></td><td style="display: none;"><a class="recipeLink" href="/recipe_ingredient_search_results.php?query=(_QU5E__1__________236__[]_1_1)">Recipes with deli food, smoked ham</a></td></tr><tr role="row" class="even"><td tabindex="0"><i class="fas fa-hand-rock"></i></td><td class=" not_printable"><div class="addToGL" data-soscuisine-aisle="6" data-soscuisine-sip="3937603"><i class="fa fa-cart-plus" title="Add to My Grocery List"></i><div></div></div></td><td><img class="storeItemImage" itemprop="image" alt="deli food, smoked ham" src="/media/images/store_item/236.jpg"></td><td>deli food, smoked ham</td><td class="not_printable sorting_1">meat &amp; poultry</td><td><img style="width:50%;" src="/media/images/logos/marchands/1.png" alt="Metro"></td><td><span itemprop="price">$2.39</span><span itemprop="eligibleQuantity" itemscope="" itemtype="http://schema.org/QuantitativeValue">/<span itemprop="unitText">100g</span></span></td><td>$23.90/kg</td><td style="display: none;">2020-02-26</td><td style="display: none;"></td><td style="display: none;">house brand</td><td style="display: none;"></td><td style="display: none;">black forest</td><td style="display: none;"></td><td style="display: none;"></td><td style="display: none;"></td><td style="display: none;"><a class="recipeLink" href="/recipe_ingredient_search_results.php?query=(_QU5E__1__________236__[]_1_1)">Recipes with deli food, smoked ham</a></td></tr><tr role="row" class="odd"><td tabindex="0"><i class="fas fa-hand-rock"></i></td><td class=" not_printable"><div class="addToGL" data-soscuisine-aisle="6" data-soscuisine-sip="3939609"><i class="fa fa-cart-plus" title="Add to My Grocery List"></i><div></div></div></td><td><img class="storeItemImage" alt="deli food, smoked meat" src="/media/images/store_item/blank.jpg"></td><td>deli food, smoked meat</td><td class="not_printable sorting_1">meat &amp; poultry</td><td><img style="width:50%;" src="/media/images/logos/marchands/10.png" alt="Bonichoix"></td><td><span itemprop="price">$2.39</span><span itemprop="eligibleQuantity" itemscope="" itemtype="http://schema.org/QuantitativeValue">/<span itemprop="unitText">100g</span></span></td><td>$23.90/kg</td><td style="display: none;">2020-02-26</td><td style="display: none;"></td><td style="display: none;">Lesters</td><td style="display: none;"></td><td style="display: none;">pastrami</td><td style="display: none;"></td><td style="display: none;"></td><td style="display: none;"></td><td style="display: none;"></td></tr><tr role="row" class="even"><td tabindex="0"><i class="fa fa-thumbs-up"></i></td><td class=" not_printable"><div class="addToGL" data-soscuisine-aisle="6" data-soscuisine-sip="3938935"><i class="fa fa-cart-plus" title="Add to My Grocery List"></i><div></div></div></td><td><img class="storeItemImage" alt="deli food, smoked meat" src="/media/images/store_item/blank.jpg"></td><td>deli food, smoked meat</td><td class="not_printable sorting_1">meat &amp; poultry</td><td><img style="width:50%;" src="/media/images/logos/marchands/3.png" alt="IGA"></td><td><span itemprop="price">$9.99</span><span itemprop="eligibleQuantity" itemscope="" itemtype="http://schema.org/QuantitativeValue">/<span itemprop="unitText">500g</span></span></td><td>$19.98/kg</td><td style="display: none;">2020-02-26</td><td style="display: none;"></td><td style="display: none;">Schwartz's</td><td style="display: none;"></td><td style="display: none;"></td><td style="display: none;"></td><td style="display: none;"></td><td style="display: none;"></td><td style="display: none;"></td></tr><tr role="row" class="odd"><td tabindex="0"><i class="fa fa-thumbs-down"></i></td><td class=" not_printable"><div class="addToGL" data-soscuisine-aisle="6" data-soscuisine-sip="3937743"><i class="fa fa-cart-plus" title="Add to My Grocery List"></i><div></div></div></td><td><img class="storeItemImage" alt="deli food, smoked meat" src="/media/images/store_item/blank.jpg"></td><td>deli food, smoked meat</td><td class="not_printable sorting_1">meat &amp; poultry</td><td><img style="width:50%;" src="/media/images/logos/marchands/1.png" alt="Metro"></td><td><span itemprop="price">$13.99</span><span itemprop="eligibleQuantity" itemscope="" itemtype="http://schema.org/QuantitativeValue">/<span itemprop="unitText">500g</span></span></td><td>$27.98/kg</td><td style="display: none;">2020-02-26</td><td style="display: none;"></td><td style="display: none;">Dunn's</td><td style="display: none;"></td><td style="display: none;"></td><td style="display: none;"></td><td style="display: none;"></td><td style="display: none;"></td><td style="display: none;"></td></tr><tr role="row" class="even"><td tabindex="0"><i class="fas fa-hand-rock"></i></td><td class=" not_printable"><div class="addToGL" data-soscuisine-aisle="6" data-soscuisine-sip="3935955"><i class="fa fa-cart-plus" title="Add to My Grocery List"></i><div></div></div></td><td><img class="storeItemImage" alt="deli food, smoked meat" src="/media/images/store_item/blank.jpg"></td><td>deli food, smoked meat</td><td class="not_printable sorting_1">meat &amp; poultry</td><td><img style="width:50%;" src="/media/images/logos/marchands/62.png" alt="Supermarché PA"></td><td><span itemprop="price">$9.99</span><span itemprop="eligibleQuantity" itemscope="" itemtype="http://schema.org/QuantitativeValue">/<span itemprop="unitText">lb</span></span></td><td>$22.02/kg</td><td style="display: none;">2020-02-23</td><td style="display: none;"></td><td style="display: none;"></td><td style="display: none;"></td><td style="display: none;">old style</td><td style="display: none;"></td><td style="display: none;"></td><td style="display: none;"></td><td style="display: none;"></td></tr><tr role="row" class="odd"><td tabindex="0"><i class="fas fa-hand-rock"></i></td><td class=" not_printable"><div class="addToGL" data-soscuisine-aisle="6" data-soscuisine-sip="3940721"><i class="fa fa-cart-plus" title="Add to My Grocery List"></i><div></div></div></td><td><img class="storeItemImage" alt="deli food, smoked meat" src="/media/images/store_item/blank.jpg"></td><td>deli food, smoked meat</td><td class="not_printable sorting_1">meat &amp; poultry</td><td><img style="width:50%;" src="/media/images/logos/marchands/11.png" alt="Tradition"></td><td><span itemprop="price">$2.39</span><span itemprop="eligibleQuantity" itemscope="" itemtype="http://schema.org/QuantitativeValue">/<span itemprop="unitText">100g</span></span></td><td>$23.90/kg</td><td style="display: none;">2020-02-26</td><td style="display: none;"></td><td style="display: none;">Lesters</td><td style="display: none;"></td><td style="display: none;"></td><td style="display: none;"></td><td style="display: none;"></td><td style="display: none;"></td><td style="display: none;"></td></tr><tr role="row" class="even"><td tabindex="0"><i class="fa fa-thumbs-down"></i></td><td class=" not_printable"><div class="addToGL" data-soscuisine-aisle="6" data-soscuisine-sip="3939597"><i class="fa fa-cart-plus" title="Add to My Grocery List"></i><div></div></div></td><td><img class="storeItemImage" itemprop="image" alt="deli food, smoked sausage/wieners/franks" src="/media/images/store_item/517.jpg"></td><td>deli food, smoked sausage/wieners/franks</td><td class="not_printable sorting_1">meat &amp; poultry</td><td><img style="width:50%;" src="/media/images/logos/marchands/10.png" alt="Bonichoix"></td><td><span itemprop="price">$3.99</span><span itemprop="eligibleQuantity" itemscope="" itemtype="http://schema.org/QuantitativeValue">/<span itemprop="unitText">375g</span></span></td><td>$10.64/kg</td><td style="display: none;">2020-02-26</td><td style="display: none;"></td><td style="display: none;">Hygrade</td><td style="display: none;"></td><td style="display: none;"></td><td style="display: none;"></td><td style="display: none;"></td><td style="display: none;"></td><td style="display: none;"><a class="recipeLink" href="/recipe_ingredient_search_results.php?query=(_QU5E__1__________517__[]_1_1)">Recipes with deli food, smoked sausage/wieners/franks</a></td></tr><tr role="row" class="odd"><td tabindex="0"><i class="fa fa-thumbs-down"></i></td><td class=" not_printable"><div class="addToGL" data-soscuisine-aisle="6" data-soscuisine-sip="3939469"><i class="fa fa-cart-plus" title="Add to My Grocery List"></i><div></div></div></td><td><img class="storeItemImage" itemprop="image" alt="deli food, smoked sausage/wieners/franks" src="/media/images/store_item/517.jpg"></td><td>deli food, smoked sausage/wieners/franks</td><td class="not_printable sorting_1">meat &amp; poultry</td><td><img style="width:50%;" src="/media/images/logos/marchands/3.png" alt="IGA"></td><td><span itemprop="price">$3.99</span><span itemprop="eligibleQuantity" itemscope="" itemtype="http://schema.org/QuantitativeValue">/<span itemprop="unitText">375g</span></span></td><td>$10.64/kg</td><td style="display: none;">2020-02-26</td><td style="display: none;"></td><td style="display: none;">Lafleur</td><td style="display: none;"></td><td style="display: none;"></td><td style="display: none;"></td><td style="display: none;"></td><td style="display: none;"></td><td style="display: none;"><a class="recipeLink" href="/recipe_ingredient_search_results.php?query=(_QU5E__1__________517__[]_1_1)">Recipes with deli food, smoked sausage/wieners/franks</a></td></tr><tr role="row" class="even"><td tabindex="0"><i class="fa fa-thumbs-up"></i><i class="fa fa-thumbs-up"></i></td><td class=" not_printable"><div class="addToGL" data-soscuisine-aisle="6" data-soscuisine-sip="3937507"><i class="fa fa-cart-plus" title="Add to My Grocery List"></i><div></div></div></td><td><img class="storeItemImage" itemprop="image" alt="deli food, smoked sausage/wieners/franks" src="/media/images/store_item/517.jpg"></td><td>deli food, smoked sausage/wieners/franks</td><td class="not_printable sorting_1">meat &amp; poultry</td><td><img style="width:50%;" src="/media/images/logos/marchands/6.png" alt="Maxi"></td><td><span itemprop="price">$2.00</span><span itemprop="eligibleQuantity" itemscope="" itemtype="http://schema.org/QuantitativeValue">/<span itemprop="unitText">450g</span></span></td><td>$4.44/kg</td><td style="display: none;">2020-02-26</td><td style="display: none;"></td><td style="display: none;">house brand</td><td style="display: none;"></td><td style="display: none;"></td><td style="display: none;"></td><td style="display: none;"></td><td style="display: none;"></td><td style="display: none;"><a class="recipeLink" href="/recipe_ingredient_search_results.php?query=(_QU5E__1__________517__[]_1_1)">Recipes with deli food, smoked sausage/wieners/franks</a></td></tr><tr role="row" class="odd"><td tabindex="0"><i class="fa fa-thumbs-down"></i></td><td class=" not_printable"><div class="addToGL" data-soscuisine-aisle="6" data-soscuisine-sip="3937741"><i class="fa fa-cart-plus" title="Add to My Grocery List"></i><div></div></div></td><td><img class="storeItemImage" itemprop="image" alt="deli food, smoked sausage/wieners/franks" src="/media/images/store_item/517.jpg"></td><td>deli food, smoked sausage/wieners/franks</td><td class="not_printable sorting_1">meat &amp; poultry</td><td><img style="width:50%;" src="/media/images/logos/marchands/1.png" alt="Metro"></td><td><span itemprop="price">$3.99</span><span itemprop="eligibleQuantity" itemscope="" itemtype="http://schema.org/QuantitativeValue">/<span itemprop="unitText">375g</span></span></td><td>$10.64/kg</td><td style="display: none;">2020-02-26</td><td style="display: none;">Quebec</td><td style="display: none;">Lafleur</td><td style="display: none;"></td><td style="display: none;"></td><td style="display: none;"></td><td style="display: none;"></td><td style="display: none;"></td><td style="display: none;"><a class="recipeLink" href="/recipe_ingredient_search_results.php?query=(_QU5E__1__________517__[]_1_1)">Recipes with deli food, smoked sausage/wieners/franks</a></td></tr><tr role="row" class="even"><td tabindex="0"><i class="fa fa-thumbs-down"></i></td><td class=" not_printable"><div class="addToGL" data-soscuisine-aisle="6" data-soscuisine-sip="3937739"><i class="fa fa-cart-plus" title="Add to My Grocery List"></i><div></div></div></td><td><img class="storeItemImage" itemprop="image" alt="deli food, smoked sausage/wieners/franks" src="/media/images/store_item/517.jpg"></td><td>deli food, smoked sausage/wieners/franks</td><td class="not_printable sorting_1">meat &amp; poultry</td><td><img style="width:50%;" src="/media/images/logos/marchands/1.png" alt="Metro"></td><td><span itemprop="price">$4.49</span><span itemprop="eligibleQuantity" itemscope="" itemtype="http://schema.org/QuantitativeValue">/<span itemprop="unitText">375g</span></span></td><td>$11.97/kg</td><td style="display: none;">2020-02-26</td><td style="display: none;">Quebec</td><td style="display: none;">Lesters</td><td style="display: none;"></td><td style="display: none;">all beef</td><td style="display: none;"></td><td style="display: none;"></td><td style="display: none;"></td><td style="display: none;"><a class="recipeLink" href="/recipe_ingredient_search_results.php?query=(_QU5E__1__________517__[]_1_1)">Recipes with deli food, smoked sausage/wieners/franks</a></td></tr><tr role="row" class="odd"><td tabindex="0"><i class="fa fa-thumbs-down"></i></td><td class=" not_printable"><div class="addToGL" data-soscuisine-aisle="6" data-soscuisine-sip="3940699"><i class="fa fa-cart-plus" title="Add to My Grocery List"></i><div></div></div></td><td><img class="storeItemImage" itemprop="image" alt="deli food, smoked sausage/wieners/franks" src="/media/images/store_item/517.jpg"></td><td>deli food, smoked sausage/wieners/franks</td><td class="not_printable sorting_1">meat &amp; poultry</td><td><img style="width:50%;" src="/media/images/logos/marchands/11.png" alt="Tradition"></td><td><span itemprop="price">$3.99</span><span itemprop="eligibleQuantity" itemscope="" itemtype="http://schema.org/QuantitativeValue">/<span itemprop="unitText">375g</span></span></td><td>$10.64/kg</td><td style="display: none;">2020-02-26</td><td style="display: none;"></td><td style="display: none;">Lafleur</td><td style="display: none;"></td><td style="display: none;"></td><td style="display: none;"></td><td style="display: none;"></td><td style="display: none;"></td><td style="display: none;"><a class="recipeLink" href="/recipe_ingredient_search_results.php?query=(_QU5E__1__________517__[]_1_1)">Recipes with deli food, smoked sausage/wieners/franks</a></td></tr><tr role="row" class="even"><td tabindex="0"><i class="fas fa-hand-rock"></i></td><td class=" not_printable"><div class="addToGL" data-soscuisine-aisle="6" data-soscuisine-sip="3939439"><i class="fa fa-cart-plus" title="Add to My Grocery List"></i><div></div></div></td><td><img class="storeItemImage" itemprop="image" alt="deli food, turkey breast roast" src="/media/images/store_item/537.jpg"></td><td>deli food, turkey breast roast</td><td class="not_printable sorting_1">meat &amp; poultry</td><td><img style="width:50%;" src="/media/images/logos/marchands/3.png" alt="IGA"></td><td><span itemprop="price">$2.49</span><span itemprop="eligibleQuantity" itemscope="" itemtype="http://schema.org/QuantitativeValue">/<span itemprop="unitText">100g</span></span></td><td>$24.90/kg</td><td style="display: none;">2020-02-26</td><td style="display: none;"></td><td style="display: none;">house brand</td><td style="display: none;"></td><td style="display: none;"></td><td style="display: none;"></td><td style="display: none;"></td><td style="display: none;"></td><td style="display: none;"><a class="recipeLink" href="/recipe_ingredient_search_results.php?query=(_QU5E__1__________537__[]_1_1)">Recipes with deli food, turkey breast roast</a></td></tr><tr role="row" class="odd"><td tabindex="0"><i class="fas fa-hand-rock"></i></td><td class=" not_printable"><div class="addToGL" data-soscuisine-aisle="6" data-soscuisine-sip="3939343"><i class="fa fa-cart-plus" title="Add to My Grocery List"></i><div></div></div></td><td><img class="storeItemImage" itemprop="image" alt="deli food, turkey breast roast" src="/media/images/store_item/537.jpg"></td><td>deli food, turkey breast roast</td><td class="not_printable sorting_1">meat &amp; poultry</td><td><img style="width:50%;" src="/media/images/logos/marchands/63.png" alt="Marché Adonis"></td><td><span itemprop="price">$3.49</span><span itemprop="eligibleQuantity" itemscope="" itemtype="http://schema.org/QuantitativeValue">/<span itemprop="unitText">5.3oz (150g)</span></span></td><td>$23.27/kg</td><td style="display: none;">2020-02-26</td><td style="display: none;"></td><td style="display: none;">Schneiders</td><td style="display: none;"></td><td style="display: none;"></td><td style="display: none;"></td><td style="display: none;">sliced</td><td style="display: none;"></td><td style="display: none;"><a class="recipeLink" href="/recipe_ingredient_search_results.php?query=(_QU5E__1__________537__[]_1_1)">Recipes with deli food, turkey breast roast</a></td></tr><tr role="row" class="even"><td tabindex="0"><i class="fa fa-thumbs-down"></i></td><td class=" not_printable"><div class="addToGL" data-soscuisine-aisle="6" data-soscuisine-sip="3940883"><i class="fa fa-cart-plus" title="Add to My Grocery List"></i><div></div></div></td><td><img class="storeItemImage" itemprop="image" alt="deli food, turkey breast roast" src="/media/images/store_item/537.jpg"></td><td>deli food, turkey breast roast</td><td class="not_printable sorting_1">meat &amp; poultry</td><td><img style="width:50%;" src="/media/images/logos/marchands/12.png" alt="Richelieu"></td><td><span itemprop="price">$3.49</span><span itemprop="eligibleQuantity" itemscope="" itemtype="http://schema.org/QuantitativeValue">/<span itemprop="unitText">100g</span></span></td><td>$34.90/kg</td><td style="display: none;">2020-02-26</td><td style="display: none;"></td><td style="display: none;">Cuddy</td><td style="display: none;"></td><td style="display: none;"></td><td style="display: none;"></td><td style="display: none;"></td><td style="display: none;"></td><td style="display: none;"><a class="recipeLink" href="/recipe_ingredient_search_results.php?query=(_QU5E__1__________537__[]_1_1)">Recipes with deli food, turkey breast roast</a></td></tr><tr role="row" class="odd"><td tabindex="0"><i class="fas fa-hand-rock"></i></td><td class=" not_printable"><div class="addToGL" data-soscuisine-aisle="6" data-soscuisine-sip="3940705"><i class="fa fa-cart-plus" title="Add to My Grocery List"></i><div></div></div></td><td><img class="storeItemImage" itemprop="image" alt="deli food, turkey breast roast" src="/media/images/store_item/537.jpg"></td><td>deli food, turkey breast roast</td><td class="not_printable sorting_1">meat &amp; poultry</td><td><img style="width:50%;" src="/media/images/logos/marchands/11.png" alt="Tradition"></td><td><span itemprop="price">$2.69</span><span itemprop="eligibleQuantity" itemscope="" itemtype="http://schema.org/QuantitativeValue">/<span itemprop="unitText">100g</span></span></td><td>$26.90/kg</td><td style="display: none;">2020-02-26</td><td style="display: none;"></td><td style="display: none;">Olymel</td><td style="display: none;"></td><td style="display: none;"></td><td style="display: none;"></td><td style="display: none;"></td><td style="display: none;"></td><td style="display: none;"><a class="recipeLink" href="/recipe_ingredient_search_results.php?query=(_QU5E__1__________537__[]_1_1)">Recipes with deli food, turkey breast roast</a></td></tr><tr role="row" class="even"><td tabindex="0"><i class="fa fa-thumbs-down"></i></td><td class=" not_printable"><div class="addToGL" data-soscuisine-aisle="6" data-soscuisine-sip="3940443"><i class="fa fa-cart-plus" title="Add to My Grocery List"></i><div></div></div></td><td><img class="storeItemImage" itemprop="image" alt="deli food, turkey breast roast" src="/media/images/store_item/537.jpg"></td><td>deli food, turkey breast roast</td><td class="not_printable sorting_1">meat &amp; poultry</td><td><img style="width:50%;" src="/media/images/logos/marchands/11.png" alt="Tradition"></td><td><span itemprop="price">$11.98</span><span itemprop="eligibleQuantity" itemscope="" itemtype="http://schema.org/QuantitativeValue">/<span itemprop="value">2</span>x<span itemprop="unitText">175g</span></span></td><td>$34.23/kg</td><td style="display: none;">2020-02-26</td><td style="display: none;"></td><td style="display: none;">Natural Selections</td><td style="display: none;"></td><td style="display: none;"></td><td style="display: none;"></td><td style="display: none;">sliced</td><td style="display: none;"></td><td style="display: none;"><a class="recipeLink" href="/recipe_ingredient_search_results.php?query=(_QU5E__1__________537__[]_1_1)">Recipes with deli food, turkey breast roast</a></td></tr><tr role="row" class="odd"><td tabindex="0"><i class="fa fa-thumbs-up"></i><i class="fa fa-thumbs-up"></i></td><td class=" not_printable"><div class="addToGL" data-soscuisine-aisle="6" data-soscuisine-sip="3938613"><i class="fa fa-cart-plus" title="Add to My Grocery List"></i><div></div></div></td><td><img class="storeItemImage" itemprop="image" alt="deli foods, smoked sausagex, chicken" src="/media/images/store_item/548.jpg"></td><td>deli foods, smoked sausagex, chicken</td><td class="not_printable sorting_1">meat &amp; poultry</td><td><img style="width:50%;" src="/media/images/logos/marchands/69.png" alt="Intermarche (Provincial)"></td><td><span itemprop="price">$1.29</span><span itemprop="eligibleQuantity" itemscope="" itemtype="http://schema.org/QuantitativeValue">/<span itemprop="unitText">450g</span></span></td><td>$2.87/kg</td><td style="display: none;">2020-02-26</td><td style="display: none;"></td><td style="display: none;">house brand</td><td style="display: none;"></td><td style="display: none;"></td><td style="display: none;"></td><td style="display: none;"></td><td style="display: none;"></td><td style="display: none;"><a class="recipeLink" href="/recipe_ingredient_search_results.php?query=(_QU5E__1__________548__[]_1_1)">Recipes with deli foods, smoked sausagex, chicken</a></td></tr><tr role="row" class="even"><td tabindex="0"><i class="fa fa-thumbs-up"></i><i class="fa fa-thumbs-up"></i></td><td class=" not_printable"><div class="addToGL" data-soscuisine-aisle="6" data-soscuisine-sip="3938135"><i class="fa fa-cart-plus" title="Add to My Grocery List"></i><div></div></div></td><td><img class="storeItemImage" itemprop="image" alt="deli foods, smoked sausagex, chicken" src="/media/images/store_item/548.jpg"></td><td>deli foods, smoked sausagex, chicken</td><td class="not_printable sorting_1">meat &amp; poultry</td><td><img style="width:50%;" src="/media/images/logos/marchands/7.png" alt="Intermarché (Saveurs intl.)"></td><td><span itemprop="price">$1.29</span><span itemprop="eligibleQuantity" itemscope="" itemtype="http://schema.org/QuantitativeValue">/<span itemprop="unitText">450g</span></span></td><td>$2.87/kg</td><td style="display: none;">2020-02-26</td><td style="display: none;"></td><td style="display: none;">house brand</td><td style="display: none;"></td><td style="display: none;"></td><td style="display: none;"></td><td style="display: none;"></td><td style="display: none;"></td><td style="display: none;"><a class="recipeLink" href="/recipe_ingredient_search_results.php?query=(_QU5E__1__________548__[]_1_1)">Recipes with deli foods, smoked sausagex, chicken</a></td></tr><tr role="row" class="odd"><td tabindex="0"><i class="fas fa-hand-rock"></i></td><td class=" not_printable"><div class="addToGL" data-soscuisine-aisle="6" data-soscuisine-sip="3939333"><i class="fa fa-cart-plus" title="Add to My Grocery List"></i><div></div></div></td><td><img class="storeItemImage" itemprop="image" alt="deli foods, smoked sausagex, chicken" src="/media/images/store_item/548.jpg"></td><td>deli foods, smoked sausagex, chicken</td><td class="not_printable sorting_1">meat &amp; poultry</td><td><img style="width:50%;" src="/media/images/logos/marchands/63.png" alt="Marché Adonis"></td><td><span itemprop="price">$2.99</span><span itemprop="eligibleQuantity" itemscope="" itemtype="http://schema.org/QuantitativeValue">/<span itemprop="unitText">2lb (907g)</span></span></td><td>$3.30/kg</td><td style="display: none;">2020-02-26</td><td style="display: none;"></td><td style="display: none;">Harvest Creek</td><td style="display: none;"></td><td style="display: none;"></td><td style="display: none;">Halal</td><td style="display: none;"></td><td style="display: none;"></td><td style="display: none;"><a class="recipeLink" href="/recipe_ingredient_search_results.php?query=(_QU5E__1__________548__[]_1_1)">Recipes with deli foods, smoked sausagex, chicken</a></td></tr><tr role="row" class="even"><td tabindex="0"><i class="fas fa-hand-rock"></i></td><td class=" not_printable"><div class="addToGL" data-soscuisine-aisle="6" data-soscuisine-sip="3940739"><i class="fa fa-cart-plus" title="Add to My Grocery List"></i><div></div></div></td><td><img class="storeItemImage" itemprop="image" alt="deli foods, smoked sausagex, chicken" src="/media/images/store_item/548.jpg"></td><td>deli foods, smoked sausagex, chicken</td><td class="not_printable sorting_1">meat &amp; poultry</td><td><img style="width:50%;" src="/media/images/logos/marchands/5.png" alt="Super C"></td><td><span itemprop="price">$1.99</span><span itemprop="eligibleQuantity" itemscope="" itemtype="http://schema.org/QuantitativeValue">/<span itemprop="unitText">450g</span></span></td><td>$4.42/kg</td><td style="display: none;">2020-02-26</td><td style="display: none;"></td><td style="display: none;">house brand</td><td style="display: none;"></td><td style="display: none;"></td><td style="display: none;"></td><td style="display: none;"></td><td style="display: none;"></td><td style="display: none;"><a class="recipeLink" href="/recipe_ingredient_search_results.php?query=(_QU5E__1__________548__[]_1_1)">Recipes with deli foods, smoked sausagex, chicken</a></td></tr><tr role="row" class="odd"><td tabindex="0"><i class="fa fa-thumbs-down"></i></td><td class=" not_printable"><div class="addToGL" data-soscuisine-aisle="6" data-soscuisine-sip="3939603"><i class="fa fa-cart-plus" title="Add to My Grocery List"></i><div></div></div></td><td><img class="storeItemImage" alt="deli, shaved meat" src="/media/images/store_item/blank.jpg"></td><td>deli, shaved meat</td><td class="not_printable sorting_1">meat &amp; poultry</td><td><img style="width:50%;" src="/media/images/logos/marchands/10.png" alt="Bonichoix"></td><td><span itemprop="price">$5.99</span><span itemprop="eligibleQuantity" itemscope="" itemtype="http://schema.org/QuantitativeValue">/<span itemprop="unitText">175g</span></span></td><td>$34.23/kg</td><td style="display: none;">2020-02-26</td><td style="display: none;"></td><td style="display: none;">Natural Selections</td><td style="display: none;"></td><td style="display: none;"></td><td style="display: none;"></td><td style="display: none;"></td><td style="display: none;"></td><td style="display: none;"><a class="recipeLink" href="/recipe_ingredient_search_results.php?query=(_QU5E__1__________1005__[]_1_1)">Recipes with deli, shaved meat</a></td></tr><tr role="row" class="even"><td tabindex="0"><i class="fa fa-thumbs-down"></i></td><td class=" not_printable"><div class="addToGL" data-soscuisine-aisle="6" data-soscuisine-sip="3939425"><i class="fa fa-cart-plus" title="Add to My Grocery List"></i><div></div></div></td><td><img class="storeItemImage" alt="deli, shaved meat" src="/media/images/store_item/blank.jpg"></td><td>deli, shaved meat</td><td class="not_printable sorting_1">meat &amp; poultry</td><td><img style="width:50%;" src="/media/images/logos/marchands/3.png" alt="IGA"></td><td><span itemprop="price">$4.99</span><span itemprop="eligibleQuantity" itemscope="" itemtype="http://schema.org/QuantitativeValue">/<span itemprop="unitText">5.3oz (150g)</span></span></td><td>$33.27/kg</td><td style="display: none;">2020-02-26</td><td style="display: none;"></td><td style="display: none;">Olymel</td><td style="display: none;"></td><td style="display: none;"></td><td style="display: none;"></td><td style="display: none;"></td><td style="display: none;"></td><td style="display: none;"><a class="recipeLink" href="/recipe_ingredient_search_results.php?query=(_QU5E__1__________1005__[]_1_1)">Recipes with deli, shaved meat</a></td></tr><tr role="row" class="odd"><td tabindex="0"><i class="fas fa-hand-rock"></i></td><td class=" not_printable"><div class="addToGL" data-soscuisine-aisle="6" data-soscuisine-sip="3937745"><i class="fa fa-cart-plus" title="Add to My Grocery List"></i><div></div></div></td><td><img class="storeItemImage" alt="deli, shaved meat" src="/media/images/store_item/blank.jpg"></td><td>deli, shaved meat</td><td class="not_printable sorting_1">meat &amp; poultry</td><td><img style="width:50%;" src="/media/images/logos/marchands/1.png" alt="Metro"></td><td><span itemprop="price">$4.49</span><span itemprop="eligibleQuantity" itemscope="" itemtype="http://schema.org/QuantitativeValue">/<span itemprop="unitText">175g</span></span></td><td>$25.66/kg</td><td style="display: none;">2020-02-26</td><td style="display: none;">Quebec</td><td style="display: none;">Tour Eiffel</td><td style="display: none;"></td><td style="display: none;"></td><td style="display: none;"></td><td style="display: none;"></td><td style="display: none;">ham or turkey</td><td style="display: none;"><a class="recipeLink" href="/recipe_ingredient_search_results.php?query=(_QU5E__1__________1005__[]_1_1)">Recipes with deli, shaved meat</a></td></tr><tr role="row" class="even"><td tabindex="0"><i class="fa fa-thumbs-up"></i></td><td class=" not_printable"><div class="addToGL" data-soscuisine-aisle="6" data-soscuisine-sip="3940603"><i class="fa fa-cart-plus" title="Add to My Grocery List"></i><div></div></div></td><td><img class="storeItemImage" alt="deli, shaved meat" src="/media/images/store_item/blank.jpg"></td><td>deli, shaved meat</td><td class="not_printable sorting_1">meat &amp; poultry</td><td><img style="width:50%;" src="/media/images/logos/marchands/5.png" alt="Super C"></td><td><span itemprop="price">$8.99</span><span itemprop="eligibleQuantity" itemscope="" itemtype="http://schema.org/QuantitativeValue">/<span itemprop="unitText">500g</span></span></td><td>$17.98/kg</td><td style="display: none;">2020-02-26</td><td style="display: none;"></td><td style="display: none;">Paysan</td><td style="display: none;"></td><td style="display: none;"></td><td style="display: none;"></td><td style="display: none;"></td><td style="display: none;"></td><td style="display: none;"><a class="recipeLink" href="/recipe_ingredient_search_results.php?query=(_QU5E__1__________1005__[]_1_1)">Recipes with deli, shaved meat</a></td></tr><tr role="row" class="odd"><td tabindex="0"><i class="fa fa-thumbs-down"></i></td><td class=" not_printable"><div class="addToGL" data-soscuisine-aisle="6" data-soscuisine-sip="3940447"><i class="fa fa-cart-plus" title="Add to My Grocery List"></i><div></div></div></td><td><img class="storeItemImage" alt="deli, shaved meat" src="/media/images/store_item/blank.jpg"></td><td>deli, shaved meat</td><td class="not_printable sorting_1">meat &amp; poultry</td><td><img style="width:50%;" src="/media/images/logos/marchands/11.png" alt="Tradition"></td><td><span itemprop="price">$11.98</span><span itemprop="eligibleQuantity" itemscope="" itemtype="http://schema.org/QuantitativeValue">/<span itemprop="value">2</span>x<span itemprop="unitText">175g</span></span></td><td>$34.23/kg</td><td style="display: none;">2020-02-26</td><td style="display: none;"></td><td style="display: none;">Natural Selections</td><td style="display: none;"></td><td style="display: none;"></td><td style="display: none;"></td><td style="display: none;"></td><td style="display: none;"></td><td style="display: none;"><a class="recipeLink" href="/recipe_ingredient_search_results.php?query=(_QU5E__1__________1005__[]_1_1)">Recipes with deli, shaved meat</a></td></tr><tr role="row" class="even"><td tabindex="0"><i class="fas fa-hand-rock"></i></td><td class=" not_printable"><div class="addToGL" data-soscuisine-aisle="6" data-soscuisine-sip="3937729"><i class="fa fa-cart-plus" title="Add to My Grocery List"></i><div></div></div></td><td><img class="storeItemImage" itemprop="image" alt="duck, steaklets or breasts" src="/media/images/store_item/303.jpg"></td><td>duck, steaklets or breasts</td><td class="not_printable sorting_1">meat &amp; poultry</td><td><img style="width:50%;" src="/media/images/logos/marchands/1.png" alt="Metro"></td><td><span itemprop="price">$13.99</span><span itemprop="eligibleQuantity" itemscope="" itemtype="http://schema.org/QuantitativeValue">/<span itemprop="unitText">lb</span></span></td><td>$30.84/kg</td><td style="display: none;">2020-02-26</td><td style="display: none;">Quebec</td><td style="display: none;">Lac Brôme</td><td style="display: none;"></td><td style="display: none;">breast</td><td style="display: none;"></td><td style="display: none;">boneless</td><td style="display: none;">fresh, cryovac</td><td style="display: none;"><a class="recipeLink" href="/recipe_ingredient_search_results.php?query=(_QU5E__1__________303__[]_1_1)">Recipes with duck, steaklets or breasts</a></td></tr><tr role="row" class="odd"><td tabindex="0"><i class="fa fa-thumbs-up"></i></td><td class=" not_printable"><div class="addToGL" data-soscuisine-aisle="6" data-soscuisine-sip="3938221"><i class="fa fa-cart-plus" title="Add to My Grocery List"></i><div></div></div></td><td><img class="storeItemImage" itemprop="image" alt="duck, steaklets or breasts" src="/media/images/store_item/303.jpg"></td><td>duck, steaklets or breasts</td><td class="not_printable sorting_1">meat &amp; poultry</td><td><img style="width:50%;" src="/media/images/logos/marchands/2.png" alt="Provigo"></td><td><span itemprop="price">$10.99</span><span itemprop="eligibleQuantity" itemscope="" itemtype="http://schema.org/QuantitativeValue">/<span itemprop="unitText">lb</span></span></td><td>$24.23/kg</td><td style="display: none;">2020-02-26</td><td style="display: none;"></td><td style="display: none;">Lac Brôme</td><td style="display: none;"></td><td style="display: none;">breast</td><td style="display: none;"></td><td style="display: none;">boneless</td><td style="display: none;">fresh</td><td style="display: none;"><a class="recipeLink" href="/recipe_ingredient_search_results.php?query=(_QU5E__1__________303__[]_1_1)">Recipes with duck, steaklets or breasts</a></td></tr><tr role="row" class="even"><td tabindex="0"><i class="fa fa-thumbs-up"></i><i class="fa fa-thumbs-up"></i></td><td class=" not_printable"><div class="addToGL" data-soscuisine-aisle="6" data-soscuisine-sip="3937503"><i class="fa fa-cart-plus" title="Add to My Grocery List"></i><div></div></div></td><td><img class="storeItemImage" alt="ducks, whole" src="/media/images/store_item/blank.jpg"></td><td>ducks, whole</td><td class="not_printable sorting_1">meat &amp; poultry</td><td><img style="width:50%;" src="/media/images/logos/marchands/6.png" alt="Maxi"></td><td><span itemprop="price">$2.00</span><span itemprop="eligibleQuantity" itemscope="" itemtype="http://schema.org/QuantitativeValue">/<span itemprop="unitText">lb</span></span></td><td>$4.41/kg</td><td style="display: none;">2020-02-26</td><td style="display: none;"></td><td style="display: none;"></td><td style="display: none;"></td><td style="display: none;"></td><td style="display: none;">utility</td><td style="display: none;">frozen</td><td style="display: none;"></td><td style="display: none;"><a class="recipeLink" href="/recipe_ingredient_search_results.php?query=(_QU5E__1__________627__[]_1_1)">Recipes with ducks, whole</a></td></tr><tr role="row" class="odd"><td tabindex="0"><i class="fas fa-exclamation"></i></td><td class=" not_printable"><div class="addToGL" data-soscuisine-aisle="6" data-soscuisine-sip="3935939"><i class="fa fa-cart-plus" title="Add to My Grocery List"></i><div></div></div></td><td><img class="storeItemImage" itemprop="image" alt="lamb, shanks" src="/media/images/store_item/733.jpg"></td><td>lamb, shanks</td><td class="not_printable sorting_1">meat &amp; poultry</td><td><img style="width:50%;" src="/media/images/logos/marchands/62.png" alt="Supermarché PA"></td><td><span itemprop="price">$5.99</span><span itemprop="eligibleQuantity" itemscope="" itemtype="http://schema.org/QuantitativeValue">/<span itemprop="unitText">lb</span></span></td><td>$13.21/kg</td><td style="display: none;">2020-02-23</td><td style="display: none;">N. Zealand</td><td style="display: none;"></td><td style="display: none;"></td><td style="display: none;"></td><td style="display: none;"></td><td style="display: none;"></td><td style="display: none;"></td><td style="display: none;"><a class="recipeLink" href="/recipe_ingredient_search_results.php?query=(_QU5E__1__________733__[]_1_1)">Recipes with lamb, shanks</a></td></tr><tr role="row" class="even"><td tabindex="0"><i class="fas fa-exclamation"></i></td><td class=" not_printable"><div class="addToGL" data-soscuisine-aisle="6" data-soscuisine-sip="3939117"><i class="fa fa-cart-plus" title="Add to My Grocery List"></i><div></div></div></td><td><img class="storeItemImage" itemprop="image" alt="lamb, shoulder chop" src="/media/images/store_item/1019.jpg"></td><td>lamb, shoulder chop</td><td class="not_printable sorting_1">meat &amp; poultry</td><td><img style="width:50%;" src="/media/images/logos/marchands/63.png" alt="Marché Adonis"></td><td><span itemprop="price">$6.49</span><span itemprop="eligibleQuantity" itemscope="" itemtype="http://schema.org/QuantitativeValue">/<span itemprop="unitText">lb</span></span></td><td>$14.31/kg</td><td style="display: none;">2020-02-26</td><td style="display: none;"></td><td style="display: none;"></td><td style="display: none;"></td><td style="display: none;"></td><td style="display: none;"></td><td style="display: none;"></td><td style="display: none;"></td><td style="display: none;"></td></tr><tr role="row" class="odd"><td tabindex="0"><i class="fas fa-hand-rock"></i></td><td class=" not_printable"><div class="addToGL" data-soscuisine-aisle="6" data-soscuisine-sip="3939541"><i class="fa fa-cart-plus" title="Add to My Grocery List"></i><div></div></div></td><td><img class="storeItemImage" itemprop="image" alt="pork chops, boneless" src="/media/images/store_item/568.jpg"></td><td>pork chops, boneless</td><td class="not_printable sorting_1">meat &amp; poultry</td><td><img style="width:50%;" src="/media/images/logos/marchands/10.png" alt="Bonichoix"></td><td><span itemprop="price">$3.49</span><span itemprop="eligibleQuantity" itemscope="" itemtype="http://schema.org/QuantitativeValue">/<span itemprop="unitText">lb</span></span></td><td>$7.69/kg</td><td style="display: none;">2020-02-26</td><td style="display: none;">Quebec</td><td style="display: none;"></td><td style="display: none;"></td><td style="display: none;">loin</td><td style="display: none;">centre-cut</td><td style="display: none;">fresh, large pack</td><td style="display: none;"></td><td style="display: none;"><a class="recipeLink" href="/recipe_ingredient_search_results.php?query=(_QU5E__1__________568__[]_1_1)">Recipes with pork chops, boneless</a></td></tr><tr role="row" class="even"><td tabindex="0"><i class="fa fa-thumbs-down"></i></td><td class=" not_printable"><div class="addToGL" data-soscuisine-aisle="6" data-soscuisine-sip="3939383"><i class="fa fa-cart-plus" title="Add to My Grocery List"></i><div></div></div></td><td><img class="storeItemImage" itemprop="image" alt="pork chops, boneless" src="/media/images/store_item/568.jpg"></td><td>pork chops, boneless</td><td class="not_printable sorting_1">meat &amp; poultry</td><td><img style="width:50%;" src="/media/images/logos/marchands/3.png" alt="IGA"></td><td><span itemprop="price">$4.49</span><span itemprop="eligibleQuantity" itemscope="" itemtype="http://schema.org/QuantitativeValue">/<span itemprop="unitText">lb</span></span></td><td>$9.90/kg</td><td style="display: none;">2020-02-26</td><td style="display: none;">Quebec</td><td style="display: none;"></td><td style="display: none;"></td><td style="display: none;"></td><td style="display: none;">centre-cut</td><td style="display: none;">fresh, large pack</td><td style="display: none;"></td><td style="display: none;"><a class="recipeLink" href="/recipe_ingredient_search_results.php?query=(_QU5E__1__________568__[]_1_1)">Recipes with pork chops, boneless</a></td></tr><tr role="row" class="odd"><td tabindex="0"><i class="fas fa-hand-rock"></i></td><td class=" not_printable"><div class="addToGL" data-soscuisine-aisle="6" data-soscuisine-sip="3938593"><i class="fa fa-cart-plus" title="Add to My Grocery List"></i><div></div></div></td><td><img class="storeItemImage" itemprop="image" alt="pork chops, boneless" src="/media/images/store_item/568.jpg"></td><td>pork chops, boneless</td><td class="not_printable sorting_1">meat &amp; poultry</td><td><img style="width:50%;" src="/media/images/logos/marchands/69.png" alt="Intermarche (Provincial)"></td><td><span itemprop="price">$3.99</span><span itemprop="eligibleQuantity" itemscope="" itemtype="http://schema.org/QuantitativeValue">/<span itemprop="unitText">lb</span></span></td><td>$8.80/kg</td><td style="display: none;">2020-02-26</td><td style="display: none;"></td><td style="display: none;"></td><td style="display: none;"></td><td style="display: none;"></td><td style="display: none;"></td><td style="display: none;">large pack</td><td style="display: none;"></td><td style="display: none;"><a class="recipeLink" href="/recipe_ingredient_search_results.php?query=(_QU5E__1__________568__[]_1_1)">Recipes with pork chops, boneless</a></td></tr><tr role="row" class="even"><td tabindex="0"><i class="fa fa-thumbs-down"></i></td><td class=" not_printable"><div class="addToGL" data-soscuisine-aisle="6" data-soscuisine-sip="3937731"><i class="fa fa-cart-plus" title="Add to My Grocery List"></i><div></div></div></td><td><img class="storeItemImage" itemprop="image" alt="pork chops, boneless" src="/media/images/store_item/568.jpg"></td><td>pork chops, boneless</td><td class="not_printable sorting_1">meat &amp; poultry</td><td><img style="width:50%;" src="/media/images/logos/marchands/1.png" alt="Metro"></td><td><span itemprop="price">$4.99</span><span itemprop="eligibleQuantity" itemscope="" itemtype="http://schema.org/QuantitativeValue">/<span itemprop="unitText">lb</span></span></td><td>$11.00/kg</td><td style="display: none;">2020-02-26</td><td style="display: none;"></td><td style="display: none;"></td><td style="display: none;"></td><td style="display: none;">sirloin</td><td style="display: none;"></td><td style="display: none;">large pack</td><td style="display: none;"></td><td style="display: none;"><a class="recipeLink" href="/recipe_ingredient_search_results.php?query=(_QU5E__1__________568__[]_1_1)">Recipes with pork chops, boneless</a></td></tr><tr role="row" class="odd"><td tabindex="0"><i class="fa fa-thumbs-up"></i></td><td class=" not_printable"><div class="addToGL" data-soscuisine-aisle="6" data-soscuisine-sip="3938903"><i class="fa fa-cart-plus" title="Add to My Grocery List"></i><div></div></div></td><td><img class="storeItemImage" itemprop="image" alt="pork chops, boneless" src="/media/images/store_item/568.jpg"></td><td>pork chops, boneless</td><td class="not_printable sorting_1">meat &amp; poultry</td><td><img style="width:50%;" src="/media/images/logos/marchands/64.png" alt="Mourelatos"></td><td><span itemprop="price">$2.99</span><span itemprop="eligibleQuantity" itemscope="" itemtype="http://schema.org/QuantitativeValue">/<span itemprop="unitText">lb</span></span></td><td>$6.59/kg</td><td style="display: none;">2020-02-25</td><td style="display: none;"></td><td style="display: none;"></td><td style="display: none;"></td><td style="display: none;"></td><td style="display: none;"></td><td style="display: none;"></td><td style="display: none;"></td><td style="display: none;"><a class="recipeLink" href="/recipe_ingredient_search_results.php?query=(_QU5E__1__________568__[]_1_1)">Recipes with pork chops, boneless</a></td></tr><tr role="row" class="even"><td tabindex="0"><i class="fa fa-thumbs-up"></i></td><td class=" not_printable"><div class="addToGL" data-soscuisine-aisle="6" data-soscuisine-sip="3938059"><i class="fa fa-cart-plus" title="Add to My Grocery List"></i><div></div></div></td><td><img class="storeItemImage" itemprop="image" alt="pork chops, with bone" src="/media/images/store_item/243.jpg"></td><td>pork chops, with bone</td><td class="not_printable sorting_1">meat &amp; poultry</td><td><img style="width:50%;" src="/media/images/logos/marchands/7.png" alt="Intermarché (Saveurs intl.)"></td><td><span itemprop="price">$2.00</span><span itemprop="eligibleQuantity" itemscope="" itemtype="http://schema.org/QuantitativeValue">/<span itemprop="unitText">lb</span></span></td><td>$4.41/kg</td><td style="display: none;">2020-02-26</td><td style="display: none;"></td><td style="display: none;"></td><td style="display: none;"></td><td style="display: none;">loin</td><td style="display: none;">trio</td><td style="display: none;">fresh, large pack</td><td style="display: none;"></td><td style="display: none;"><a class="recipeLink" href="/recipe_ingredient_search_results.php?query=(_QU5E__1__________243__[]_1_1)">Recipes with pork chops, with bone</a></td></tr><tr role="row" class="odd"><td tabindex="0"><i class="fa fa-thumbs-up"></i></td><td class=" not_printable"><div class="addToGL" data-soscuisine-aisle="6" data-soscuisine-sip="3938121"><i class="fa fa-cart-plus" title="Add to My Grocery List"></i><div></div></div></td><td><img class="storeItemImage" itemprop="image" alt="pork chops, with bone" src="/media/images/store_item/243.jpg"></td><td>pork chops, with bone</td><td class="not_printable sorting_1">meat &amp; poultry</td><td><img style="width:50%;" src="/media/images/logos/marchands/7.png" alt="Intermarché (Saveurs intl.)"></td><td><span itemprop="price">$2.49</span><span itemprop="eligibleQuantity" itemscope="" itemtype="http://schema.org/QuantitativeValue">/<span itemprop="unitText">lb</span></span></td><td>$5.49/kg</td><td style="display: none;">2020-02-26</td><td style="display: none;"></td><td style="display: none;"></td><td style="display: none;"></td><td style="display: none;">loin</td><td style="display: none;">centre-cut</td><td style="display: none;">large pack</td><td style="display: none;"></td><td style="display: none;"><a class="recipeLink" href="/recipe_ingredient_search_results.php?query=(_QU5E__1__________243__[]_1_1)">Recipes with pork chops, with bone</a></td></tr><tr role="row" class="even"><td tabindex="0"><i class="fa fa-thumbs-up"></i></td><td class=" not_printable"><div class="addToGL" data-soscuisine-aisle="6" data-soscuisine-sip="3937429"><i class="fa fa-cart-plus" title="Add to My Grocery List"></i><div></div></div></td><td><img class="storeItemImage" itemprop="image" alt="pork chops, with bone" src="/media/images/store_item/243.jpg"></td><td>pork chops, with bone</td><td class="not_printable sorting_1">meat &amp; poultry</td><td><img style="width:50%;" src="/media/images/logos/marchands/6.png" alt="Maxi"></td><td><span itemprop="price">$2.00</span><span itemprop="eligibleQuantity" itemscope="" itemtype="http://schema.org/QuantitativeValue">/<span itemprop="unitText">lb</span></span></td><td>$4.41/kg</td><td style="display: none;">2020-02-26</td><td style="display: none;"></td><td style="display: none;"></td><td style="display: none;"></td><td style="display: none;">loin</td><td style="display: none;">combo</td><td style="display: none;">fresh, large pack</td><td style="display: none;"></td><td style="display: none;"><a class="recipeLink" href="/recipe_ingredient_search_results.php?query=(_QU5E__1__________243__[]_1_1)">Recipes with pork chops, with bone</a></td></tr><tr role="row" class="odd"><td tabindex="0"><i class="fa fa-thumbs-up"></i><i class="fa fa-thumbs-up"></i></td><td class=" not_printable"><div class="addToGL" data-soscuisine-aisle="6" data-soscuisine-sip="3940413"><i class="fa fa-cart-plus" title="Add to My Grocery List"></i><div></div></div></td><td><img class="storeItemImage" itemprop="image" alt="pork chops, with bone" src="/media/images/store_item/243.jpg"></td><td>pork chops, with bone</td><td class="not_printable sorting_1">meat &amp; poultry</td><td><img style="width:50%;" src="/media/images/logos/marchands/5.png" alt="Super C"></td><td><span itemprop="price">$1.88</span><span itemprop="eligibleQuantity" itemscope="" itemtype="http://schema.org/QuantitativeValue">/<span itemprop="unitText">lb</span></span></td><td>$4.14/kg</td><td style="display: none;">2020-02-26</td><td style="display: none;"></td><td style="display: none;"></td><td style="display: none;"></td><td style="display: none;"></td><td style="display: none;">duo</td><td style="display: none;">fresh, large pack</td><td style="display: none;"></td><td style="display: none;"><a class="recipeLink" href="/recipe_ingredient_search_results.php?query=(_QU5E__1__________243__[]_1_1)">Recipes with pork chops, with bone</a></td></tr><tr role="row" class="even"><td tabindex="0"><i class="fa fa-thumbs-down"></i></td><td class=" not_printable"><div class="addToGL" data-soscuisine-aisle="6" data-soscuisine-sip="3937707"><i class="fa fa-cart-plus" title="Add to My Grocery List"></i><div></div></div></td><td><img class="storeItemImage" alt="pork cubes for stewing" src="/media/images/store_item/blank.jpg"></td><td>pork cubes for stewing</td><td class="not_printable sorting_1">meat &amp; poultry</td><td><img style="width:50%;" src="/media/images/logos/marchands/1.png" alt="Metro"></td><td><span itemprop="price">$4.99</span><span itemprop="eligibleQuantity" itemscope="" itemtype="http://schema.org/QuantitativeValue">/<span itemprop="unitText">lb</span></span></td><td>$11.00/kg</td><td style="display: none;">2020-02-26</td><td style="display: none;"></td><td style="display: none;"></td><td style="display: none;"></td><td style="display: none;"></td><td style="display: none;"></td><td style="display: none;">fresh</td><td style="display: none;"></td><td style="display: none;"></td></tr><tr role="row" class="odd"><td tabindex="0"><i class="fa fa-thumbs-up"></i><i class="fa fa-thumbs-up"></i></td><td class=" not_printable"><div class="addToGL" data-soscuisine-aisle="6" data-soscuisine-sip="3938907"><i class="fa fa-cart-plus" title="Add to My Grocery List"></i><div></div></div></td><td><img class="storeItemImage" alt="pork cubes for stewing" src="/media/images/store_item/blank.jpg"></td><td>pork cubes for stewing</td><td class="not_printable sorting_1">meat &amp; poultry</td><td><img style="width:50%;" src="/media/images/logos/marchands/64.png" alt="Mourelatos"></td><td><span itemprop="price">$2.99</span><span itemprop="eligibleQuantity" itemscope="" itemtype="http://schema.org/QuantitativeValue">/<span itemprop="unitText">lb</span></span></td><td>$6.59/kg</td><td style="display: none;">2020-02-25</td><td style="display: none;"></td><td style="display: none;"></td><td style="display: none;"></td><td style="display: none;"></td><td style="display: none;"></td><td style="display: none;"></td><td style="display: none;"></td><td style="display: none;"></td></tr><tr role="row" class="even"><td tabindex="0"><i class="fas fa-hand-rock"></i></td><td class=" not_printable"><div class="addToGL" data-soscuisine-aisle="6" data-soscuisine-sip="3939583"><i class="fa fa-cart-plus" title="Add to My Grocery List"></i><div></div></div></td><td><img class="storeItemImage" alt="pork, ground" src="/media/images/store_item/blank.jpg"></td><td>pork, ground</td><td class="not_printable sorting_1">meat &amp; poultry</td><td><img style="width:50%;" src="/media/images/logos/marchands/10.png" alt="Bonichoix"></td><td><span itemprop="price">$2.99</span><span itemprop="eligibleQuantity" itemscope="" itemtype="http://schema.org/QuantitativeValue">/<span itemprop="unitText">lb</span></span></td><td>$6.59/kg</td><td style="display: none;">2020-02-26</td><td style="display: none;"></td><td style="display: none;"></td><td style="display: none;"></td><td style="display: none;"></td><td style="display: none;">lean</td><td style="display: none;">fresh or frozen parts, large pack</td><td style="display: none;"></td><td style="display: none;"><a class="recipeLink" href="/recipe_ingredient_search_results.php?query=(_QU5E__1__________629__[]_1_1)">Recipes with pork, ground</a></td></tr><tr role="row" class="odd"><td tabindex="0"><i class="fa fa-thumbs-down"></i></td><td class=" not_printable"><div class="addToGL" data-soscuisine-aisle="6" data-soscuisine-sip="3938229"><i class="fa fa-cart-plus" title="Add to My Grocery List"></i><div></div></div></td><td><img class="storeItemImage" alt="pork, ground" src="/media/images/store_item/blank.jpg"></td><td>pork, ground</td><td class="not_printable sorting_1">meat &amp; poultry</td><td><img style="width:50%;" src="/media/images/logos/marchands/2.png" alt="Provigo"></td><td><span itemprop="price">$3.49</span><span itemprop="eligibleQuantity" itemscope="" itemtype="http://schema.org/QuantitativeValue">/<span itemprop="unitText">lb</span></span></td><td>$7.69/kg</td><td style="display: none;">2020-02-26</td><td style="display: none;"></td><td style="display: none;"></td><td style="display: none;"></td><td style="display: none;"></td><td style="display: none;">medium lean</td><td style="display: none;"></td><td style="display: none;"></td><td style="display: none;"><a class="recipeLink" href="/recipe_ingredient_search_results.php?query=(_QU5E__1__________629__[]_1_1)">Recipes with pork, ground</a></td></tr><tr role="row" class="even"><td tabindex="0"><i class="fas fa-hand-rock"></i></td><td class=" not_printable"><div class="addToGL" data-soscuisine-aisle="6" data-soscuisine-sip="3940825"><i class="fa fa-cart-plus" title="Add to My Grocery List"></i><div></div></div></td><td><img class="storeItemImage" alt="pork, ground" src="/media/images/store_item/blank.jpg"></td><td>pork, ground</td><td class="not_printable sorting_1">meat &amp; poultry</td><td><img style="width:50%;" src="/media/images/logos/marchands/11.png" alt="Tradition"></td><td><span itemprop="price">$2.99</span><span itemprop="eligibleQuantity" itemscope="" itemtype="http://schema.org/QuantitativeValue">/<span itemprop="unitText">lb</span></span></td><td>$6.59/kg</td><td style="display: none;">2020-02-26</td><td style="display: none;"></td><td style="display: none;"></td><td style="display: none;"></td><td style="display: none;"></td><td style="display: none;">lean</td><td style="display: none;">fresh or frozen parts, large pack</td><td style="display: none;"></td><td style="display: none;"><a class="recipeLink" href="/recipe_ingredient_search_results.php?query=(_QU5E__1__________629__[]_1_1)">Recipes with pork, ground</a></td></tr><tr role="row" class="odd"><td tabindex="0"><i class="fa fa-thumbs-down"></i></td><td class=" not_printable"><div class="addToGL" data-soscuisine-aisle="6" data-soscuisine-sip="3940677"><i class="fa fa-cart-plus" title="Add to My Grocery List"></i><div></div></div></td><td><img class="storeItemImage" alt="pork, leg" src="/media/images/store_item/blank.jpg"></td><td>pork, leg</td><td class="not_printable sorting_1">meat &amp; poultry</td><td><img style="width:50%;" src="/media/images/logos/marchands/11.png" alt="Tradition"></td><td><span itemprop="price">$2.79</span><span itemprop="eligibleQuantity" itemscope="" itemtype="http://schema.org/QuantitativeValue">/<span itemprop="unitText">lb</span></span></td><td>$6.15/kg</td><td style="display: none;">2020-02-26</td><td style="display: none;">Quebec</td><td style="display: none;"></td><td style="display: none;"></td><td style="display: none;"></td><td style="display: none;"></td><td style="display: none;">fresh</td><td style="display: none;">half ham, or roast</td><td style="display: none;"></td></tr><tr role="row" class="even"><td tabindex="0"><i class="fa fa-thumbs-up"></i><i class="fa fa-thumbs-up"></i></td><td class=" not_printable"><div class="addToGL" data-soscuisine-aisle="6" data-soscuisine-sip="3937967"><i class="fa fa-cart-plus" title="Add to My Grocery List"></i><div></div></div></td><td><img class="storeItemImage" itemprop="image" alt="pork, loin, boneless" src="/media/images/store_item/845.jpg"></td><td>pork, loin, boneless</td><td class="not_printable sorting_1">meat &amp; poultry</td><td><img style="width:50%;" src="/media/images/logos/marchands/2.png" alt="Provigo"></td><td><span itemprop="price">$1.99</span><span itemprop="eligibleQuantity" itemscope="" itemtype="http://schema.org/QuantitativeValue">/<span itemprop="unitText">lb</span></span></td><td>$4.39/kg</td><td style="display: none;">2020-02-26</td><td style="display: none;"></td><td style="display: none;"></td><td style="display: none;">half</td><td style="display: none;"></td><td style="display: none;"></td><td style="display: none;"></td><td style="display: none;">sirloin or rib end, cryovac</td><td style="display: none;"><a class="recipeLink" href="/recipe_ingredient_search_results.php?query=(_QU5E__1__________845__[]_1_1)">Recipes with pork, loin, boneless</a></td></tr><tr role="row" class="odd"><td tabindex="0"><i class="fas fa-hand-rock"></i></td><td class=" not_printable"><div class="addToGL" data-soscuisine-aisle="6" data-soscuisine-sip="3939543"><i class="fa fa-cart-plus" title="Add to My Grocery List"></i><div></div></div></td><td><img class="storeItemImage" itemprop="image" alt="pork, roast, boneless" src="/media/images/store_item/359.jpg"></td><td>pork, roast, boneless</td><td class="not_printable sorting_1">meat &amp; poultry</td><td><img style="width:50%;" src="/media/images/logos/marchands/10.png" alt="Bonichoix"></td><td><span itemprop="price">$3.49</span><span itemprop="eligibleQuantity" itemscope="" itemtype="http://schema.org/QuantitativeValue">/<span itemprop="unitText">lb</span></span></td><td>$7.69/kg</td><td style="display: none;">2020-02-26</td><td style="display: none;">Quebec</td><td style="display: none;"></td><td style="display: none;"></td><td style="display: none;">loin</td><td style="display: none;">centre-cut</td><td style="display: none;">fresh, large pack</td><td style="display: none;"></td><td style="display: none;"><a class="recipeLink" href="/recipe_ingredient_search_results.php?query=(_QU5E__1__________359__[]_1_1)">Recipes with pork, roast, boneless</a></td></tr><tr role="row" class="even"><td tabindex="0"><i class="fas fa-hand-rock"></i></td><td class=" not_printable"><div class="addToGL" data-soscuisine-aisle="6" data-soscuisine-sip="3938595"><i class="fa fa-cart-plus" title="Add to My Grocery List"></i><div></div></div></td><td><img class="storeItemImage" itemprop="image" alt="pork, roast, boneless" src="/media/images/store_item/359.jpg"></td><td>pork, roast, boneless</td><td class="not_printable sorting_1">meat &amp; poultry</td><td><img style="width:50%;" src="/media/images/logos/marchands/69.png" alt="Intermarche (Provincial)"></td><td><span itemprop="price">$3.99</span><span itemprop="eligibleQuantity" itemscope="" itemtype="http://schema.org/QuantitativeValue">/<span itemprop="unitText">lb</span></span></td><td>$8.80/kg</td><td style="display: none;">2020-02-26</td><td style="display: none;"></td><td style="display: none;"></td><td style="display: none;"></td><td style="display: none;"></td><td style="display: none;"></td><td style="display: none;">large pack</td><td style="display: none;"></td><td style="display: none;"><a class="recipeLink" href="/recipe_ingredient_search_results.php?query=(_QU5E__1__________359__[]_1_1)">Recipes with pork, roast, boneless</a></td></tr><tr role="row" class="odd"><td tabindex="0"><i class="fas fa-hand-rock"></i></td><td class=" not_printable"><div class="addToGL" data-soscuisine-aisle="6" data-soscuisine-sip="3937717"><i class="fa fa-cart-plus" title="Add to My Grocery List"></i><div></div></div></td><td><img class="storeItemImage" itemprop="image" alt="pork, roast, boneless" src="/media/images/store_item/359.jpg"></td><td>pork, roast, boneless</td><td class="not_printable sorting_1">meat &amp; poultry</td><td><img style="width:50%;" src="/media/images/logos/marchands/1.png" alt="Metro"></td><td><span itemprop="price">$3.99</span><span itemprop="eligibleQuantity" itemscope="" itemtype="http://schema.org/QuantitativeValue">/<span itemprop="unitText">lb</span></span></td><td>$8.80/kg</td><td style="display: none;">2020-02-26</td><td style="display: none;"></td><td style="display: none;"></td><td style="display: none;"></td><td style="display: none;">sirloin end</td><td style="display: none;"></td><td style="display: none;"></td><td style="display: none;"></td><td style="display: none;"><a class="recipeLink" href="/recipe_ingredient_search_results.php?query=(_QU5E__1__________359__[]_1_1)">Recipes with pork, roast, boneless</a></td></tr><tr role="row" class="even"><td tabindex="0"><i class="fas fa-hand-rock"></i></td><td class=" not_printable"><div class="addToGL" data-soscuisine-aisle="6" data-soscuisine-sip="3940867"><i class="fa fa-cart-plus" title="Add to My Grocery List"></i><div></div></div></td><td><img class="storeItemImage" itemprop="image" alt="pork, roast, boneless" src="/media/images/store_item/359.jpg"></td><td>pork, roast, boneless</td><td class="not_printable sorting_1">meat &amp; poultry</td><td><img style="width:50%;" src="/media/images/logos/marchands/12.png" alt="Richelieu"></td><td><span itemprop="price">$3.99</span><span itemprop="eligibleQuantity" itemscope="" itemtype="http://schema.org/QuantitativeValue">/<span itemprop="unitText">lb</span></span></td><td>$8.80/kg</td><td style="display: none;">2020-02-26</td><td style="display: none;"></td><td style="display: none;"></td><td style="display: none;"></td><td style="display: none;">loin</td><td style="display: none;">centre-cut</td><td style="display: none;">fresh</td><td style="display: none;"></td><td style="display: none;"><a class="recipeLink" href="/recipe_ingredient_search_results.php?query=(_QU5E__1__________359__[]_1_1)">Recipes with pork, roast, boneless</a></td></tr><tr role="row" class="odd"><td tabindex="0"><i class="fa fa-thumbs-up"></i></td><td class=" not_printable"><div class="addToGL" data-soscuisine-aisle="6" data-soscuisine-sip="3940573"><i class="fa fa-cart-plus" title="Add to My Grocery List"></i><div></div></div></td><td><img class="storeItemImage" itemprop="image" alt="pork, roast, boneless" src="/media/images/store_item/359.jpg"></td><td>pork, roast, boneless</td><td class="not_printable sorting_1">meat &amp; poultry</td><td><img style="width:50%;" src="/media/images/logos/marchands/5.png" alt="Super C"></td><td><span itemprop="price">$2.99</span><span itemprop="eligibleQuantity" itemscope="" itemtype="http://schema.org/QuantitativeValue">/<span itemprop="unitText">lb</span></span></td><td>$6.59/kg</td><td style="display: none;">2020-02-26</td><td style="display: none;"></td><td style="display: none;"></td><td style="display: none;"></td><td style="display: none;">loin</td><td style="display: none;"></td><td style="display: none;">fresh</td><td style="display: none;"></td><td style="display: none;"><a class="recipeLink" href="/recipe_ingredient_search_results.php?query=(_QU5E__1__________359__[]_1_1)">Recipes with pork, roast, boneless</a></td></tr><tr role="row" class="even"><td tabindex="0"><i class="fas fa-hand-rock"></i></td><td class=" not_printable"><div class="addToGL" data-soscuisine-aisle="6" data-soscuisine-sip="3939593"><i class="fa fa-cart-plus" title="Add to My Grocery List"></i><div></div></div></td><td><img class="storeItemImage" alt="pork, shanks" src="/media/images/store_item/blank.jpg"></td><td>pork, shanks</td><td class="not_printable sorting_1">meat &amp; poultry</td><td><img style="width:50%;" src="/media/images/logos/marchands/10.png" alt="Bonichoix"></td><td><span itemprop="price">$2.69</span><span itemprop="eligibleQuantity" itemscope="" itemtype="http://schema.org/QuantitativeValue">/<span itemprop="unitText">lb</span></span></td><td>$5.93/kg</td><td style="display: none;">2020-02-26</td><td style="display: none;">Quebec</td><td style="display: none;"></td><td style="display: none;"></td><td style="display: none;"></td><td style="display: none;"></td><td style="display: none;">fresh</td><td style="display: none;"></td><td style="display: none;"><a class="recipeLink" href="/recipe_ingredient_search_results.php?query=(_QU5E__1__________729__[]_1_1)">Recipes with pork, shanks</a></td></tr><tr role="row" class="odd"><td tabindex="0"><i class="fa fa-thumbs-up"></i></td><td class=" not_printable"><div class="addToGL" data-soscuisine-aisle="6" data-soscuisine-sip="3935937"><i class="fa fa-cart-plus" title="Add to My Grocery List"></i><div></div></div></td><td><img class="storeItemImage" itemprop="image" alt="pork, shoulder roast" src="/media/images/store_item/547.jpg"></td><td>pork, shoulder roast</td><td class="not_printable sorting_1">meat &amp; poultry</td><td><img style="width:50%;" src="/media/images/logos/marchands/62.png" alt="Supermarché PA"></td><td><span itemprop="price">$1.99</span><span itemprop="eligibleQuantity" itemscope="" itemtype="http://schema.org/QuantitativeValue">/<span itemprop="unitText">lb</span></span></td><td>$4.39/kg</td><td style="display: none;">2020-02-23</td><td style="display: none;">Quebec</td><td style="display: none;"></td><td style="display: none;"></td><td style="display: none;"></td><td style="display: none;"></td><td style="display: none;">fresh</td><td style="display: none;"></td><td style="display: none;"><a class="recipeLink" href="/recipe_ingredient_search_results.php?query=(_QU5E__1__________547__[]_1_1)">Recipes with pork, shoulder roast</a></td></tr><tr role="row" class="even"><td tabindex="0"><i class="fas fa-hand-rock"></i></td><td class=" not_printable"><div class="addToGL" data-soscuisine-aisle="6" data-soscuisine-sip="3939595"><i class="fa fa-cart-plus" title="Add to My Grocery List"></i><div></div></div></td><td><img class="storeItemImage" itemprop="image" alt="pork, smoked ham" src="/media/images/store_item/669.jpg"></td><td>pork, smoked ham</td><td class="not_printable sorting_1">meat &amp; poultry</td><td><img style="width:50%;" src="/media/images/logos/marchands/10.png" alt="Bonichoix"></td><td><span itemprop="price">$4.49</span><span itemprop="eligibleQuantity" itemscope="" itemtype="http://schema.org/QuantitativeValue">/<span itemprop="unitText">lb</span></span></td><td>$9.90/kg</td><td style="display: none;">2020-02-26</td><td style="display: none;"></td><td style="display: none;">Lafleur</td><td style="display: none;">quarter</td><td style="display: none;"></td><td style="display: none;"></td><td style="display: none;">boneless</td><td style="display: none;"></td><td style="display: none;"><a class="recipeLink" href="/recipe_ingredient_search_results.php?query=(_QU5E__1__________669__[]_1_1)">Recipes with pork, smoked ham</a></td></tr><tr role="row" class="odd"><td tabindex="0"><i class="fas fa-hand-rock"></i></td><td class=" not_printable"><div class="addToGL" data-soscuisine-aisle="6" data-soscuisine-sip="3939611"><i class="fa fa-cart-plus" title="Add to My Grocery List"></i><div></div></div></td><td><img class="storeItemImage" itemprop="image" alt="pork, smoked ham" src="/media/images/store_item/669.jpg"></td><td>pork, smoked ham</td><td class="not_printable sorting_1">meat &amp; poultry</td><td><img style="width:50%;" src="/media/images/logos/marchands/10.png" alt="Bonichoix"></td><td><span itemprop="price">$8.99</span><span itemprop="eligibleQuantity" itemscope="" itemtype="http://schema.org/QuantitativeValue">/<span itemprop="unitText">750g</span></span></td><td>$11.99/kg</td><td style="display: none;">2020-02-26</td><td style="display: none;"></td><td style="display: none;">Gaspesien</td><td style="display: none;">quarter</td><td style="display: none;">Toupie style</td><td style="display: none;"></td><td style="display: none;">boneless</td><td style="display: none;"></td><td style="display: none;"><a class="recipeLink" href="/recipe_ingredient_search_results.php?query=(_QU5E__1__________669__[]_1_1)">Recipes with pork, smoked ham</a></td></tr><tr role="row" class="even"><td tabindex="0"><i class="fa fa-thumbs-down"></i></td><td class=" not_printable"><div class="addToGL" data-soscuisine-aisle="6" data-soscuisine-sip="3939447"><i class="fa fa-cart-plus" title="Add to My Grocery List"></i><div></div></div></td><td><img class="storeItemImage" itemprop="image" alt="pork, smoked ham" src="/media/images/store_item/669.jpg"></td><td>pork, smoked ham</td><td class="not_printable sorting_1">meat &amp; poultry</td><td><img style="width:50%;" src="/media/images/logos/marchands/3.png" alt="IGA"></td><td><span itemprop="price">$8.99</span><span itemprop="eligibleQuantity" itemscope="" itemtype="http://schema.org/QuantitativeValue">/<span itemprop="unitText">550g</span></span></td><td>$16.35/kg</td><td style="display: none;">2020-02-26</td><td style="display: none;"></td><td style="display: none;">Lafleur</td><td style="display: none;"></td><td style="display: none;"></td><td style="display: none;"></td><td style="display: none;"></td><td style="display: none;"></td><td style="display: none;"><a class="recipeLink" href="/recipe_ingredient_search_results.php?query=(_QU5E__1__________669__[]_1_1)">Recipes with pork, smoked ham</a></td></tr><tr role="row" class="odd"><td tabindex="0"><i class="fa fa-thumbs-down"></i></td><td class=" not_printable"><div class="addToGL" data-soscuisine-aisle="6" data-soscuisine-sip="3938611"><i class="fa fa-cart-plus" title="Add to My Grocery List"></i><div></div></div></td><td><img class="storeItemImage" itemprop="image" alt="pork, smoked ham" src="/media/images/store_item/669.jpg"></td><td>pork, smoked ham</td><td class="not_printable sorting_1">meat &amp; poultry</td><td><img style="width:50%;" src="/media/images/logos/marchands/69.png" alt="Intermarche (Provincial)"></td><td><span itemprop="price">$9.99</span><span itemprop="eligibleQuantity" itemscope="" itemtype="http://schema.org/QuantitativeValue">/<span itemprop="unitText">600g</span></span></td><td>$16.65/kg</td><td style="display: none;">2020-02-26</td><td style="display: none;"></td><td style="display: none;">Maple Leaf</td><td style="display: none;"></td><td style="display: none;"></td><td style="display: none;"></td><td style="display: none;"></td><td style="display: none;"></td><td style="display: none;"><a class="recipeLink" href="/recipe_ingredient_search_results.php?query=(_QU5E__1__________669__[]_1_1)">Recipes with pork, smoked ham</a></td></tr><tr role="row" class="even"><td tabindex="0"><i class="fa fa-thumbs-down"></i></td><td class=" not_printable"><div class="addToGL" data-soscuisine-aisle="6" data-soscuisine-sip="3938131"><i class="fa fa-cart-plus" title="Add to My Grocery List"></i><div></div></div></td><td><img class="storeItemImage" itemprop="image" alt="pork, smoked ham" src="/media/images/store_item/669.jpg"></td><td>pork, smoked ham</td><td class="not_printable sorting_1">meat &amp; poultry</td><td><img style="width:50%;" src="/media/images/logos/marchands/7.png" alt="Intermarché (Saveurs intl.)"></td><td><span itemprop="price">$9.99</span><span itemprop="eligibleQuantity" itemscope="" itemtype="http://schema.org/QuantitativeValue">/<span itemprop="unitText">600g</span></span></td><td>$16.65/kg</td><td style="display: none;">2020-02-26</td><td style="display: none;"></td><td style="display: none;">Maple Leaf</td><td style="display: none;"></td><td style="display: none;"></td><td style="display: none;"></td><td style="display: none;"></td><td style="display: none;"></td><td style="display: none;"><a class="recipeLink" href="/recipe_ingredient_search_results.php?query=(_QU5E__1__________669__[]_1_1)">Recipes with pork, smoked ham</a></td></tr><tr role="row" class="odd"><td tabindex="0"><i class="fas fa-hand-rock"></i></td><td class=" not_printable"><div class="addToGL" data-soscuisine-aisle="6" data-soscuisine-sip="3937721"><i class="fa fa-cart-plus" title="Add to My Grocery List"></i><div></div></div></td><td><img class="storeItemImage" itemprop="image" alt="pork, smoked ham" src="/media/images/store_item/669.jpg"></td><td>pork, smoked ham</td><td class="not_printable sorting_1">meat &amp; poultry</td><td><img style="width:50%;" src="/media/images/logos/marchands/1.png" alt="Metro"></td><td><span itemprop="price">$4.49</span><span itemprop="eligibleQuantity" itemscope="" itemtype="http://schema.org/QuantitativeValue">/<span itemprop="unitText">lb</span></span></td><td>$9.90/kg</td><td style="display: none;">2020-02-26</td><td style="display: none;"></td><td style="display: none;">house brand</td><td style="display: none;">half</td><td style="display: none;"></td><td style="display: none;"></td><td style="display: none;">boneless</td><td style="display: none;"></td><td style="display: none;"><a class="recipeLink" href="/recipe_ingredient_search_results.php?query=(_QU5E__1__________669__[]_1_1)">Recipes with pork, smoked ham</a></td></tr><tr role="row" class="even"><td tabindex="0"><i class="fa fa-thumbs-up"></i></td><td class=" not_printable"><div class="addToGL" data-soscuisine-aisle="6" data-soscuisine-sip="3940407"><i class="fa fa-cart-plus" title="Add to My Grocery List"></i><div></div></div></td><td><img class="storeItemImage" itemprop="image" alt="pork, smoked ham" src="/media/images/store_item/669.jpg"></td><td>pork, smoked ham</td><td class="not_printable sorting_1">meat &amp; poultry</td><td><img style="width:50%;" src="/media/images/logos/marchands/5.png" alt="Super C"></td><td><span itemprop="price">$5.77</span><span itemprop="eligibleQuantity" itemscope="" itemtype="http://schema.org/QuantitativeValue">/<span itemprop="unitText">675g</span></span></td><td>$8.55/kg</td><td style="display: none;">2020-02-26</td><td style="display: none;"></td><td style="display: none;">Le Petit Charcutier</td><td style="display: none;"></td><td style="display: none;"></td><td style="display: none;">extra-lean</td><td style="display: none;"></td><td style="display: none;"></td><td style="display: none;"><a class="recipeLink" href="/recipe_ingredient_search_results.php?query=(_QU5E__1__________669__[]_1_1)">Recipes with pork, smoked ham</a></td></tr><tr role="row" class="odd"><td tabindex="0"><i class="fas fa-hand-rock"></i></td><td class=" not_printable"><div class="addToGL" data-soscuisine-aisle="6" data-soscuisine-sip="3940795"><i class="fa fa-cart-plus" title="Add to My Grocery List"></i><div></div></div></td><td><img class="storeItemImage" itemprop="image" alt="pork, smoked ham" src="/media/images/store_item/669.jpg"></td><td>pork, smoked ham</td><td class="not_printable sorting_1">meat &amp; poultry</td><td><img style="width:50%;" src="/media/images/logos/marchands/5.png" alt="Super C"></td><td><span itemprop="price">$4.49</span><span itemprop="eligibleQuantity" itemscope="" itemtype="http://schema.org/QuantitativeValue">/<span itemprop="unitText">lb</span></span></td><td>$9.90/kg</td><td style="display: none;">2020-04-08</td><td style="display: none;"></td><td style="display: none;">house brand</td><td style="display: none;"></td><td style="display: none;"></td><td style="display: none;"></td><td style="display: none;"></td><td style="display: none;">valid from February 20 to April 8</td><td style="display: none;"><a class="recipeLink" href="/recipe_ingredient_search_results.php?query=(_QU5E__1__________669__[]_1_1)">Recipes with pork, smoked ham</a></td></tr><tr role="row" class="even"><td tabindex="0"><i class="fas fa-hand-rock"></i></td><td class=" not_printable"><div class="addToGL" data-soscuisine-aisle="6" data-soscuisine-sip="3940803"><i class="fa fa-cart-plus" title="Add to My Grocery List"></i><div></div></div></td><td><img class="storeItemImage" itemprop="image" alt="pork, smoked ham" src="/media/images/store_item/669.jpg"></td><td>pork, smoked ham</td><td class="not_printable sorting_1">meat &amp; poultry</td><td><img style="width:50%;" src="/media/images/logos/marchands/5.png" alt="Super C"></td><td><span itemprop="price">$8.99</span><span itemprop="eligibleQuantity" itemscope="" itemtype="http://schema.org/QuantitativeValue">/<span itemprop="unitText">675g</span></span></td><td>$13.32/kg</td><td style="display: none;">2020-04-08</td><td style="display: none;"></td><td style="display: none;">Le Petit Charcutier</td><td style="display: none;"></td><td style="display: none;"></td><td style="display: none;"></td><td style="display: none;"></td><td style="display: none;">valid from February 20 to April 8</td><td style="display: none;"><a class="recipeLink" href="/recipe_ingredient_search_results.php?query=(_QU5E__1__________669__[]_1_1)">Recipes with pork, smoked ham</a></td></tr><tr role="row" class="odd"><td tabindex="0"><i class="fa fa-thumbs-down"></i></td><td class=" not_printable"><div class="addToGL" data-soscuisine-aisle="6" data-soscuisine-sip="3939387"><i class="fa fa-cart-plus" title="Add to My Grocery List"></i><div></div></div></td><td><img class="storeItemImage" itemprop="image" alt="pork, spareribs" src="/media/images/store_item/253.jpg"></td><td>pork, spareribs</td><td class="not_printable sorting_1">meat &amp; poultry</td><td><img style="width:50%;" src="/media/images/logos/marchands/3.png" alt="IGA"></td><td><span itemprop="price">$5.99</span><span itemprop="eligibleQuantity" itemscope="" itemtype="http://schema.org/QuantitativeValue">/<span itemprop="unitText">lb</span></span></td><td>$13.21/kg</td><td style="display: none;">2020-02-26</td><td style="display: none;">Quebec</td><td style="display: none;"></td><td style="display: none;"></td><td style="display: none;">back</td><td style="display: none;"></td><td style="display: none;">fresh</td><td style="display: none;"></td><td style="display: none;"><a class="recipeLink" href="/recipe_ingredient_search_results.php?query=(_QU5E__1__________253__[]_1_1)">Recipes with pork, spareribs</a></td></tr><tr role="row" class="even"><td tabindex="0"><i class="fas fa-hand-rock"></i></td><td class=" not_printable"><div class="addToGL" data-soscuisine-aisle="6" data-soscuisine-sip="3938563"><i class="fa fa-cart-plus" title="Add to My Grocery List"></i><div></div></div></td><td><img class="storeItemImage" itemprop="image" alt="pork, spareribs" src="/media/images/store_item/253.jpg"></td><td>pork, spareribs</td><td class="not_printable sorting_1">meat &amp; poultry</td><td><img style="width:50%;" src="/media/images/logos/marchands/69.png" alt="Intermarche (Provincial)"></td><td><span itemprop="price">$4.00</span><span itemprop="eligibleQuantity" itemscope="" itemtype="http://schema.org/QuantitativeValue">/<span itemprop="unitText">lb</span></span></td><td>$8.82/kg</td><td style="display: none;">2020-02-26</td><td style="display: none;"></td><td style="display: none;"></td><td style="display: none;"></td><td style="display: none;">back</td><td style="display: none;"></td><td style="display: none;">fresh</td><td style="display: none;"></td><td style="display: none;"><a class="recipeLink" href="/recipe_ingredient_search_results.php?query=(_QU5E__1__________253__[]_1_1)">Recipes with pork, spareribs</a></td></tr><tr role="row" class="odd"><td tabindex="0"><i class="fa fa-thumbs-up"></i></td><td class=" not_printable"><div class="addToGL" data-soscuisine-aisle="6" data-soscuisine-sip="3938905"><i class="fa fa-cart-plus" title="Add to My Grocery List"></i><div></div></div></td><td><img class="storeItemImage" itemprop="image" alt="pork, spareribs" src="/media/images/store_item/253.jpg"></td><td>pork, spareribs</td><td class="not_printable sorting_1">meat &amp; poultry</td><td><img style="width:50%;" src="/media/images/logos/marchands/64.png" alt="Mourelatos"></td><td><span itemprop="price">$3.49</span><span itemprop="eligibleQuantity" itemscope="" itemtype="http://schema.org/QuantitativeValue">/<span itemprop="unitText">lb</span></span></td><td>$7.69/kg</td><td style="display: none;">2020-02-25</td><td style="display: none;"></td><td style="display: none;"></td><td style="display: none;"></td><td style="display: none;"></td><td style="display: none;"></td><td style="display: none;"></td><td style="display: none;"></td><td style="display: none;"><a class="recipeLink" href="/recipe_ingredient_search_results.php?query=(_QU5E__1__________253__[]_1_1)">Recipes with pork, spareribs</a></td></tr><tr role="row" class="even"><td tabindex="0"><i class="fa fa-thumbs-up"></i><i class="fa fa-thumbs-up"></i></td><td class=" not_printable"><div class="addToGL" data-soscuisine-aisle="6" data-soscuisine-sip="3937971"><i class="fa fa-cart-plus" title="Add to My Grocery List"></i><div></div></div></td><td><img class="storeItemImage" itemprop="image" alt="pork, spareribs" src="/media/images/store_item/253.jpg"></td><td>pork, spareribs</td><td class="not_printable sorting_1">meat &amp; poultry</td><td><img style="width:50%;" src="/media/images/logos/marchands/2.png" alt="Provigo"></td><td><span itemprop="price">$1.99</span><span itemprop="eligibleQuantity" itemscope="" itemtype="http://schema.org/QuantitativeValue">/<span itemprop="unitText">lb</span></span></td><td>$4.39/kg</td><td style="display: none;">2020-02-26</td><td style="display: none;"></td><td style="display: none;"></td><td style="display: none;"></td><td style="display: none;">side</td><td style="display: none;"></td><td style="display: none;"></td><td style="display: none;"></td><td style="display: none;"><a class="recipeLink" href="/recipe_ingredient_search_results.php?query=(_QU5E__1__________253__[]_1_1)">Recipes with pork, spareribs</a></td></tr><tr role="row" class="odd"><td tabindex="0"><i class="fa fa-thumbs-down"></i></td><td class=" not_printable"><div class="addToGL" data-soscuisine-aisle="6" data-soscuisine-sip="3940875"><i class="fa fa-cart-plus" title="Add to My Grocery List"></i><div></div></div></td><td><img class="storeItemImage" itemprop="image" alt="pork, spareribs" src="/media/images/store_item/253.jpg"></td><td>pork, spareribs</td><td class="not_printable sorting_1">meat &amp; poultry</td><td><img style="width:50%;" src="/media/images/logos/marchands/12.png" alt="Richelieu"></td><td><span itemprop="price">$5.99</span><span itemprop="eligibleQuantity" itemscope="" itemtype="http://schema.org/QuantitativeValue">/<span itemprop="unitText">lb</span></span></td><td>$13.21/kg</td><td style="display: none;">2020-02-26</td><td style="display: none;"></td><td style="display: none;"></td><td style="display: none;"></td><td style="display: none;">back</td><td style="display: none;"></td><td style="display: none;">fresh</td><td style="display: none;"></td><td style="display: none;"><a class="recipeLink" href="/recipe_ingredient_search_results.php?query=(_QU5E__1__________253__[]_1_1)">Recipes with pork, spareribs</a></td></tr><tr role="row" class="even"><td tabindex="0"><i class="fa fa-thumbs-up"></i><i class="fa fa-thumbs-up"></i></td><td class=" not_printable"><div class="addToGL" data-soscuisine-aisle="6" data-soscuisine-sip="3938603"><i class="fa fa-cart-plus" title="Add to My Grocery List"></i><div></div></div></td><td><img class="storeItemImage" alt="pork, strips" src="/media/images/store_item/blank.jpg"></td><td>pork, strips</td><td class="not_printable sorting_1">meat &amp; poultry</td><td><img style="width:50%;" src="/media/images/logos/marchands/69.png" alt="Intermarche (Provincial)"></td><td><span itemprop="price">$5.99</span><span itemprop="eligibleQuantity" itemscope="" itemtype="http://schema.org/QuantitativeValue">/<span itemprop="unitText">lb</span></span></td><td>$13.21/kg</td><td style="display: none;">2020-02-26</td><td style="display: none;"></td><td style="display: none;"></td><td style="display: none;"></td><td style="display: none;"></td><td style="display: none;"></td><td style="display: none;">large pack</td><td style="display: none;"></td><td style="display: none;"><a class="recipeLink" href="/recipe_ingredient_search_results.php?query=(_QU5E__1__________462__[]_1_1)">Recipes with pork, strips</a></td></tr><tr role="row" class="odd"><td tabindex="0"><i class="fas fa-hand-rock"></i></td><td class=" not_printable"><div class="addToGL" data-soscuisine-aisle="6" data-soscuisine-sip="3939129"><i class="fa fa-cart-plus" title="Add to My Grocery List"></i><div></div></div></td><td><img class="storeItemImage" itemprop="image" alt="pork, tenderloins" src="/media/images/store_item/255.jpg"></td><td>pork, tenderloins</td><td class="not_printable sorting_1">meat &amp; poultry</td><td><img style="width:50%;" src="/media/images/logos/marchands/63.png" alt="Marché Adonis"></td><td><span itemprop="price">$3.99</span><span itemprop="eligibleQuantity" itemscope="" itemtype="http://schema.org/QuantitativeValue">/<span itemprop="unitText">lb</span></span></td><td>$8.80/kg</td><td style="display: none;">2020-02-26</td><td style="display: none;"></td><td style="display: none;"></td><td style="display: none;"></td><td style="display: none;"></td><td style="display: none;"></td><td style="display: none;">fresh</td><td style="display: none;"></td><td style="display: none;"><a class="recipeLink" href="/recipe_ingredient_search_results.php?query=(_QU5E__1__________255__[]_1_1)">Recipes with pork, tenderloins</a></td></tr><tr role="row" class="even"><td tabindex="0"><i class="fas fa-hand-rock"></i></td><td class=" not_printable"><div class="addToGL" data-soscuisine-aisle="6" data-soscuisine-sip="3938223"><i class="fa fa-cart-plus" title="Add to My Grocery List"></i><div></div></div></td><td><img class="storeItemImage" itemprop="image" alt="pork, tenderloins" src="/media/images/store_item/255.jpg"></td><td>pork, tenderloins</td><td class="not_printable sorting_1">meat &amp; poultry</td><td><img style="width:50%;" src="/media/images/logos/marchands/2.png" alt="Provigo"></td><td><span itemprop="price">$4.99</span><span itemprop="eligibleQuantity" itemscope="" itemtype="http://schema.org/QuantitativeValue">/<span itemprop="unitText">lb</span></span></td><td>$11.00/kg</td><td style="display: none;">2020-02-26</td><td style="display: none;"></td><td style="display: none;"></td><td style="display: none;"></td><td style="display: none;"></td><td style="display: none;"></td><td style="display: none;">2-pack</td><td style="display: none;">cryovac</td><td style="display: none;"><a class="recipeLink" href="/recipe_ingredient_search_results.php?query=(_QU5E__1__________255__[]_1_1)">Recipes with pork, tenderloins</a></td></tr><tr role="row" class="odd"><td tabindex="0"><i class="fas fa-hand-rock"></i></td><td class=" not_printable"><div class="addToGL" data-soscuisine-aisle="6" data-soscuisine-sip="3940861"><i class="fa fa-cart-plus" title="Add to My Grocery List"></i><div></div></div></td><td><img class="storeItemImage" itemprop="image" alt="pork, tenderloins" src="/media/images/store_item/255.jpg"></td><td>pork, tenderloins</td><td class="not_printable sorting_1">meat &amp; poultry</td><td><img style="width:50%;" src="/media/images/logos/marchands/12.png" alt="Richelieu"></td><td><span itemprop="price">$3.99</span><span itemprop="eligibleQuantity" itemscope="" itemtype="http://schema.org/QuantitativeValue">/<span itemprop="unitText">lb</span></span></td><td>$8.80/kg</td><td style="display: none;">2020-02-26</td><td style="display: none;"></td><td style="display: none;"></td><td style="display: none;"></td><td style="display: none;"></td><td style="display: none;"></td><td style="display: none;">fresh, large pack</td><td style="display: none;"></td><td style="display: none;"><a class="recipeLink" href="/recipe_ingredient_search_results.php?query=(_QU5E__1__________255__[]_1_1)">Recipes with pork, tenderloins</a></td></tr><tr role="row" class="even"><td tabindex="0"><i class="fa fa-thumbs-up"></i></td><td class=" not_printable"><div class="addToGL" data-soscuisine-aisle="6" data-soscuisine-sip="3940485"><i class="fa fa-cart-plus" title="Add to My Grocery List"></i><div></div></div></td><td><img class="storeItemImage" itemprop="image" alt="pork, tenderloins" src="/media/images/store_item/255.jpg"></td><td>pork, tenderloins</td><td class="not_printable sorting_1">meat &amp; poultry</td><td><img style="width:50%;" src="/media/images/logos/marchands/11.png" alt="Tradition"></td><td><span itemprop="price">$3.49</span><span itemprop="eligibleQuantity" itemscope="" itemtype="http://schema.org/QuantitativeValue">/<span itemprop="unitText">lb</span></span></td><td>$7.69/kg</td><td style="display: none;">2020-02-26</td><td style="display: none;">Quebec</td><td style="display: none;"></td><td style="display: none;"></td><td style="display: none;"></td><td style="display: none;"></td><td style="display: none;">fresh, large pack</td><td style="display: none;"></td><td style="display: none;"><a class="recipeLink" href="/recipe_ingredient_search_results.php?query=(_QU5E__1__________255__[]_1_1)">Recipes with pork, tenderloins</a></td></tr><tr role="row" class="odd"><td tabindex="0"><i class="fa fa-thumbs-up"></i><i class="fa fa-thumbs-up"></i></td><td class=" not_printable"><div class="addToGL" data-soscuisine-aisle="6" data-soscuisine-sip="3938119"><i class="fa fa-cart-plus" title="Add to My Grocery List"></i><div></div></div></td><td><img class="storeItemImage" alt="rabbits" src="/media/images/store_item/blank.jpg"></td><td>rabbits</td><td class="not_printable sorting_1">meat &amp; poultry</td><td><img style="width:50%;" src="/media/images/logos/marchands/7.png" alt="Intermarché (Saveurs intl.)"></td><td><span itemprop="price">$5.99</span><span itemprop="eligibleQuantity" itemscope="" itemtype="http://schema.org/QuantitativeValue">/<span itemprop="unitText">lb</span></span></td><td>$13.21/kg</td><td style="display: none;">2020-02-26</td><td style="display: none;"></td><td style="display: none;"></td><td style="display: none;"></td><td style="display: none;"></td><td style="display: none;"></td><td style="display: none;">fresh</td><td style="display: none;">whole</td><td style="display: none;"><a class="recipeLink" href="/recipe_ingredient_search_results.php?query=(_QU5E__1__________413__[]_1_1)">Recipes with rabbits</a></td></tr><tr role="row" class="even"><td tabindex="0"><i class="fa fa-thumbs-down"></i></td><td class=" not_printable"><div class="addToGL" data-soscuisine-aisle="6" data-soscuisine-sip="3939599"><i class="fa fa-cart-plus" title="Add to My Grocery List"></i><div></div></div></td><td><img class="storeItemImage" itemprop="image" alt="sausages" src="/media/images/store_item/269.jpg"></td><td>sausages</td><td class="not_printable sorting_1">meat &amp; poultry</td><td><img style="width:50%;" src="/media/images/logos/marchands/10.png" alt="Bonichoix"></td><td><span itemprop="price">$7.99</span><span itemprop="eligibleQuantity" itemscope="" itemtype="http://schema.org/QuantitativeValue">/<span itemprop="unitText">500g</span></span></td><td>$15.98/kg</td><td style="display: none;">2020-02-26</td><td style="display: none;">Quebec</td><td style="display: none;">Siwin</td><td style="display: none;"></td><td style="display: none;">Italian, mild or hot</td><td style="display: none;"></td><td style="display: none;">fresh</td><td style="display: none;">Stefano Faita</td><td style="display: none;"><a class="recipeLink" href="/recipe_ingredient_search_results.php?query=(_QU5E__1__________269__[]_1_1)">Recipes with sausages</a></td></tr><tr role="row" class="odd"><td tabindex="0"><i class="fa fa-thumbs-down"></i></td><td class=" not_printable"><div class="addToGL" data-soscuisine-aisle="6" data-soscuisine-sip="3939443"><i class="fa fa-cart-plus" title="Add to My Grocery List"></i><div></div></div></td><td><img class="storeItemImage" itemprop="image" alt="sausages" src="/media/images/store_item/269.jpg"></td><td>sausages</td><td class="not_printable sorting_1">meat &amp; poultry</td><td><img style="width:50%;" src="/media/images/logos/marchands/3.png" alt="IGA"></td><td><span itemprop="price">$4.49</span><span itemprop="eligibleQuantity" itemscope="" itemtype="http://schema.org/QuantitativeValue">/<span itemprop="unitText">375g</span></span></td><td>$11.97/kg</td><td style="display: none;">2020-02-26</td><td style="display: none;"></td><td style="display: none;">La Fernandière</td><td style="display: none;"></td><td style="display: none;">European</td><td style="display: none;"></td><td style="display: none;">fresh</td><td style="display: none;"></td><td style="display: none;"><a class="recipeLink" href="/recipe_ingredient_search_results.php?query=(_QU5E__1__________269__[]_1_1)">Recipes with sausages</a></td></tr><tr role="row" class="even"><td tabindex="0"><i class="fa fa-thumbs-up"></i><i class="fa fa-thumbs-up"></i></td><td class=" not_printable"><div class="addToGL" data-soscuisine-aisle="6" data-soscuisine-sip="3937423"><i class="fa fa-cart-plus" title="Add to My Grocery List"></i><div></div></div></td><td><img class="storeItemImage" itemprop="image" alt="sausages" src="/media/images/store_item/269.jpg"></td><td>sausages</td><td class="not_printable sorting_1">meat &amp; poultry</td><td><img style="width:50%;" src="/media/images/logos/marchands/6.png" alt="Maxi"></td><td><span itemprop="price">$2.00</span><span itemprop="eligibleQuantity" itemscope="" itemtype="http://schema.org/QuantitativeValue">/<span itemprop="unitText">lb</span></span></td><td>$4.41/kg</td><td style="display: none;">2020-02-26</td><td style="display: none;"></td><td style="display: none;"></td><td style="display: none;"></td><td style="display: none;">Italian, mild or hot</td><td style="display: none;"></td><td style="display: none;"></td><td style="display: none;">pork</td><td style="display: none;"><a class="recipeLink" href="/recipe_ingredient_search_results.php?query=(_QU5E__1__________269__[]_1_1)">Recipes with sausages</a></td></tr><tr role="row" class="odd"><td tabindex="0"><i class="fas fa-hand-rock"></i></td><td class=" not_printable"><div class="addToGL" data-soscuisine-aisle="6" data-soscuisine-sip="3937927"><i class="fa fa-cart-plus" title="Add to My Grocery List"></i><div></div></div></td><td><img class="storeItemImage" itemprop="image" alt="sausages" src="/media/images/store_item/269.jpg"></td><td>sausages</td><td class="not_printable sorting_1">meat &amp; poultry</td><td><img style="width:50%;" src="/media/images/logos/marchands/1.png" alt="Metro"></td><td><span itemprop="price">$7.00</span><span itemprop="eligibleQuantity" itemscope="" itemtype="http://schema.org/QuantitativeValue">/<span itemprop="value">2</span>x<span itemprop="unitText">375g</span></span></td><td>$9.33/kg</td><td style="display: none;">2020-02-26</td><td style="display: none;">Quebec</td><td style="display: none;">La Fernandière</td><td style="display: none;"></td><td style="display: none;"></td><td style="display: none;"></td><td style="display: none;">fresh</td><td style="display: none;"></td><td style="display: none;"><a class="recipeLink" href="/recipe_ingredient_search_results.php?query=(_QU5E__1__________269__[]_1_1)">Recipes with sausages</a></td></tr><tr role="row" class="even"><td tabindex="0"><i class="fa fa-thumbs-up"></i><i class="fa fa-thumbs-up"></i></td><td class=" not_printable"><div class="addToGL" data-soscuisine-aisle="6" data-soscuisine-sip="3939071"><i class="fa fa-cart-plus" title="Add to My Grocery List"></i><div></div></div></td><td><img class="storeItemImage" itemprop="image" alt="sausages" src="/media/images/store_item/269.jpg"></td><td>sausages</td><td class="not_printable sorting_1">meat &amp; poultry</td><td><img style="width:50%;" src="/media/images/logos/marchands/64.png" alt="Mourelatos"></td><td><span itemprop="price">$3.99</span><span itemprop="eligibleQuantity" itemscope="" itemtype="http://schema.org/QuantitativeValue">/<span itemprop="unitText">lb</span></span></td><td>$8.80/kg</td><td style="display: none;">2020-02-26</td><td style="display: none;"></td><td style="display: none;"></td><td style="display: none;"></td><td style="display: none;"></td><td style="display: none;"></td><td style="display: none;"></td><td style="display: none;">Loukaniko, Mylos, valid from 24 to 26 only</td><td style="display: none;"><a class="recipeLink" href="/recipe_ingredient_search_results.php?query=(_QU5E__1__________269__[]_1_1)">Recipes with sausages</a></td></tr><tr role="row" class="odd"><td tabindex="0"><i class="fas fa-hand-rock"></i></td><td class=" not_printable"><div class="addToGL" data-soscuisine-aisle="6" data-soscuisine-sip="3938227"><i class="fa fa-cart-plus" title="Add to My Grocery List"></i><div></div></div></td><td><img class="storeItemImage" itemprop="image" alt="sausages" src="/media/images/store_item/269.jpg"></td><td>sausages</td><td class="not_printable sorting_1">meat &amp; poultry</td><td><img style="width:50%;" src="/media/images/logos/marchands/2.png" alt="Provigo"></td><td><span itemprop="price">$3.99</span><span itemprop="eligibleQuantity" itemscope="" itemtype="http://schema.org/QuantitativeValue">/<span itemprop="unitText">375g</span></span></td><td>$10.64/kg</td><td style="display: none;">2020-02-26</td><td style="display: none;">Quebec</td><td style="display: none;">La Fernandière</td><td style="display: none;"></td><td style="display: none;"></td><td style="display: none;"></td><td style="display: none;"></td><td style="display: none;"></td><td style="display: none;"><a class="recipeLink" href="/recipe_ingredient_search_results.php?query=(_QU5E__1__________269__[]_1_1)">Recipes with sausages</a></td></tr><tr role="row" class="even"><td tabindex="0"><i class="fa fa-thumbs-down"></i></td><td class=" not_printable"><div class="addToGL" data-soscuisine-aisle="6" data-soscuisine-sip="3938757"><i class="fa fa-cart-plus" title="Add to My Grocery List"></i><div></div></div></td><td><img class="storeItemImage" itemprop="image" alt="sausages" src="/media/images/store_item/269.jpg"></td><td>sausages</td><td class="not_printable sorting_1">meat &amp; poultry</td><td><img style="width:50%;" src="/media/images/logos/marchands/93.png" alt="Rachelle Béry"></td><td><span itemprop="price">$4.99</span><span itemprop="eligibleQuantity" itemscope="" itemtype="http://schema.org/QuantitativeValue">/<span itemprop="unitText">400g</span></span></td><td>$12.47/kg</td><td style="display: none;">2020-03-04</td><td style="display: none;"></td><td style="display: none;">duBreton</td><td style="display: none;"></td><td style="display: none;">European</td><td style="display: none;">Organic</td><td style="display: none;">fresh</td><td style="display: none;"></td><td style="display: none;"><a class="recipeLink" href="/recipe_ingredient_search_results.php?query=(_QU5E__1__________269__[]_1_1)">Recipes with sausages</a></td></tr><tr role="row" class="odd"><td tabindex="0"><i class="fas fa-hand-rock"></i></td><td class=" not_printable"><div class="addToGL" data-soscuisine-aisle="6" data-soscuisine-sip="3940877"><i class="fa fa-cart-plus" title="Add to My Grocery List"></i><div></div></div></td><td><img class="storeItemImage" itemprop="image" alt="sausages" src="/media/images/store_item/269.jpg"></td><td>sausages</td><td class="not_printable sorting_1">meat &amp; poultry</td><td><img style="width:50%;" src="/media/images/logos/marchands/12.png" alt="Richelieu"></td><td><span itemprop="price">$3.99</span><span itemprop="eligibleQuantity" itemscope="" itemtype="http://schema.org/QuantitativeValue">/<span itemprop="unitText">375g</span></span></td><td>$10.64/kg</td><td style="display: none;">2020-02-26</td><td style="display: none;"></td><td style="display: none;">La Fernandière</td><td style="display: none;"></td><td style="display: none;">pork &amp; beef</td><td style="display: none;"></td><td style="display: none;">fresh</td><td style="display: none;"></td><td style="display: none;"><a class="recipeLink" href="/recipe_ingredient_search_results.php?query=(_QU5E__1__________269__[]_1_1)">Recipes with sausages</a></td></tr><tr role="row" class="even"><td tabindex="0"><i class="fas fa-hand-rock"></i></td><td class=" not_printable"><div class="addToGL" data-soscuisine-aisle="6" data-soscuisine-sip="3940591"><i class="fa fa-cart-plus" title="Add to My Grocery List"></i><div></div></div></td><td><img class="storeItemImage" itemprop="image" alt="sausages" src="/media/images/store_item/269.jpg"></td><td>sausages</td><td class="not_printable sorting_1">meat &amp; poultry</td><td><img style="width:50%;" src="/media/images/logos/marchands/5.png" alt="Super C"></td><td><span itemprop="price">$8.00</span><span itemprop="eligibleQuantity" itemscope="" itemtype="http://schema.org/QuantitativeValue">/<span itemprop="value">2</span>x<span itemprop="unitText">375g</span></span></td><td>$10.67/kg</td><td style="display: none;">2020-02-26</td><td style="display: none;"></td><td style="display: none;">Lafleur</td><td style="display: none;"></td><td style="display: none;"></td><td style="display: none;"></td><td style="display: none;"></td><td style="display: none;"></td><td style="display: none;"><a class="recipeLink" href="/recipe_ingredient_search_results.php?query=(_QU5E__1__________269__[]_1_1)">Recipes with sausages</a></td></tr><tr role="row" class="odd"><td tabindex="0"><i class="fa fa-thumbs-down"></i></td><td class=" not_printable"><div class="addToGL" data-soscuisine-aisle="6" data-soscuisine-sip="3940693"><i class="fa fa-cart-plus" title="Add to My Grocery List"></i><div></div></div></td><td><img class="storeItemImage" itemprop="image" alt="sausages" src="/media/images/store_item/269.jpg"></td><td>sausages</td><td class="not_printable sorting_1">meat &amp; poultry</td><td><img style="width:50%;" src="/media/images/logos/marchands/11.png" alt="Tradition"></td><td><span itemprop="price">$8.99</span><span itemprop="eligibleQuantity" itemscope="" itemtype="http://schema.org/QuantitativeValue">/<span itemprop="unitText">500g</span></span></td><td>$17.98/kg</td><td style="display: none;">2020-02-26</td><td style="display: none;">Quebec</td><td style="display: none;"></td><td style="display: none;"></td><td style="display: none;">Italian, mild or hot</td><td style="display: none;"></td><td style="display: none;">fresh</td><td style="display: none;">Stefano Faita</td><td style="display: none;"><a class="recipeLink" href="/recipe_ingredient_search_results.php?query=(_QU5E__1__________269__[]_1_1)">Recipes with sausages</a></td></tr><tr role="row" class="even"><td tabindex="0"><i class="fas fa-hand-rock"></i></td><td class=" not_printable"><div class="addToGL" data-soscuisine-aisle="6" data-soscuisine-sip="3941019"><i class="fa fa-cart-plus" title="Add to My Grocery List"></i><div></div></div></td><td><img class="storeItemImage" itemprop="image" alt="sausages" src="/media/images/store_item/269.jpg"></td><td>sausages</td><td class="not_printable sorting_1">meat &amp; poultry</td><td><img style="width:50%;" src="/media/images/logos/marchands/73.png" alt="Walmart"></td><td><span itemprop="price">$8.00</span><span itemprop="eligibleQuantity" itemscope="" itemtype="http://schema.org/QuantitativeValue">/<span itemprop="value">2</span>x<span itemprop="unitText">375g</span></span></td><td>$10.67/kg</td><td style="display: none;">2020-02-26</td><td style="display: none;"></td><td style="display: none;">Maple Leaf</td><td style="display: none;"></td><td style="display: none;"></td><td style="display: none;"></td><td style="display: none;">fresh</td><td style="display: none;">supercentres only</td><td style="display: none;"><a class="recipeLink" href="/recipe_ingredient_search_results.php?query=(_QU5E__1__________269__[]_1_1)">Recipes with sausages</a></td></tr><tr role="row" class="odd"><td tabindex="0"><i class="fa fa-thumbs-down"></i></td><td class=" not_printable"><div class="addToGL" data-soscuisine-aisle="6" data-soscuisine-sip="3941017"><i class="fa fa-cart-plus" title="Add to My Grocery List"></i><div></div></div></td><td><img class="storeItemImage" itemprop="image" alt="sausages" src="/media/images/store_item/269.jpg"></td><td>sausages</td><td class="not_printable sorting_1">meat &amp; poultry</td><td><img style="width:50%;" src="/media/images/logos/marchands/73.png" alt="Walmart"></td><td><span itemprop="price">$4.97</span><span itemprop="eligibleQuantity" itemscope="" itemtype="http://schema.org/QuantitativeValue">/<span itemprop="unitText">375g</span></span></td><td>$13.25/kg</td><td style="display: none;">2020-02-26</td><td style="display: none;"></td><td style="display: none;">Maple Leaf</td><td style="display: none;"></td><td style="display: none;"></td><td style="display: none;"></td><td style="display: none;">fresh</td><td style="display: none;">supercentres only</td><td style="display: none;"><a class="recipeLink" href="/recipe_ingredient_search_results.php?query=(_QU5E__1__________269__[]_1_1)">Recipes with sausages</a></td></tr><tr role="row" class="even"><td tabindex="0"><i class="fas fa-hand-rock"></i></td><td class=" not_printable"><div class="addToGL" data-soscuisine-aisle="6" data-soscuisine-sip="3941015"><i class="fa fa-cart-plus" title="Add to My Grocery List"></i><div></div></div></td><td><img class="storeItemImage" itemprop="image" alt="turkey, ground" src="/media/images/store_item/514.jpg"></td><td>turkey, ground</td><td class="not_printable sorting_1">meat &amp; poultry</td><td><img style="width:50%;" src="/media/images/logos/marchands/73.png" alt="Walmart"></td><td><span itemprop="price">$12.00</span><span itemprop="eligibleQuantity" itemscope="" itemtype="http://schema.org/QuantitativeValue">/<span itemprop="value">2</span>x<span itemprop="unitText">454g (1lb)</span></span></td><td>$13.23/kg</td><td style="display: none;">2020-02-26</td><td style="display: none;"></td><td style="display: none;">Prime (Maple Leaf)</td><td style="display: none;"></td><td style="display: none;"></td><td style="display: none;">extra-lean</td><td style="display: none;"></td><td style="display: none;">supercentres only</td><td style="display: none;"><a class="recipeLink" href="/recipe_ingredient_search_results.php?query=(_QU5E__1__________514__[]_1_1)">Recipes with turkey, ground</a></td></tr><tr role="row" class="odd"><td tabindex="0"><i class="fa fa-thumbs-down"></i></td><td class=" not_printable"><div class="addToGL" data-soscuisine-aisle="6" data-soscuisine-sip="3941013"><i class="fa fa-cart-plus" title="Add to My Grocery List"></i><div></div></div></td><td><img class="storeItemImage" itemprop="image" alt="turkey, ground" src="/media/images/store_item/514.jpg"></td><td>turkey, ground</td><td class="not_printable sorting_1">meat &amp; poultry</td><td><img style="width:50%;" src="/media/images/logos/marchands/73.png" alt="Walmart"></td><td><span itemprop="price">$6.97</span><span itemprop="eligibleQuantity" itemscope="" itemtype="http://schema.org/QuantitativeValue">/<span itemprop="unitText">454g (1lb)</span></span></td><td>$15.37/kg</td><td style="display: none;">2020-02-26</td><td style="display: none;"></td><td style="display: none;">Prime (Maple Leaf)</td><td style="display: none;"></td><td style="display: none;"></td><td style="display: none;">extra-lean</td><td style="display: none;"></td><td style="display: none;">supercentres only</td><td style="display: none;"><a class="recipeLink" href="/recipe_ingredient_search_results.php?query=(_QU5E__1__________514__[]_1_1)">Recipes with turkey, ground</a></td></tr><tr role="row" class="even"><td tabindex="0"><i class="fas fa-exclamation"></i></td><td class=" not_printable"><div class="addToGL" data-soscuisine-aisle="6" data-soscuisine-sip="3939121"><i class="fa fa-cart-plus" title="Add to My Grocery List"></i><div></div></div></td><td><img class="storeItemImage" alt="veal cubes" src="/media/images/store_item/blank.jpg"></td><td>veal cubes</td><td class="not_printable sorting_1">meat &amp; poultry</td><td><img style="width:50%;" src="/media/images/logos/marchands/63.png" alt="Marché Adonis"></td><td><span itemprop="price">$8.99</span><span itemprop="eligibleQuantity" itemscope="" itemtype="http://schema.org/QuantitativeValue">/<span itemprop="unitText">lb</span></span></td><td>$19.82/kg</td><td style="display: none;">2020-02-26</td><td style="display: none;"></td><td style="display: none;"></td><td style="display: none;"></td><td style="display: none;"></td><td style="display: none;">milk-fed</td><td style="display: none;"></td><td style="display: none;">extra lean</td><td style="display: none;"><a class="recipeLink" href="/recipe_ingredient_search_results.php?query=(_QU5E__1__________460__[]_1_1)">Recipes with veal cubes</a></td></tr><tr role="row" class="odd"><td tabindex="0"><i class="fa fa-thumbs-down"></i></td><td class=" not_printable"><div class="addToGL" data-soscuisine-aisle="6" data-soscuisine-sip="3937705"><i class="fa fa-cart-plus" title="Add to My Grocery List"></i><div></div></div></td><td><img class="storeItemImage" alt="veal, blade roast" src="/media/images/store_item/blank.jpg"></td><td>veal, blade roast</td><td class="not_printable sorting_1">meat &amp; poultry</td><td><img style="width:50%;" src="/media/images/logos/marchands/1.png" alt="Metro"></td><td><span itemprop="price">$6.49</span><span itemprop="eligibleQuantity" itemscope="" itemtype="http://schema.org/QuantitativeValue">/<span itemprop="unitText">lb</span></span></td><td>$14.31/kg</td><td style="display: none;">2020-02-26</td><td style="display: none;">Quebec</td><td style="display: none;"></td><td style="display: none;"></td><td style="display: none;"></td><td style="display: none;">grain-fed</td><td style="display: none;"></td><td style="display: none;">Fontaine Family</td><td style="display: none;"><a class="recipeLink" href="/recipe_ingredient_search_results.php?query=(_QU5E__1__________625__[]_1_1)">Recipes with veal, blade roast</a></td></tr><tr role="row" class="even"><td tabindex="0"><i class="fa fa-thumbs-down"></i></td><td class=" not_printable"><div class="addToGL" data-soscuisine-aisle="6" data-soscuisine-sip="3939385"><i class="fa fa-cart-plus" title="Add to My Grocery List"></i><div></div></div></td><td><img class="storeItemImage" alt="veal, calf liver" src="/media/images/store_item/blank.jpg"></td><td>veal, calf liver</td><td class="not_printable sorting_1">meat &amp; poultry</td><td><img style="width:50%;" src="/media/images/logos/marchands/3.png" alt="IGA"></td><td><span itemprop="price">$10.99</span><span itemprop="eligibleQuantity" itemscope="" itemtype="http://schema.org/QuantitativeValue">/<span itemprop="unitText">lb</span></span></td><td>$24.23/kg</td><td style="display: none;">2020-02-26</td><td style="display: none;">Quebec</td><td style="display: none;"></td><td style="display: none;"></td><td style="display: none;"></td><td style="display: none;"></td><td style="display: none;">fresh</td><td style="display: none;"></td><td style="display: none;"><a class="recipeLink" href="/recipe_ingredient_search_results.php?query=(_QU5E__1__________234__[]_1_1)">Recipes with veal, calf liver</a></td></tr><tr role="row" class="odd"><td tabindex="0"><i class="fa fa-thumbs-up"></i></td><td class=" not_printable"><div class="addToGL" data-soscuisine-aisle="6" data-soscuisine-sip="3938927"><i class="fa fa-cart-plus" title="Add to My Grocery List"></i><div></div></div></td><td><img class="storeItemImage" itemprop="image" alt="veal, ground" src="/media/images/store_item/636.jpg"></td><td>veal, ground</td><td class="not_printable sorting_1">meat &amp; poultry</td><td><img style="width:50%;" src="/media/images/logos/marchands/3.png" alt="IGA"></td><td><span itemprop="price">$3.99</span><span itemprop="eligibleQuantity" itemscope="" itemtype="http://schema.org/QuantitativeValue">/<span itemprop="unitText">lb</span></span></td><td>$8.80/kg</td><td style="display: none;">2020-02-26</td><td style="display: none;"></td><td style="display: none;"></td><td style="display: none;"></td><td style="display: none;">lean</td><td style="display: none;"></td><td style="display: none;">large pack</td><td style="display: none;"></td><td style="display: none;"><a class="recipeLink" href="/recipe_ingredient_search_results.php?query=(_QU5E__1__________636__[]_1_1)">Recipes with veal, ground</a></td></tr><tr role="row" class="even"><td tabindex="0"><i class="fas fa-exclamation"></i></td><td class=" not_printable"><div class="addToGL" data-soscuisine-aisle="6" data-soscuisine-sip="3937951"><i class="fa fa-cart-plus" title="Add to My Grocery List"></i><div></div></div></td><td><img class="storeItemImage" alt="veal, tenderloin" src="/media/images/store_item/blank.jpg"></td><td>veal, tenderloin</td><td class="not_printable sorting_1">meat &amp; poultry</td><td><img style="width:50%;" src="/media/images/logos/marchands/1.png" alt="Metro"></td><td><span itemprop="price">$15.19</span><span itemprop="eligibleQuantity" itemscope="" itemtype="http://schema.org/QuantitativeValue">/<span itemprop="unitText">lb</span></span></td><td>$33.49/kg</td><td style="display: none;">2020-02-26</td><td style="display: none;">Quebec</td><td style="display: none;"></td><td style="display: none;"></td><td style="display: none;"></td><td style="display: none;">grain-fed</td><td style="display: none;"></td><td style="display: none;">Fontaine Family</td><td style="display: none;"></td></tr><tr role="row" class="odd"><td tabindex="0"><i class="fas fa-exclamation"></i></td><td class=" not_printable"><div class="addToGL" data-soscuisine-aisle="7" data-soscuisine-sip="3939401"><i class="fa fa-cart-plus" title="Add to My Grocery List"></i><div></div></div></td><td><img class="storeItemImage" itemprop="image" alt="arctic char /brook trout fillets" src="/media/images/store_item/615.jpg"></td><td>arctic char /brook trout fillets</td><td class="not_printable sorting_1">fish &amp; seafood</td><td><img style="width:50%;" src="/media/images/logos/marchands/3.png" alt="IGA"></td><td><span itemprop="price">$14.99</span><span itemprop="eligibleQuantity" itemscope="" itemtype="http://schema.org/QuantitativeValue">/<span itemprop="unitText">lb</span></span></td><td>$33.05/kg</td><td style="display: none;">2020-02-26</td><td style="display: none;"></td><td style="display: none;"></td><td style="display: none;"></td><td style="display: none;"></td><td style="display: none;">Ocean Wise</td><td style="display: none;">fresh</td><td style="display: none;"></td><td style="display: none;"><a class="recipeLink" href="/recipe_ingredient_search_results.php?query=(_QU5E__1__________615__[]_1_1)">Recipes with arctic char /brook trout fillets</a></td></tr><tr role="row" class="even"><td tabindex="0"><i class="fas fa-exclamation"></i></td><td class=" not_printable"><div class="addToGL" data-soscuisine-aisle="7" data-soscuisine-sip="3938921"><i class="fa fa-cart-plus" title="Add to My Grocery List"></i><div></div></div></td><td><img class="storeItemImage" alt="baccalà (dried cod)" src="/media/images/store_item/blank.jpg"></td><td>baccalà (dried cod)</td><td class="not_printable sorting_1">fish &amp; seafood</td><td><img style="width:50%;" src="/media/images/logos/marchands/64.png" alt="Mourelatos"></td><td><span itemprop="price">$8.99</span><span itemprop="eligibleQuantity" itemscope="" itemtype="http://schema.org/QuantitativeValue">/<span itemprop="unitText">lb</span></span></td><td>$19.82/kg</td><td style="display: none;">2020-02-25</td><td style="display: none;"></td><td style="display: none;"></td><td style="display: none;"></td><td style="display: none;"></td><td style="display: none;"></td><td style="display: none;"></td><td style="display: none;"></td><td style="display: none;"></td></tr><tr role="row" class="odd"><td tabindex="0"><i class="fa fa-thumbs-up"></i></td><td class=" not_printable"><div class="addToGL" data-soscuisine-aisle="7" data-soscuisine-sip="3939563"><i class="fa fa-cart-plus" title="Add to My Grocery List"></i><div></div></div></td><td><img class="storeItemImage" itemprop="image" alt="cod fillet" src="/media/images/store_item/172.jpg"></td><td>cod fillet</td><td class="not_printable sorting_1">fish &amp; seafood</td><td><img style="width:50%;" src="/media/images/logos/marchands/10.png" alt="Bonichoix"></td><td><span itemprop="price">$6.49</span><span itemprop="eligibleQuantity" itemscope="" itemtype="http://schema.org/QuantitativeValue">/<span itemprop="unitText">400g</span></span></td><td>$16.22/kg</td><td style="display: none;">2020-02-26</td><td style="display: none;"></td><td style="display: none;">house brand</td><td style="display: none;"></td><td style="display: none;"></td><td style="display: none;">wild</td><td style="display: none;">frozen</td><td style="display: none;"></td><td style="display: none;"><a class="recipeLink" href="/recipe_ingredient_search_results.php?query=(_QU5E__1__________172__[]_1_1)">Recipes with cod fillet</a></td></tr><tr role="row" class="even"><td tabindex="0"><i class="fas fa-hand-rock"></i></td><td class=" not_printable"><div class="addToGL" data-soscuisine-aisle="7" data-soscuisine-sip="3939565"><i class="fa fa-cart-plus" title="Add to My Grocery List"></i><div></div></div></td><td><img class="storeItemImage" itemprop="image" alt="cod fillet" src="/media/images/store_item/172.jpg"></td><td>cod fillet</td><td class="not_printable sorting_1">fish &amp; seafood</td><td><img style="width:50%;" src="/media/images/logos/marchands/10.png" alt="Bonichoix"></td><td><span itemprop="price">$9.99</span><span itemprop="eligibleQuantity" itemscope="" itemtype="http://schema.org/QuantitativeValue">/<span itemprop="unitText">lb</span></span></td><td>$22.02/kg</td><td style="display: none;">2020-02-26</td><td style="display: none;"></td><td style="display: none;"></td><td style="display: none;"></td><td style="display: none;"></td><td style="display: none;"></td><td style="display: none;">fresh or previously frozen</td><td style="display: none;"></td><td style="display: none;"><a class="recipeLink" href="/recipe_ingredient_search_results.php?query=(_QU5E__1__________172__[]_1_1)">Recipes with cod fillet</a></td></tr><tr role="row" class="odd"><td tabindex="0"><i class="fa fa-thumbs-up"></i><i class="fa fa-thumbs-up"></i></td><td class=" not_printable"><div class="addToGL" data-soscuisine-aisle="7" data-soscuisine-sip="3939413"><i class="fa fa-cart-plus" title="Add to My Grocery List"></i><div></div></div></td><td><img class="storeItemImage" itemprop="image" alt="cod fillet" src="/media/images/store_item/172.jpg"></td><td>cod fillet</td><td class="not_printable sorting_1">fish &amp; seafood</td><td><img style="width:50%;" src="/media/images/logos/marchands/3.png" alt="IGA"></td><td><span itemprop="price">$5.99</span><span itemprop="eligibleQuantity" itemscope="" itemtype="http://schema.org/QuantitativeValue">/<span itemprop="unitText">400g</span></span></td><td>$14.97/kg</td><td style="display: none;">2020-02-26</td><td style="display: none;"></td><td style="display: none;">house brand</td><td style="display: none;"></td><td style="display: none;"></td><td style="display: none;">wild</td><td style="display: none;">frozen</td><td style="display: none;"></td><td style="display: none;"><a class="recipeLink" href="/recipe_ingredient_search_results.php?query=(_QU5E__1__________172__[]_1_1)">Recipes with cod fillet</a></td></tr><tr role="row" class="even"><td tabindex="0"><i class="fas fa-hand-rock"></i></td><td class=" not_printable"><div class="addToGL" data-soscuisine-aisle="7" data-soscuisine-sip="3939397"><i class="fa fa-cart-plus" title="Add to My Grocery List"></i><div></div></div></td><td><img class="storeItemImage" itemprop="image" alt="cod fillet" src="/media/images/store_item/172.jpg"></td><td>cod fillet</td><td class="not_printable sorting_1">fish &amp; seafood</td><td><img style="width:50%;" src="/media/images/logos/marchands/3.png" alt="IGA"></td><td><span itemprop="price">$9.99</span><span itemprop="eligibleQuantity" itemscope="" itemtype="http://schema.org/QuantitativeValue">/<span itemprop="unitText">lb</span></span></td><td>$22.02/kg</td><td style="display: none;">2020-02-26</td><td style="display: none;"></td><td style="display: none;"></td><td style="display: none;"></td><td style="display: none;"></td><td style="display: none;">Ocean Wise</td><td style="display: none;"></td><td style="display: none;"></td><td style="display: none;"><a class="recipeLink" href="/recipe_ingredient_search_results.php?query=(_QU5E__1__________172__[]_1_1)">Recipes with cod fillet</a></td></tr><tr role="row" class="odd"><td tabindex="0"><i class="fa fa-thumbs-up"></i><i class="fa fa-thumbs-up"></i></td><td class=" not_printable"><div class="addToGL" data-soscuisine-aisle="7" data-soscuisine-sip="3938687"><i class="fa fa-cart-plus" title="Add to My Grocery List"></i><div></div></div></td><td><img class="storeItemImage" itemprop="image" alt="cod fillet" src="/media/images/store_item/172.jpg"></td><td>cod fillet</td><td class="not_printable sorting_1">fish &amp; seafood</td><td><img style="width:50%;" src="/media/images/logos/marchands/69.png" alt="Intermarche (Provincial)"></td><td><span itemprop="price">$4.99</span><span itemprop="eligibleQuantity" itemscope="" itemtype="http://schema.org/QuantitativeValue">/<span itemprop="unitText">400g</span></span></td><td>$12.47/kg</td><td style="display: none;">2020-02-26</td><td style="display: none;"></td><td style="display: none;">SeaQuest</td><td style="display: none;"></td><td style="display: none;"></td><td style="display: none;"></td><td style="display: none;">frozen</td><td style="display: none;"></td><td style="display: none;"><a class="recipeLink" href="/recipe_ingredient_search_results.php?query=(_QU5E__1__________172__[]_1_1)">Recipes with cod fillet</a></td></tr><tr role="row" class="even"><td tabindex="0"><i class="fa fa-thumbs-up"></i><i class="fa fa-thumbs-up"></i></td><td class=" not_printable"><div class="addToGL" data-soscuisine-aisle="7" data-soscuisine-sip="3938173"><i class="fa fa-cart-plus" title="Add to My Grocery List"></i><div></div></div></td><td><img class="storeItemImage" itemprop="image" alt="cod fillet" src="/media/images/store_item/172.jpg"></td><td>cod fillet</td><td class="not_printable sorting_1">fish &amp; seafood</td><td><img style="width:50%;" src="/media/images/logos/marchands/7.png" alt="Intermarché (Saveurs intl.)"></td><td><span itemprop="price">$4.99</span><span itemprop="eligibleQuantity" itemscope="" itemtype="http://schema.org/QuantitativeValue">/<span itemprop="unitText">400g</span></span></td><td>$12.47/kg</td><td style="display: none;">2020-02-26</td><td style="display: none;"></td><td style="display: none;">SeaQuest</td><td style="display: none;"></td><td style="display: none;"></td><td style="display: none;"></td><td style="display: none;">frozen</td><td style="display: none;"></td><td style="display: none;"><a class="recipeLink" href="/recipe_ingredient_search_results.php?query=(_QU5E__1__________172__[]_1_1)">Recipes with cod fillet</a></td></tr><tr role="row" class="odd"><td tabindex="0"><i class="fa fa-thumbs-up"></i><i class="fa fa-thumbs-up"></i></td><td class=" not_printable"><div class="addToGL" data-soscuisine-aisle="7" data-soscuisine-sip="3938015"><i class="fa fa-cart-plus" title="Add to My Grocery List"></i><div></div></div></td><td><img class="storeItemImage" itemprop="image" alt="cod fillet" src="/media/images/store_item/172.jpg"></td><td>cod fillet</td><td class="not_printable sorting_1">fish &amp; seafood</td><td><img style="width:50%;" src="/media/images/logos/marchands/2.png" alt="Provigo"></td><td><span itemprop="price">$5.44</span><span itemprop="eligibleQuantity" itemscope="" itemtype="http://schema.org/QuantitativeValue">/<span itemprop="unitText">400g</span></span></td><td>$13.60/kg</td><td style="display: none;">2020-02-26</td><td style="display: none;"></td><td style="display: none;">SeaQuest</td><td style="display: none;"></td><td style="display: none;"></td><td style="display: none;"></td><td style="display: none;">frozen</td><td style="display: none;"></td><td style="display: none;"><a class="recipeLink" href="/recipe_ingredient_search_results.php?query=(_QU5E__1__________172__[]_1_1)">Recipes with cod fillet</a></td></tr><tr role="row" class="even"><td tabindex="0"><i class="fas fa-hand-rock"></i></td><td class=" not_printable"><div class="addToGL" data-soscuisine-aisle="7" data-soscuisine-sip="3938237"><i class="fa fa-cart-plus" title="Add to My Grocery List"></i><div></div></div></td><td><img class="storeItemImage" itemprop="image" alt="cod fillet" src="/media/images/store_item/172.jpg"></td><td>cod fillet</td><td class="not_printable sorting_1">fish &amp; seafood</td><td><img style="width:50%;" src="/media/images/logos/marchands/2.png" alt="Provigo"></td><td><span itemprop="price">$10.99</span><span itemprop="eligibleQuantity" itemscope="" itemtype="http://schema.org/QuantitativeValue">/<span itemprop="unitText">lb</span></span></td><td>$24.23/kg</td><td style="display: none;">2020-02-26</td><td style="display: none;"></td><td style="display: none;"></td><td style="display: none;"></td><td style="display: none;"></td><td style="display: none;"></td><td style="display: none;">previously frozen</td><td style="display: none;"></td><td style="display: none;"><a class="recipeLink" href="/recipe_ingredient_search_results.php?query=(_QU5E__1__________172__[]_1_1)">Recipes with cod fillet</a></td></tr><tr role="row" class="odd"><td tabindex="0"><i class="fa fa-thumbs-down"></i></td><td class=" not_printable"><div class="addToGL" data-soscuisine-aisle="7" data-soscuisine-sip="3938825"><i class="fa fa-cart-plus" title="Add to My Grocery List"></i><div></div></div></td><td><img class="storeItemImage" itemprop="image" alt="cod fillet" src="/media/images/store_item/172.jpg"></td><td>cod fillet</td><td class="not_printable sorting_1">fish &amp; seafood</td><td><img style="width:50%;" src="/media/images/logos/marchands/93.png" alt="Rachelle Béry"></td><td><span itemprop="price">$11.99</span><span itemprop="eligibleQuantity" itemscope="" itemtype="http://schema.org/QuantitativeValue">/<span itemprop="unitText">12oz (340g)</span></span></td><td>$35.26/kg</td><td style="display: none;">2020-03-04</td><td style="display: none;">Quebec</td><td style="display: none;"></td><td style="display: none;"></td><td style="display: none;"></td><td style="display: none;"></td><td style="display: none;">frozen</td><td style="display: none;">Fruits De Mer</td><td style="display: none;"><a class="recipeLink" href="/recipe_ingredient_search_results.php?query=(_QU5E__1__________172__[]_1_1)">Recipes with cod fillet</a></td></tr><tr role="row" class="even"><td tabindex="0"><i class="fas fa-hand-rock"></i></td><td class=" not_printable"><div class="addToGL" data-soscuisine-aisle="7" data-soscuisine-sip="3940615"><i class="fa fa-cart-plus" title="Add to My Grocery List"></i><div></div></div></td><td><img class="storeItemImage" itemprop="image" alt="cod fillet, fresh" src="/media/images/store_item/1034.jpg"></td><td>cod fillet, fresh</td><td class="not_printable sorting_1">fish &amp; seafood</td><td><img style="width:50%;" src="/media/images/logos/marchands/5.png" alt="Super C"></td><td><span itemprop="price">$9.99</span><span itemprop="eligibleQuantity" itemscope="" itemtype="http://schema.org/QuantitativeValue">/<span itemprop="unitText">lb</span></span></td><td>$22.02/kg</td><td style="display: none;">2020-02-26</td><td style="display: none;"></td><td style="display: none;"></td><td style="display: none;"></td><td style="display: none;">Pacific</td><td style="display: none;"></td><td style="display: none;"></td><td style="display: none;"></td><td style="display: none;"><a class="recipeLink" href="/recipe_ingredient_search_results.php?query=(_QU5E__1__________1034__[]_1_1)">Recipes with cod fillet, fresh</a></td></tr><tr role="row" class="odd"><td tabindex="0"><i class="fa fa-thumbs-up"></i></td><td class=" not_printable"><div class="addToGL" data-soscuisine-aisle="7" data-soscuisine-sip="3935941"><i class="fa fa-cart-plus" title="Add to My Grocery List"></i><div></div></div></td><td><img class="storeItemImage" itemprop="image" alt="cod fillet, fresh" src="/media/images/store_item/1034.jpg"></td><td>cod fillet, fresh</td><td class="not_printable sorting_1">fish &amp; seafood</td><td><img style="width:50%;" src="/media/images/logos/marchands/62.png" alt="Supermarché PA"></td><td><span itemprop="price">$6.99</span><span itemprop="eligibleQuantity" itemscope="" itemtype="http://schema.org/QuantitativeValue">/<span itemprop="unitText">lb</span></span></td><td>$15.41/kg</td><td style="display: none;">2020-02-23</td><td style="display: none;"></td><td style="display: none;"></td><td style="display: none;"></td><td style="display: none;"></td><td style="display: none;"></td><td style="display: none;"></td><td style="display: none;"></td><td style="display: none;"><a class="recipeLink" href="/recipe_ingredient_search_results.php?query=(_QU5E__1__________1034__[]_1_1)">Recipes with cod fillet, fresh</a></td></tr><tr role="row" class="even"><td tabindex="0"><i class="fas fa-hand-rock"></i></td><td class=" not_printable"><div class="addToGL" data-soscuisine-aisle="7" data-soscuisine-sip="3939415"><i class="fa fa-cart-plus" title="Add to My Grocery List"></i><div></div></div></td><td><img class="storeItemImage" itemprop="image" alt="crab meat, imitation" src="/media/images/store_item/638.jpg"></td><td>crab meat, imitation</td><td class="not_printable sorting_1">fish &amp; seafood</td><td><img style="width:50%;" src="/media/images/logos/marchands/3.png" alt="IGA"></td><td><span itemprop="price">$5.00</span><span itemprop="eligibleQuantity" itemscope="" itemtype="http://schema.org/QuantitativeValue">/<span itemprop="value">2</span>x<span itemprop="unitText">8oz (227g)</span></span></td><td>$1.10/100g</td><td style="display: none;">2020-02-26</td><td style="display: none;"></td><td style="display: none;">house brand</td><td style="display: none;"></td><td style="display: none;"></td><td style="display: none;"></td><td style="display: none;"></td><td style="display: none;"></td><td style="display: none;"><a class="recipeLink" href="/recipe_ingredient_search_results.php?query=(_QU5E__1__________638__[]_1_1)">Recipes with crab meat, imitation</a></td></tr><tr role="row" class="odd"><td tabindex="0"><i class="fa fa-thumbs-up"></i></td><td class=" not_printable"><div class="addToGL" data-soscuisine-aisle="7" data-soscuisine-sip="3937509"><i class="fa fa-cart-plus" title="Add to My Grocery List"></i><div></div></div></td><td><img class="storeItemImage" itemprop="image" alt="crab meat, imitation" src="/media/images/store_item/638.jpg"></td><td>crab meat, imitation</td><td class="not_printable sorting_1">fish &amp; seafood</td><td><img style="width:50%;" src="/media/images/logos/marchands/6.png" alt="Maxi"></td><td><span itemprop="price">$2.00</span><span itemprop="eligibleQuantity" itemscope="" itemtype="http://schema.org/QuantitativeValue">/<span itemprop="unitText">8oz (227g)</span></span></td><td>$0.88/100g</td><td style="display: none;">2020-02-26</td><td style="display: none;"></td><td style="display: none;">SeaQuest</td><td style="display: none;"></td><td style="display: none;"></td><td style="display: none;"></td><td style="display: none;"></td><td style="display: none;">or lobster flavour</td><td style="display: none;"><a class="recipeLink" href="/recipe_ingredient_search_results.php?query=(_QU5E__1__________638__[]_1_1)">Recipes with crab meat, imitation</a></td></tr><tr role="row" class="even"><td tabindex="0"><i class="fas fa-hand-rock"></i></td><td class=" not_printable"><div class="addToGL" data-soscuisine-aisle="7" data-soscuisine-sip="3937613"><i class="fa fa-cart-plus" title="Add to My Grocery List"></i><div></div></div></td><td><img class="storeItemImage" itemprop="image" alt="crab meat, imitation" src="/media/images/store_item/638.jpg"></td><td>crab meat, imitation</td><td class="not_printable sorting_1">fish &amp; seafood</td><td><img style="width:50%;" src="/media/images/logos/marchands/1.png" alt="Metro"></td><td><span itemprop="price">$7.99</span><span itemprop="eligibleQuantity" itemscope="" itemtype="http://schema.org/QuantitativeValue">/<span itemprop="unitText">700g</span></span></td><td>$1.14/100g</td><td style="display: none;">2020-02-26</td><td style="display: none;"></td><td style="display: none;">house brand</td><td style="display: none;"></td><td style="display: none;"></td><td style="display: none;"></td><td style="display: none;">frozen</td><td style="display: none;"></td><td style="display: none;"><a class="recipeLink" href="/recipe_ingredient_search_results.php?query=(_QU5E__1__________638__[]_1_1)">Recipes with crab meat, imitation</a></td></tr><tr role="row" class="odd"><td tabindex="0"><i class="fa fa-thumbs-up"></i><i class="fa fa-thumbs-up"></i></td><td class=" not_printable"><div class="addToGL" data-soscuisine-aisle="7" data-soscuisine-sip="3939005"><i class="fa fa-cart-plus" title="Add to My Grocery List"></i><div></div></div></td><td><img class="storeItemImage" itemprop="image" alt="crab meat, imitation" src="/media/images/store_item/638.jpg"></td><td>crab meat, imitation</td><td class="not_printable sorting_1">fish &amp; seafood</td><td><img style="width:50%;" src="/media/images/logos/marchands/64.png" alt="Mourelatos"></td><td><span itemprop="price">$2.99</span><span itemprop="eligibleQuantity" itemscope="" itemtype="http://schema.org/QuantitativeValue">/<span itemprop="unitText">lb</span></span></td><td>$0.66/100g</td><td style="display: none;">2020-02-25</td><td style="display: none;"></td><td style="display: none;"></td><td style="display: none;"></td><td style="display: none;"></td><td style="display: none;"></td><td style="display: none;"></td><td style="display: none;"></td><td style="display: none;"><a class="recipeLink" href="/recipe_ingredient_search_results.php?query=(_QU5E__1__________638__[]_1_1)">Recipes with crab meat, imitation</a></td></tr><tr role="row" class="even"><td tabindex="0"><i class="fa fa-thumbs-down"></i></td><td class=" not_printable"><div class="addToGL" data-soscuisine-aisle="7" data-soscuisine-sip="3940885"><i class="fa fa-cart-plus" title="Add to My Grocery List"></i><div></div></div></td><td><img class="storeItemImage" itemprop="image" alt="crab meat, imitation" src="/media/images/store_item/638.jpg"></td><td>crab meat, imitation</td><td class="not_printable sorting_1">fish &amp; seafood</td><td><img style="width:50%;" src="/media/images/logos/marchands/12.png" alt="Richelieu"></td><td><span itemprop="price">$9.99</span><span itemprop="eligibleQuantity" itemscope="" itemtype="http://schema.org/QuantitativeValue">/<span itemprop="unitText">700g</span></span></td><td>$1.43/100g</td><td style="display: none;">2020-02-26</td><td style="display: none;"></td><td style="display: none;">house brand</td><td style="display: none;"></td><td style="display: none;"></td><td style="display: none;"></td><td style="display: none;"></td><td style="display: none;"></td><td style="display: none;"><a class="recipeLink" href="/recipe_ingredient_search_results.php?query=(_QU5E__1__________638__[]_1_1)">Recipes with crab meat, imitation</a></td></tr><tr role="row" class="odd"><td tabindex="0"><i class="fa fa-thumbs-up"></i><i class="fa fa-thumbs-up"></i></td><td class=" not_printable"><div class="addToGL" data-soscuisine-aisle="7" data-soscuisine-sip="3938691"><i class="fa fa-cart-plus" title="Add to My Grocery List"></i><div></div></div></td><td><img class="storeItemImage" itemprop="image" alt="haddock fillet" src="/media/images/store_item/179.jpg"></td><td>haddock fillet</td><td class="not_printable sorting_1">fish &amp; seafood</td><td><img style="width:50%;" src="/media/images/logos/marchands/69.png" alt="Intermarche (Provincial)"></td><td><span itemprop="price">$4.99</span><span itemprop="eligibleQuantity" itemscope="" itemtype="http://schema.org/QuantitativeValue">/<span itemprop="unitText">400g</span></span></td><td>$12.47/kg</td><td style="display: none;">2020-02-26</td><td style="display: none;"></td><td style="display: none;">SeaQuest</td><td style="display: none;"></td><td style="display: none;"></td><td style="display: none;"></td><td style="display: none;">frozen</td><td style="display: none;"></td><td style="display: none;"><a class="recipeLink" href="/recipe_ingredient_search_results.php?query=(_QU5E__1__________179__[]_1_1)">Recipes with haddock fillet</a></td></tr><tr role="row" class="even"><td tabindex="0"><i class="fa fa-thumbs-up"></i><i class="fa fa-thumbs-up"></i></td><td class=" not_printable"><div class="addToGL" data-soscuisine-aisle="7" data-soscuisine-sip="3938177"><i class="fa fa-cart-plus" title="Add to My Grocery List"></i><div></div></div></td><td><img class="storeItemImage" itemprop="image" alt="haddock fillet" src="/media/images/store_item/179.jpg"></td><td>haddock fillet</td><td class="not_printable sorting_1">fish &amp; seafood</td><td><img style="width:50%;" src="/media/images/logos/marchands/7.png" alt="Intermarché (Saveurs intl.)"></td><td><span itemprop="price">$4.99</span><span itemprop="eligibleQuantity" itemscope="" itemtype="http://schema.org/QuantitativeValue">/<span itemprop="unitText">400g</span></span></td><td>$12.47/kg</td><td style="display: none;">2020-02-26</td><td style="display: none;"></td><td style="display: none;">SeaQuest</td><td style="display: none;"></td><td style="display: none;"></td><td style="display: none;"></td><td style="display: none;">frozen</td><td style="display: none;"></td><td style="display: none;"><a class="recipeLink" href="/recipe_ingredient_search_results.php?query=(_QU5E__1__________179__[]_1_1)">Recipes with haddock fillet</a></td></tr><tr role="row" class="odd"><td tabindex="0"><i class="fa fa-thumbs-up"></i></td><td class=" not_printable"><div class="addToGL" data-soscuisine-aisle="7" data-soscuisine-sip="3937599"><i class="fa fa-cart-plus" title="Add to My Grocery List"></i><div></div></div></td><td><img class="storeItemImage" itemprop="image" alt="haddock fillet" src="/media/images/store_item/179.jpg"></td><td>haddock fillet</td><td class="not_printable sorting_1">fish &amp; seafood</td><td><img style="width:50%;" src="/media/images/logos/marchands/1.png" alt="Metro"></td><td><span itemprop="price">$7.77</span><span itemprop="eligibleQuantity" itemscope="" itemtype="http://schema.org/QuantitativeValue">/<span itemprop="unitText">lb</span></span></td><td>$17.13/kg</td><td style="display: none;">2020-02-26</td><td style="display: none;"></td><td style="display: none;"></td><td style="display: none;"></td><td style="display: none;"></td><td style="display: none;"></td><td style="display: none;"></td><td style="display: none;"></td><td style="display: none;"><a class="recipeLink" href="/recipe_ingredient_search_results.php?query=(_QU5E__1__________179__[]_1_1)">Recipes with haddock fillet</a></td></tr><tr role="row" class="even"><td tabindex="0"><i class="fas fa-exclamation"></i></td><td class=" not_printable"><div class="addToGL" data-soscuisine-aisle="7" data-soscuisine-sip="3939141"><i class="fa fa-cart-plus" title="Add to My Grocery List"></i><div></div></div></td><td><img class="storeItemImage" alt="hake fillet" src="/media/images/store_item/blank.jpg"></td><td>hake fillet</td><td class="not_printable sorting_1">fish &amp; seafood</td><td><img style="width:50%;" src="/media/images/logos/marchands/63.png" alt="Marché Adonis"></td><td><span itemprop="price">$3.99</span><span itemprop="eligibleQuantity" itemscope="" itemtype="http://schema.org/QuantitativeValue">/<span itemprop="unitText">400g</span></span></td><td>$9.98/kg</td><td style="display: none;">2020-02-26</td><td style="display: none;"></td><td style="display: none;">Blue Tide</td><td style="display: none;"></td><td style="display: none;"></td><td style="display: none;"></td><td style="display: none;"></td><td style="display: none;"></td><td style="display: none;"></td></tr><tr role="row" class="odd"><td tabindex="0"><i class="fa fa-thumbs-up"></i><i class="fa fa-thumbs-up"></i></td><td class=" not_printable"><div class="addToGL" data-soscuisine-aisle="7" data-soscuisine-sip="3939007"><i class="fa fa-cart-plus" title="Add to My Grocery List"></i><div></div></div></td><td><img class="storeItemImage" alt="mackerels, whole" src="/media/images/store_item/blank.jpg"></td><td>mackerels, whole</td><td class="not_printable sorting_1">fish &amp; seafood</td><td><img style="width:50%;" src="/media/images/logos/marchands/64.png" alt="Mourelatos"></td><td><span itemprop="price">$2.59</span><span itemprop="eligibleQuantity" itemscope="" itemtype="http://schema.org/QuantitativeValue">/<span itemprop="unitText">lb</span></span></td><td>$5.71/kg</td><td style="display: none;">2020-02-25</td><td style="display: none;"></td><td style="display: none;"></td><td style="display: none;"></td><td style="display: none;"></td><td style="display: none;"></td><td style="display: none;"></td><td style="display: none;"></td><td style="display: none;"><a class="recipeLink" href="/recipe_ingredient_search_results.php?query=(_QU5E__1__________183__[]_1_1)">Recipes with mackerels, whole</a></td></tr><tr role="row" class="even"><td tabindex="0"><i class="fa fa-thumbs-down"></i></td><td class=" not_printable"><div class="addToGL" data-soscuisine-aisle="7" data-soscuisine-sip="3937763"><i class="fa fa-cart-plus" title="Add to My Grocery List"></i><div></div></div></td><td><img class="storeItemImage" itemprop="image" alt="mussels" src="/media/images/store_item/4.jpg"></td><td>mussels</td><td class="not_printable sorting_1">fish &amp; seafood</td><td><img style="width:50%;" src="/media/images/logos/marchands/1.png" alt="Metro"></td><td><span itemprop="price">$5.99</span><span itemprop="eligibleQuantity" itemscope="" itemtype="http://schema.org/QuantitativeValue">/<span itemprop="unitText">2lb (907g)</span></span></td><td>$6.60/kg</td><td style="display: none;">2020-02-26</td><td style="display: none;">P.E.I</td><td style="display: none;"></td><td style="display: none;"></td><td style="display: none;"></td><td style="display: none;">Organic</td><td style="display: none;">fresh</td><td style="display: none;"></td><td style="display: none;"><a class="recipeLink" href="/recipe_ingredient_search_results.php?query=(_QU5E__1__________4__[]_1_1)">Recipes with mussels</a></td></tr><tr role="row" class="odd"><td tabindex="0"><i class="fa fa-thumbs-up"></i><i class="fa fa-thumbs-up"></i></td><td class=" not_printable"><div class="addToGL" data-soscuisine-aisle="7" data-soscuisine-sip="3940887"><i class="fa fa-cart-plus" title="Add to My Grocery List"></i><div></div></div></td><td><img class="storeItemImage" itemprop="image" alt="oysters" src="/media/images/store_item/5.jpg"></td><td>oysters</td><td class="not_printable sorting_1">fish &amp; seafood</td><td><img style="width:50%;" src="/media/images/logos/marchands/12.png" alt="Richelieu"></td><td><span itemprop="price">$4.99</span><span itemprop="eligibleQuantity" itemscope="" itemtype="http://schema.org/QuantitativeValue">/<span itemprop="unitText">dozen</span></span></td><td>$8.32/kg</td><td style="display: none;">2020-02-26</td><td style="display: none;"></td><td style="display: none;"></td><td style="display: none;">standard</td><td style="display: none;">Malpèque standard</td><td style="display: none;"></td><td style="display: none;"></td><td style="display: none;"></td><td style="display: none;"><a class="recipeLink" href="/recipe_ingredient_search_results.php?query=(_QU5E__1__________5__[]_1_1)">Recipes with oysters</a></td></tr><tr role="row" class="even"><td tabindex="0"><i class="fa fa-thumbs-up"></i><i class="fa fa-thumbs-up"></i></td><td class=" not_printable"><div class="addToGL" data-soscuisine-aisle="7" data-soscuisine-sip="3937513"><i class="fa fa-cart-plus" title="Add to My Grocery List"></i><div></div></div></td><td><img class="storeItemImage" itemprop="image" alt="pangasius (Basa) fillet" src="/media/images/store_item/588.jpg"></td><td>pangasius (Basa) fillet</td><td class="not_printable sorting_1">fish &amp; seafood</td><td><img style="width:50%;" src="/media/images/logos/marchands/6.png" alt="Maxi"></td><td><span itemprop="price">$2.00</span><span itemprop="eligibleQuantity" itemscope="" itemtype="http://schema.org/QuantitativeValue">/<span itemprop="unitText">400g</span></span></td><td>$5.00/kg</td><td style="display: none;">2020-02-26</td><td style="display: none;"></td><td style="display: none;">Anchor's Bay</td><td style="display: none;"></td><td style="display: none;"></td><td style="display: none;"></td><td style="display: none;">frozen</td><td style="display: none;"></td><td style="display: none;"></td></tr><tr role="row" class="odd"><td tabindex="0"><i class="fa fa-thumbs-up"></i><i class="fa fa-thumbs-up"></i></td><td class=" not_printable"><div class="addToGL" data-soscuisine-aisle="7" data-soscuisine-sip="3937517"><i class="fa fa-cart-plus" title="Add to My Grocery List"></i><div></div></div></td><td><img class="storeItemImage" itemprop="image" alt="pollock (bluefish) fillets" src="/media/images/store_item/703.jpg"></td><td>pollock (bluefish) fillets</td><td class="not_printable sorting_1">fish &amp; seafood</td><td><img style="width:50%;" src="/media/images/logos/marchands/6.png" alt="Maxi"></td><td><span itemprop="price">$2.00</span><span itemprop="eligibleQuantity" itemscope="" itemtype="http://schema.org/QuantitativeValue">/<span itemprop="unitText">400g</span></span></td><td>$5.00/kg</td><td style="display: none;">2020-02-26</td><td style="display: none;"></td><td style="display: none;">Anchor's Bay</td><td style="display: none;"></td><td style="display: none;"></td><td style="display: none;"></td><td style="display: none;">frozen</td><td style="display: none;"></td><td style="display: none;"><a class="recipeLink" href="/recipe_ingredient_search_results.php?query=(_QU5E__1__________703__[]_1_1)">Recipes with pollock (bluefish) fillets</a></td></tr><tr role="row" class="even"><td tabindex="0"><i class="fas fa-hand-rock"></i></td><td class=" not_printable"><div class="addToGL" data-soscuisine-aisle="7" data-soscuisine-sip="3939107"><i class="fa fa-cart-plus" title="Add to My Grocery List"></i><div></div></div></td><td><img class="storeItemImage" alt="porgy, whole" src="/media/images/store_item/blank.jpg"></td><td>porgy, whole</td><td class="not_printable sorting_1">fish &amp; seafood</td><td><img style="width:50%;" src="/media/images/logos/marchands/63.png" alt="Marché Adonis"></td><td><span itemprop="price">$5.99</span><span itemprop="eligibleQuantity" itemscope="" itemtype="http://schema.org/QuantitativeValue">/<span itemprop="unitText">lb</span></span></td><td>$13.21/kg</td><td style="display: none;">2020-02-26</td><td style="display: none;"></td><td style="display: none;"></td><td style="display: none;"></td><td style="display: none;"></td><td style="display: none;"></td><td style="display: none;"></td><td style="display: none;">royal</td><td style="display: none;"></td></tr><tr role="row" class="odd"><td tabindex="0"><i class="fa fa-thumbs-down"></i></td><td class=" not_printable"><div class="addToGL" data-soscuisine-aisle="7" data-soscuisine-sip="3939395"><i class="fa fa-cart-plus" title="Add to My Grocery List"></i><div></div></div></td><td><img class="storeItemImage" itemprop="image" alt="salmon fillet" src="/media/images/store_item/166.jpg"></td><td>salmon fillet</td><td class="not_printable sorting_1">fish &amp; seafood</td><td><img style="width:50%;" src="/media/images/logos/marchands/3.png" alt="IGA"></td><td><span itemprop="price">$12.99</span><span itemprop="eligibleQuantity" itemscope="" itemtype="http://schema.org/QuantitativeValue">/<span itemprop="unitText">lb</span></span></td><td>$28.64/kg</td><td style="display: none;">2020-02-26</td><td style="display: none;"></td><td style="display: none;"></td><td style="display: none;"></td><td style="display: none;"></td><td style="display: none;"></td><td style="display: none;"></td><td style="display: none;"></td><td style="display: none;"><a class="recipeLink" href="/recipe_ingredient_search_results.php?query=(_QU5E__1__________166__[]_1_1)">Recipes with salmon fillet</a></td></tr><tr role="row" class="even"><td tabindex="0"><i class="fa fa-thumbs-down"></i></td><td class=" not_printable"><div class="addToGL" data-soscuisine-aisle="7" data-soscuisine-sip="3937761"><i class="fa fa-cart-plus" title="Add to My Grocery List"></i><div></div></div></td><td><img class="storeItemImage" itemprop="image" alt="salmon fillet" src="/media/images/store_item/166.jpg"></td><td>salmon fillet</td><td class="not_printable sorting_1">fish &amp; seafood</td><td><img style="width:50%;" src="/media/images/logos/marchands/1.png" alt="Metro"></td><td><span itemprop="price">$14.99</span><span itemprop="eligibleQuantity" itemscope="" itemtype="http://schema.org/QuantitativeValue">/<span itemprop="unitText">8oz (227g)</span></span></td><td>$66.04/kg</td><td style="display: none;">2020-02-26</td><td style="display: none;"></td><td style="display: none;">Dom</td><td style="display: none;"></td><td style="display: none;">Atlantic</td><td style="display: none;">Organic</td><td style="display: none;"></td><td style="display: none;"></td><td style="display: none;"><a class="recipeLink" href="/recipe_ingredient_search_results.php?query=(_QU5E__1__________166__[]_1_1)">Recipes with salmon fillet</a></td></tr><tr role="row" class="odd"><td tabindex="0"><i class="fas fa-hand-rock"></i></td><td class=" not_printable"><div class="addToGL" data-soscuisine-aisle="7" data-soscuisine-sip="3938997"><i class="fa fa-cart-plus" title="Add to My Grocery List"></i><div></div></div></td><td><img class="storeItemImage" itemprop="image" alt="salmon fillet" src="/media/images/store_item/166.jpg"></td><td>salmon fillet</td><td class="not_printable sorting_1">fish &amp; seafood</td><td><img style="width:50%;" src="/media/images/logos/marchands/64.png" alt="Mourelatos"></td><td><span itemprop="price">$8.99</span><span itemprop="eligibleQuantity" itemscope="" itemtype="http://schema.org/QuantitativeValue">/<span itemprop="unitText">lb</span></span></td><td>$19.82/kg</td><td style="display: none;">2020-02-25</td><td style="display: none;"></td><td style="display: none;"></td><td style="display: none;"></td><td style="display: none;"></td><td style="display: none;"></td><td style="display: none;"></td><td style="display: none;"></td><td style="display: none;"><a class="recipeLink" href="/recipe_ingredient_search_results.php?query=(_QU5E__1__________166__[]_1_1)">Recipes with salmon fillet</a></td></tr><tr role="row" class="even"><td tabindex="0"><i class="fa fa-thumbs-down"></i></td><td class=" not_printable"><div class="addToGL" data-soscuisine-aisle="7" data-soscuisine-sip="3938815"><i class="fa fa-cart-plus" title="Add to My Grocery List"></i><div></div></div></td><td><img class="storeItemImage" itemprop="image" alt="salmon fillet" src="/media/images/store_item/166.jpg"></td><td>salmon fillet</td><td class="not_printable sorting_1">fish &amp; seafood</td><td><img style="width:50%;" src="/media/images/logos/marchands/93.png" alt="Rachelle Béry"></td><td><span itemprop="price">$14.99</span><span itemprop="eligibleQuantity" itemscope="" itemtype="http://schema.org/QuantitativeValue">/<span itemprop="unitText">454g (1lb)</span></span></td><td>$33.05/kg</td><td style="display: none;">2020-03-04</td><td style="display: none;"></td><td style="display: none;">Simply West Coast</td><td style="display: none;"></td><td style="display: none;">Sockeye</td><td style="display: none;">wild</td><td style="display: none;">frozen</td><td style="display: none;">Ocean Wise</td><td style="display: none;"><a class="recipeLink" href="/recipe_ingredient_search_results.php?query=(_QU5E__1__________166__[]_1_1)">Recipes with salmon fillet</a></td></tr><tr role="row" class="odd"><td tabindex="0"><i class="fa fa-thumbs-down"></i></td><td class=" not_printable"><div class="addToGL" data-soscuisine-aisle="7" data-soscuisine-sip="3938681"><i class="fa fa-cart-plus" title="Add to My Grocery List"></i><div></div></div></td><td><img class="storeItemImage" itemprop="image" alt="salmon fillet, fresh" src="/media/images/store_item/1032.jpg"></td><td>salmon fillet, fresh</td><td class="not_printable sorting_1">fish &amp; seafood</td><td><img style="width:50%;" src="/media/images/logos/marchands/69.png" alt="Intermarche (Provincial)"></td><td><span itemprop="price">$12.99</span><span itemprop="eligibleQuantity" itemscope="" itemtype="http://schema.org/QuantitativeValue">/<span itemprop="unitText">lb</span></span></td><td>$28.64/kg</td><td style="display: none;">2020-02-26</td><td style="display: none;"></td><td style="display: none;"></td><td style="display: none;"></td><td style="display: none;">Atlantic</td><td style="display: none;"></td><td style="display: none;"></td><td style="display: none;"></td><td style="display: none;"><a class="recipeLink" href="/recipe_ingredient_search_results.php?query=(_QU5E__1__________1032__[]_1_1)">Recipes with salmon fillet, fresh</a></td></tr><tr role="row" class="even"><td tabindex="0"><i class="fa fa-thumbs-down"></i></td><td class=" not_printable"><div class="addToGL" data-soscuisine-aisle="7" data-soscuisine-sip="3938165"><i class="fa fa-cart-plus" title="Add to My Grocery List"></i><div></div></div></td><td><img class="storeItemImage" itemprop="image" alt="salmon fillet, fresh" src="/media/images/store_item/1032.jpg"></td><td>salmon fillet, fresh</td><td class="not_printable sorting_1">fish &amp; seafood</td><td><img style="width:50%;" src="/media/images/logos/marchands/7.png" alt="Intermarché (Saveurs intl.)"></td><td><span itemprop="price">$12.99</span><span itemprop="eligibleQuantity" itemscope="" itemtype="http://schema.org/QuantitativeValue">/<span itemprop="unitText">lb</span></span></td><td>$28.64/kg</td><td style="display: none;">2020-02-26</td><td style="display: none;"></td><td style="display: none;"></td><td style="display: none;"></td><td style="display: none;">Atlantic</td><td style="display: none;"></td><td style="display: none;"></td><td style="display: none;"></td><td style="display: none;"><a class="recipeLink" href="/recipe_ingredient_search_results.php?query=(_QU5E__1__________1032__[]_1_1)">Recipes with salmon fillet, fresh</a></td></tr><tr role="row" class="odd"><td tabindex="0"><i class="fas fa-hand-rock"></i></td><td class=" not_printable"><div class="addToGL" data-soscuisine-aisle="7" data-soscuisine-sip="3938235"><i class="fa fa-cart-plus" title="Add to My Grocery List"></i><div></div></div></td><td><img class="storeItemImage" itemprop="image" alt="salmon fillet, fresh" src="/media/images/store_item/1032.jpg"></td><td>salmon fillet, fresh</td><td class="not_printable sorting_1">fish &amp; seafood</td><td><img style="width:50%;" src="/media/images/logos/marchands/2.png" alt="Provigo"></td><td><span itemprop="price">$9.99</span><span itemprop="eligibleQuantity" itemscope="" itemtype="http://schema.org/QuantitativeValue">/<span itemprop="unitText">lb</span></span></td><td>$22.02/kg</td><td style="display: none;">2020-02-26</td><td style="display: none;"></td><td style="display: none;"></td><td style="display: none;"></td><td style="display: none;">Atlantic</td><td style="display: none;"></td><td style="display: none;">large pack</td><td style="display: none;"></td><td style="display: none;"><a class="recipeLink" href="/recipe_ingredient_search_results.php?query=(_QU5E__1__________1032__[]_1_1)">Recipes with salmon fillet, fresh</a></td></tr><tr role="row" class="even"><td tabindex="0"><i class="fa fa-thumbs-down"></i></td><td class=" not_printable"><div class="addToGL" data-soscuisine-aisle="7" data-soscuisine-sip="3940891"><i class="fa fa-cart-plus" title="Add to My Grocery List"></i><div></div></div></td><td><img class="storeItemImage" itemprop="image" alt="salmon fillet, fresh" src="/media/images/store_item/1032.jpg"></td><td>salmon fillet, fresh</td><td class="not_printable sorting_1">fish &amp; seafood</td><td><img style="width:50%;" src="/media/images/logos/marchands/12.png" alt="Richelieu"></td><td><span itemprop="price">$4.49</span><span itemprop="eligibleQuantity" itemscope="" itemtype="http://schema.org/QuantitativeValue">/<span itemprop="unitText">4oz (113g)</span></span></td><td>$39.73/kg</td><td style="display: none;">2020-02-26</td><td style="display: none;">Canada</td><td style="display: none;"></td><td style="display: none;"></td><td style="display: none;"></td><td style="display: none;"></td><td style="display: none;"></td><td style="display: none;"></td><td style="display: none;"><a class="recipeLink" href="/recipe_ingredient_search_results.php?query=(_QU5E__1__________1032__[]_1_1)">Recipes with salmon fillet, fresh</a></td></tr><tr role="row" class="odd"><td tabindex="0"><i class="fas fa-hand-rock"></i></td><td class=" not_printable"><div class="addToGL" data-soscuisine-aisle="7" data-soscuisine-sip="3940619"><i class="fa fa-cart-plus" title="Add to My Grocery List"></i><div></div></div></td><td><img class="storeItemImage" itemprop="image" alt="salmon fillet, fresh" src="/media/images/store_item/1032.jpg"></td><td>salmon fillet, fresh</td><td class="not_printable sorting_1">fish &amp; seafood</td><td><img style="width:50%;" src="/media/images/logos/marchands/5.png" alt="Super C"></td><td><span itemprop="price">$11.99</span><span itemprop="eligibleQuantity" itemscope="" itemtype="http://schema.org/QuantitativeValue">/<span itemprop="unitText">lb</span></span></td><td>$26.43/kg</td><td style="display: none;">2020-02-26</td><td style="display: none;"></td><td style="display: none;"></td><td style="display: none;"></td><td style="display: none;">Atlantic</td><td style="display: none;"></td><td style="display: none;">large pack</td><td style="display: none;"></td><td style="display: none;"><a class="recipeLink" href="/recipe_ingredient_search_results.php?query=(_QU5E__1__________1032__[]_1_1)">Recipes with salmon fillet, fresh</a></td></tr><tr role="row" class="even"><td tabindex="0"><i class="fas fa-hand-rock"></i></td><td class=" not_printable"><div class="addToGL" data-soscuisine-aisle="7" data-soscuisine-sip="3940735"><i class="fa fa-cart-plus" title="Add to My Grocery List"></i><div></div></div></td><td><img class="storeItemImage" itemprop="image" alt="salmon fillet, fresh" src="/media/images/store_item/1032.jpg"></td><td>salmon fillet, fresh</td><td class="not_printable sorting_1">fish &amp; seafood</td><td><img style="width:50%;" src="/media/images/logos/marchands/11.png" alt="Tradition"></td><td><span itemprop="price">$11.99</span><span itemprop="eligibleQuantity" itemscope="" itemtype="http://schema.org/QuantitativeValue">/<span itemprop="unitText">lb</span></span></td><td>$26.43/kg</td><td style="display: none;">2020-02-26</td><td style="display: none;"></td><td style="display: none;"></td><td style="display: none;"></td><td style="display: none;">Atlantic</td><td style="display: none;"></td><td style="display: none;"></td><td style="display: none;"></td><td style="display: none;"><a class="recipeLink" href="/recipe_ingredient_search_results.php?query=(_QU5E__1__________1032__[]_1_1)">Recipes with salmon fillet, fresh</a></td></tr><tr role="row" class="odd"><td tabindex="0"><i class="fas fa-hand-rock"></i></td><td class=" not_printable"><div class="addToGL" data-soscuisine-aisle="7" data-soscuisine-sip="3939409"><i class="fa fa-cart-plus" title="Add to My Grocery List"></i><div></div></div></td><td><img class="storeItemImage" itemprop="image" alt="scallops, large" src="/media/images/store_item/168.jpg"></td><td>scallops, large</td><td class="not_printable sorting_1">fish &amp; seafood</td><td><img style="width:50%;" src="/media/images/logos/marchands/3.png" alt="IGA"></td><td><span itemprop="price">$14.99</span><span itemprop="eligibleQuantity" itemscope="" itemtype="http://schema.org/QuantitativeValue">/<span itemprop="unitText">200g</span></span></td><td>$74.95/kg</td><td style="display: none;">2020-02-26</td><td style="display: none;">Quebec</td><td style="display: none;"></td><td style="display: none;">size 10-20</td><td style="display: none;"></td><td style="display: none;"></td><td style="display: none;"></td><td style="display: none;">Fruits de Mer du Québec</td><td style="display: none;"><a class="recipeLink" href="/recipe_ingredient_search_results.php?query=(_QU5E__1__________168__[]_1_1)">Recipes with scallops, large</a></td></tr><tr role="row" class="even"><td tabindex="0"><i class="fas fa-hand-rock"></i></td><td class=" not_printable"><div class="addToGL" data-soscuisine-aisle="7" data-soscuisine-sip="3938241"><i class="fa fa-cart-plus" title="Add to My Grocery List"></i><div></div></div></td><td><img class="storeItemImage" itemprop="image" alt="scallops, medium-size" src="/media/images/store_item/473.jpg"></td><td>scallops, medium-size</td><td class="not_printable sorting_1">fish &amp; seafood</td><td><img style="width:50%;" src="/media/images/logos/marchands/2.png" alt="Provigo"></td><td><span itemprop="price">$14.99</span><span itemprop="eligibleQuantity" itemscope="" itemtype="http://schema.org/QuantitativeValue">/<span itemprop="unitText">300g</span></span></td><td>$49.97/kg</td><td style="display: none;">2020-02-26</td><td style="display: none;">Iceland</td><td style="display: none;">Marina Del Rey</td><td style="display: none;">size 30-50</td><td style="display: none;"></td><td style="display: none;">wild</td><td style="display: none;">frozen</td><td style="display: none;"></td><td style="display: none;"><a class="recipeLink" href="/recipe_ingredient_search_results.php?query=(_QU5E__1__________473__[]_1_1)">Recipes with scallops, medium-size</a></td></tr><tr role="row" class="odd"><td tabindex="0"><i class="fa fa-thumbs-down"></i></td><td class=" not_printable"><div class="addToGL" data-soscuisine-aisle="7" data-soscuisine-sip="3939399"><i class="fa fa-cart-plus" title="Add to My Grocery List"></i><div></div></div></td><td><img class="storeItemImage" itemprop="image" alt="scallops, small" src="/media/images/store_item/772.jpg"></td><td>scallops, small</td><td class="not_printable sorting_1">fish &amp; seafood</td><td><img style="width:50%;" src="/media/images/logos/marchands/3.png" alt="IGA"></td><td><span itemprop="price">$11.99</span><span itemprop="eligibleQuantity" itemscope="" itemtype="http://schema.org/QuantitativeValue">/<span itemprop="unitText">12oz (340g)</span></span></td><td>$35.26/kg</td><td style="display: none;">2020-02-26</td><td style="display: none;">Peru</td><td style="display: none;"></td><td style="display: none;">size 40-60</td><td style="display: none;"></td><td style="display: none;"></td><td style="display: none;">frozen</td><td style="display: none;"></td><td style="display: none;"><a class="recipeLink" href="/recipe_ingredient_search_results.php?query=(_QU5E__1__________772__[]_1_1)">Recipes with scallops, small</a></td></tr><tr role="row" class="even"><td tabindex="0"><i class="fas fa-hand-rock"></i></td><td class=" not_printable"><div class="addToGL" data-soscuisine-aisle="7" data-soscuisine-sip="3937615"><i class="fa fa-cart-plus" title="Add to My Grocery List"></i><div></div></div></td><td><img class="storeItemImage" itemprop="image" alt="scallops, small" src="/media/images/store_item/772.jpg"></td><td>scallops, small</td><td class="not_printable sorting_1">fish &amp; seafood</td><td><img style="width:50%;" src="/media/images/logos/marchands/1.png" alt="Metro"></td><td><span itemprop="price">$7.99</span><span itemprop="eligibleQuantity" itemscope="" itemtype="http://schema.org/QuantitativeValue">/<span itemprop="unitText">400g</span></span></td><td>$19.97/kg</td><td style="display: none;">2020-02-26</td><td style="display: none;"></td><td style="display: none;">house brand</td><td style="display: none;">size 80-120</td><td style="display: none;"></td><td style="display: none;"></td><td style="display: none;">frozen</td><td style="display: none;"></td><td style="display: none;"><a class="recipeLink" href="/recipe_ingredient_search_results.php?query=(_QU5E__1__________772__[]_1_1)">Recipes with scallops, small</a></td></tr><tr role="row" class="odd"><td tabindex="0"><i class="fas fa-hand-rock"></i></td><td class=" not_printable"><div class="addToGL" data-soscuisine-aisle="7" data-soscuisine-sip="3940633"><i class="fa fa-cart-plus" title="Add to My Grocery List"></i><div></div></div></td><td><img class="storeItemImage" itemprop="image" alt="scallops, small" src="/media/images/store_item/772.jpg"></td><td>scallops, small</td><td class="not_printable sorting_1">fish &amp; seafood</td><td><img style="width:50%;" src="/media/images/logos/marchands/5.png" alt="Super C"></td><td><span itemprop="price">$15.00</span><span itemprop="eligibleQuantity" itemscope="" itemtype="http://schema.org/QuantitativeValue">/<span itemprop="unitText">700g</span></span></td><td>$21.43/kg</td><td style="display: none;">2020-02-26</td><td style="display: none;"></td><td style="display: none;"></td><td style="display: none;">size 80-120</td><td style="display: none;"></td><td style="display: none;"></td><td style="display: none;">frozen</td><td style="display: none;"></td><td style="display: none;"><a class="recipeLink" href="/recipe_ingredient_search_results.php?query=(_QU5E__1__________772__[]_1_1)">Recipes with scallops, small</a></td></tr><tr role="row" class="even"><td tabindex="0"><i class="fa fa-thumbs-down"></i></td><td class=" not_printable"><div class="addToGL" data-soscuisine-aisle="7" data-soscuisine-sip="3938999"><i class="fa fa-cart-plus" title="Add to My Grocery List"></i><div></div></div></td><td><img class="storeItemImage" alt="sea bass, whole" src="/media/images/store_item/blank.jpg"></td><td>sea bass, whole</td><td class="not_printable sorting_1">fish &amp; seafood</td><td><img style="width:50%;" src="/media/images/logos/marchands/64.png" alt="Mourelatos"></td><td><span itemprop="price">$7.99</span><span itemprop="eligibleQuantity" itemscope="" itemtype="http://schema.org/QuantitativeValue">/<span itemprop="unitText">lb</span></span></td><td>$17.62/kg</td><td style="display: none;">2020-02-25</td><td style="display: none;"></td><td style="display: none;"></td><td style="display: none;"></td><td style="display: none;"></td><td style="display: none;"></td><td style="display: none;"></td><td style="display: none;">mediterranean</td><td style="display: none;"><a class="recipeLink" href="/recipe_ingredient_search_results.php?query=(_QU5E__1__________579__[]_1_1)">Recipes with sea bass, whole</a></td></tr><tr role="row" class="odd"><td tabindex="0"><i class="fas fa-exclamation"></i></td><td class=" not_printable"><div class="addToGL" data-soscuisine-aisle="7" data-soscuisine-sip="3935947"><i class="fa fa-cart-plus" title="Add to My Grocery List"></i><div></div></div></td><td><img class="storeItemImage" alt="shark steaks" src="/media/images/store_item/blank.jpg"></td><td>shark steaks</td><td class="not_printable sorting_1">fish &amp; seafood</td><td><img style="width:50%;" src="/media/images/logos/marchands/62.png" alt="Supermarché PA"></td><td><span itemprop="price">$5.49</span><span itemprop="eligibleQuantity" itemscope="" itemtype="http://schema.org/QuantitativeValue">/<span itemprop="unitText">lb</span></span></td><td>$12.10/kg</td><td style="display: none;">2020-02-23</td><td style="display: none;"></td><td style="display: none;"></td><td style="display: none;"></td><td style="display: none;"></td><td style="display: none;"></td><td style="display: none;">fresh</td><td style="display: none;"></td><td style="display: none;"><a class="recipeLink" href="/recipe_ingredient_search_results.php?query=(_QU5E__1__________612__[]_1_1)">Recipes with shark steaks</a></td></tr><tr role="row" class="even"><td tabindex="0"><i class="fas fa-exclamation"></i></td><td class=" not_printable"><div class="addToGL" data-soscuisine-aisle="7" data-soscuisine-sip="3922901"><i class="fa fa-cart-plus" title="Add to My Grocery List"></i><div></div></div></td><td><img class="storeItemImage" alt="shrimps/prawns, cooked ORGANIC" src="/media/images/store_item/blank.jpg"></td><td>shrimps/prawns, cooked ORGANIC</td><td class="not_printable sorting_1">fish &amp; seafood</td><td><img style="width:50%;" src="/media/images/logos/marchands/94.png" alt="Avril"></td><td><span itemprop="price">$14.99</span><span itemprop="eligibleQuantity" itemscope="" itemtype="http://schema.org/QuantitativeValue">/<span itemprop="unitText">300g</span></span></td><td>$49.97/kg</td><td style="display: none;">2020-03-03</td><td style="display: none;"></td><td style="display: none;">Green Ocean</td><td style="display: none;">size 20-27</td><td style="display: none;"></td><td style="display: none;"></td><td style="display: none;"></td><td style="display: none;"></td><td style="display: none;"><a class="recipeLink" href="/recipe_ingredient_search_results.php?query=(_QU5E__1__________816__[]_1_1)">Recipes with shrimps/prawns, cooked ORGANIC</a></td></tr><tr role="row" class="odd"><td tabindex="0"><i class="fas fa-hand-rock"></i></td><td class=" not_printable"><div class="addToGL" data-soscuisine-aisle="7" data-soscuisine-sip="3937305"><i class="fa fa-cart-plus" title="Add to My Grocery List"></i><div></div></div></td><td><img class="storeItemImage" itemprop="image" alt="shrimps/prawns, large" src="/media/images/store_item/571.jpg"></td><td>shrimps/prawns, large</td><td class="not_printable sorting_1">fish &amp; seafood</td><td><img style="width:50%;" src="/media/images/logos/marchands/95.png" alt="Marchés Tau"></td><td><span itemprop="price">$8.99</span><span itemprop="eligibleQuantity" itemscope="" itemtype="http://schema.org/QuantitativeValue">/<span itemprop="unitText">12oz (340g)</span></span></td><td>$26.44/kg</td><td style="display: none;">2020-03-29</td><td style="display: none;"></td><td style="display: none;"></td><td style="display: none;">size 26-30</td><td style="display: none;"></td><td style="display: none;"></td><td style="display: none;"></td><td style="display: none;">Toppits</td><td style="display: none;"><a class="recipeLink" href="/recipe_ingredient_search_results.php?query=(_QU5E__1__________571__[]_1_1)">Recipes with shrimps/prawns, large</a></td></tr><tr role="row" class="even"><td tabindex="0"><i class="fa fa-thumbs-down"></i></td><td class=" not_printable"><div class="addToGL" data-soscuisine-aisle="7" data-soscuisine-sip="3937755"><i class="fa fa-cart-plus" title="Add to My Grocery List"></i><div></div></div></td><td><img class="storeItemImage" itemprop="image" alt="shrimps/prawns, large" src="/media/images/store_item/571.jpg"></td><td>shrimps/prawns, large</td><td class="not_printable sorting_1">fish &amp; seafood</td><td><img style="width:50%;" src="/media/images/logos/marchands/1.png" alt="Metro"></td><td><span itemprop="price">$9.99</span><span itemprop="eligibleQuantity" itemscope="" itemtype="http://schema.org/QuantitativeValue">/<span itemprop="unitText">12oz (340g)</span></span></td><td>$29.38/kg</td><td style="display: none;">2020-02-26</td><td style="display: none;">Argentina</td><td style="display: none;">house brand</td><td style="display: none;">size 20-40</td><td style="display: none;"></td><td style="display: none;">wild</td><td style="display: none;">frozen</td><td style="display: none;"></td><td style="display: none;"><a class="recipeLink" href="/recipe_ingredient_search_results.php?query=(_QU5E__1__________571__[]_1_1)">Recipes with shrimps/prawns, large</a></td></tr><tr role="row" class="odd"><td tabindex="0"><i class="fas fa-hand-rock"></i></td><td class=" not_printable"><div class="addToGL" data-soscuisine-aisle="7" data-soscuisine-sip="3937989"><i class="fa fa-cart-plus" title="Add to My Grocery List"></i><div></div></div></td><td><img class="storeItemImage" itemprop="image" alt="shrimps/prawns, large" src="/media/images/store_item/571.jpg"></td><td>shrimps/prawns, large</td><td class="not_printable sorting_1">fish &amp; seafood</td><td><img style="width:50%;" src="/media/images/logos/marchands/2.png" alt="Provigo"></td><td><span itemprop="price">$8.99</span><span itemprop="eligibleQuantity" itemscope="" itemtype="http://schema.org/QuantitativeValue">/<span itemprop="unitText">12oz (340g)</span></span></td><td>$26.44/kg</td><td style="display: none;">2020-02-26</td><td style="display: none;"></td><td style="display: none;">Green Ocean</td><td style="display: none;">size 12-15</td><td style="display: none;"></td><td style="display: none;"></td><td style="display: none;"></td><td style="display: none;"></td><td style="display: none;"><a class="recipeLink" href="/recipe_ingredient_search_results.php?query=(_QU5E__1__________571__[]_1_1)">Recipes with shrimps/prawns, large</a></td></tr><tr role="row" class="even"><td tabindex="0"><i class="fa fa-thumbs-up"></i><i class="fa fa-thumbs-up"></i></td><td class=" not_printable"><div class="addToGL" data-soscuisine-aisle="7" data-soscuisine-sip="3938895"><i class="fa fa-cart-plus" title="Add to My Grocery List"></i><div></div></div></td><td><img class="storeItemImage" alt="shrimps/prawns, large, cooked" src="/media/images/store_item/blank.jpg"></td><td>shrimps/prawns, large, cooked</td><td class="not_printable sorting_1">fish &amp; seafood</td><td><img style="width:50%;" src="/media/images/logos/marchands/64.png" alt="Mourelatos"></td><td><span itemprop="price">$5.99</span><span itemprop="eligibleQuantity" itemscope="" itemtype="http://schema.org/QuantitativeValue">/<span itemprop="unitText">12oz (340g)</span></span></td><td>$17.62/kg</td><td style="display: none;">2020-02-25</td><td style="display: none;"></td><td style="display: none;"></td><td style="display: none;">size 16-20</td><td style="display: none;"></td><td style="display: none;"></td><td style="display: none;"></td><td style="display: none;">peeled, Aegean</td><td style="display: none;"><a class="recipeLink" href="/recipe_ingredient_search_results.php?query=(_QU5E__1__________725__[]_1_1)">Recipes with shrimps/prawns, large, cooked</a></td></tr><tr role="row" class="odd"><td tabindex="0"><i class="fa fa-thumbs-up"></i></td><td class=" not_printable"><div class="addToGL" data-soscuisine-aisle="7" data-soscuisine-sip="3939405"><i class="fa fa-cart-plus" title="Add to My Grocery List"></i><div></div></div></td><td><img class="storeItemImage" itemprop="image" alt="shrimps/prawns, medium-large" src="/media/images/store_item/468.jpg"></td><td>shrimps/prawns, medium-large</td><td class="not_printable sorting_1">fish &amp; seafood</td><td><img style="width:50%;" src="/media/images/logos/marchands/3.png" alt="IGA"></td><td><span itemprop="price">$5.99</span><span itemprop="eligibleQuantity" itemscope="" itemtype="http://schema.org/QuantitativeValue">/<span itemprop="unitText">12oz (340g)</span></span></td><td>$17.62/kg</td><td style="display: none;">2020-02-26</td><td style="display: none;"></td><td style="display: none;"></td><td style="display: none;">size 51-60</td><td style="display: none;"></td><td style="display: none;"></td><td style="display: none;">frozen</td><td style="display: none;"></td><td style="display: none;"><a class="recipeLink" href="/recipe_ingredient_search_results.php?query=(_QU5E__1__________468__[]_1_1)">Recipes with shrimps/prawns, medium-large</a></td></tr><tr role="row" class="even"><td tabindex="0"><i class="fas fa-hand-rock"></i></td><td class=" not_printable"><div class="addToGL" data-soscuisine-aisle="7" data-soscuisine-sip="3938695"><i class="fa fa-cart-plus" title="Add to My Grocery List"></i><div></div></div></td><td><img class="storeItemImage" itemprop="image" alt="shrimps/prawns, medium-large" src="/media/images/store_item/468.jpg"></td><td>shrimps/prawns, medium-large</td><td class="not_printable sorting_1">fish &amp; seafood</td><td><img style="width:50%;" src="/media/images/logos/marchands/69.png" alt="Intermarche (Provincial)"></td><td><span itemprop="price">$7.99</span><span itemprop="eligibleQuantity" itemscope="" itemtype="http://schema.org/QuantitativeValue">/<span itemprop="unitText">400g</span></span></td><td>$19.97/kg</td><td style="display: none;">2020-02-26</td><td style="display: none;"></td><td style="display: none;">house brand</td><td style="display: none;">size 31-40</td><td style="display: none;">white</td><td style="display: none;"></td><td style="display: none;">peeled, frozen</td><td style="display: none;"></td><td style="display: none;"><a class="recipeLink" href="/recipe_ingredient_search_results.php?query=(_QU5E__1__________468__[]_1_1)">Recipes with shrimps/prawns, medium-large</a></td></tr><tr role="row" class="odd"><td tabindex="0"><i class="fas fa-hand-rock"></i></td><td class=" not_printable"><div class="addToGL" data-soscuisine-aisle="7" data-soscuisine-sip="3938355"><i class="fa fa-cart-plus" title="Add to My Grocery List"></i><div></div></div></td><td><img class="storeItemImage" itemprop="image" alt="shrimps/prawns, medium-large" src="/media/images/store_item/468.jpg"></td><td>shrimps/prawns, medium-large</td><td class="not_printable sorting_1">fish &amp; seafood</td><td><img style="width:50%;" src="/media/images/logos/marchands/7.png" alt="Intermarché (Saveurs intl.)"></td><td><span itemprop="price">$7.99</span><span itemprop="eligibleQuantity" itemscope="" itemtype="http://schema.org/QuantitativeValue">/<span itemprop="unitText">400g</span></span></td><td>$19.97/kg</td><td style="display: none;">2020-02-26</td><td style="display: none;"></td><td style="display: none;">house brand</td><td style="display: none;">size 31-40</td><td style="display: none;">white</td><td style="display: none;"></td><td style="display: none;">peeled, frozen</td><td style="display: none;"></td><td style="display: none;"><a class="recipeLink" href="/recipe_ingredient_search_results.php?query=(_QU5E__1__________468__[]_1_1)">Recipes with shrimps/prawns, medium-large</a></td></tr><tr role="row" class="even"><td tabindex="0"><i class="fa fa-thumbs-up"></i><i class="fa fa-thumbs-up"></i></td><td class=" not_printable"><div class="addToGL" data-soscuisine-aisle="7" data-soscuisine-sip="3939157"><i class="fa fa-cart-plus" title="Add to My Grocery List"></i><div></div></div></td><td><img class="storeItemImage" itemprop="image" alt="shrimps/prawns, medium-large" src="/media/images/store_item/468.jpg"></td><td>shrimps/prawns, medium-large</td><td class="not_printable sorting_1">fish &amp; seafood</td><td><img style="width:50%;" src="/media/images/logos/marchands/63.png" alt="Marché Adonis"></td><td><span itemprop="price">$12.99</span><span itemprop="eligibleQuantity" itemscope="" itemtype="http://schema.org/QuantitativeValue">/<span itemprop="unitText">2lb (907g)</span></span></td><td>$14.32/kg</td><td style="display: none;">2020-02-26</td><td style="display: none;"></td><td style="display: none;">Blue Tide</td><td style="display: none;">size 26-30</td><td style="display: none;"></td><td style="display: none;"></td><td style="display: none;"></td><td style="display: none;">white</td><td style="display: none;"><a class="recipeLink" href="/recipe_ingredient_search_results.php?query=(_QU5E__1__________468__[]_1_1)">Recipes with shrimps/prawns, medium-large</a></td></tr><tr role="row" class="odd"><td tabindex="0"><i class="fa fa-thumbs-up"></i><i class="fa fa-thumbs-up"></i></td><td class=" not_printable"><div class="addToGL" data-soscuisine-aisle="7" data-soscuisine-sip="3938013"><i class="fa fa-cart-plus" title="Add to My Grocery List"></i><div></div></div></td><td><img class="storeItemImage" itemprop="image" alt="shrimps/prawns, medium-large" src="/media/images/store_item/468.jpg"></td><td>shrimps/prawns, medium-large</td><td class="not_printable sorting_1">fish &amp; seafood</td><td><img style="width:50%;" src="/media/images/logos/marchands/2.png" alt="Provigo"></td><td><span itemprop="price">$5.44</span><span itemprop="eligibleQuantity" itemscope="" itemtype="http://schema.org/QuantitativeValue">/<span itemprop="unitText">400g</span></span></td><td>$13.60/kg</td><td style="display: none;">2020-02-26</td><td style="display: none;"></td><td style="display: none;">house brand</td><td style="display: none;">size 31-40</td><td style="display: none;">Pacific</td><td style="display: none;"></td><td style="display: none;">zipper back, frozen</td><td style="display: none;"></td><td style="display: none;"><a class="recipeLink" href="/recipe_ingredient_search_results.php?query=(_QU5E__1__________468__[]_1_1)">Recipes with shrimps/prawns, medium-large</a></td></tr><tr role="row" class="even"><td tabindex="0"><i class="fas fa-hand-rock"></i></td><td class=" not_printable"><div class="addToGL" data-soscuisine-aisle="7" data-soscuisine-sip="3940625"><i class="fa fa-cart-plus" title="Add to My Grocery List"></i><div></div></div></td><td><img class="storeItemImage" itemprop="image" alt="shrimps/prawns, medium-large" src="/media/images/store_item/468.jpg"></td><td>shrimps/prawns, medium-large</td><td class="not_printable sorting_1">fish &amp; seafood</td><td><img style="width:50%;" src="/media/images/logos/marchands/5.png" alt="Super C"></td><td><span itemprop="price">$15.00</span><span itemprop="eligibleQuantity" itemscope="" itemtype="http://schema.org/QuantitativeValue">/<span itemprop="unitText">700g</span></span></td><td>$21.43/kg</td><td style="display: none;">2020-02-26</td><td style="display: none;"></td><td style="display: none;"></td><td style="display: none;">size 41-50</td><td style="display: none;">Pacific</td><td style="display: none;"></td><td style="display: none;">frozen</td><td style="display: none;"></td><td style="display: none;"><a class="recipeLink" href="/recipe_ingredient_search_results.php?query=(_QU5E__1__________468__[]_1_1)">Recipes with shrimps/prawns, medium-large</a></td></tr><tr role="row" class="odd"><td tabindex="0"><i class="fa fa-thumbs-up"></i><i class="fa fa-thumbs-up"></i></td><td class=" not_printable"><div class="addToGL" data-soscuisine-aisle="7" data-soscuisine-sip="3935913"><i class="fa fa-cart-plus" title="Add to My Grocery List"></i><div></div></div></td><td><img class="storeItemImage" itemprop="image" alt="shrimps/prawns, medium-large" src="/media/images/store_item/468.jpg"></td><td>shrimps/prawns, medium-large</td><td class="not_printable sorting_1">fish &amp; seafood</td><td><img style="width:50%;" src="/media/images/logos/marchands/62.png" alt="Supermarché PA"></td><td><span itemprop="price">$10.99</span><span itemprop="eligibleQuantity" itemscope="" itemtype="http://schema.org/QuantitativeValue">/<span itemprop="unitText">2lb (907g)</span></span></td><td>$12.11/kg</td><td style="display: none;">2020-02-23</td><td style="display: none;">Mexico</td><td style="display: none;"></td><td style="display: none;">size 26-30</td><td style="display: none;"></td><td style="display: none;"></td><td style="display: none;"></td><td style="display: none;"></td><td style="display: none;"><a class="recipeLink" href="/recipe_ingredient_search_results.php?query=(_QU5E__1__________468__[]_1_1)">Recipes with shrimps/prawns, medium-large</a></td></tr><tr role="row" class="even"><td tabindex="0"><i class="fa fa-thumbs-down"></i></td><td class=" not_printable"><div class="addToGL" data-soscuisine-aisle="7" data-soscuisine-sip="3940741"><i class="fa fa-cart-plus" title="Add to My Grocery List"></i><div></div></div></td><td><img class="storeItemImage" itemprop="image" alt="shrimps/prawns, medium-large" src="/media/images/store_item/468.jpg"></td><td>shrimps/prawns, medium-large</td><td class="not_printable sorting_1">fish &amp; seafood</td><td><img style="width:50%;" src="/media/images/logos/marchands/11.png" alt="Tradition"></td><td><span itemprop="price">$8.99</span><span itemprop="eligibleQuantity" itemscope="" itemtype="http://schema.org/QuantitativeValue">/<span itemprop="unitText">12oz (340g)</span></span></td><td>$26.44/kg</td><td style="display: none;">2020-02-26</td><td style="display: none;"></td><td style="display: none;">house brand</td><td style="display: none;">size 31-40</td><td style="display: none;"></td><td style="display: none;"></td><td style="display: none;">frozen</td><td style="display: none;">or Ocean Jewel</td><td style="display: none;"><a class="recipeLink" href="/recipe_ingredient_search_results.php?query=(_QU5E__1__________468__[]_1_1)">Recipes with shrimps/prawns, medium-large</a></td></tr><tr role="row" class="odd"><td tabindex="0"><i class="fa fa-thumbs-down"></i></td><td class=" not_printable"><div class="addToGL" data-soscuisine-aisle="7" data-soscuisine-sip="3937765"><i class="fa fa-cart-plus" title="Add to My Grocery List"></i><div></div></div></td><td><img class="storeItemImage" itemprop="image" alt="shrimps/prawns, medium-large, cooked" src="/media/images/store_item/502.jpg"></td><td>shrimps/prawns, medium-large, cooked</td><td class="not_printable sorting_1">fish &amp; seafood</td><td><img style="width:50%;" src="/media/images/logos/marchands/1.png" alt="Metro"></td><td><span itemprop="price">$9.99</span><span itemprop="eligibleQuantity" itemscope="" itemtype="http://schema.org/QuantitativeValue">/<span itemprop="unitText">12oz (340g)</span></span></td><td>$29.38/kg</td><td style="display: none;">2020-02-26</td><td style="display: none;"></td><td style="display: none;">Aquastar</td><td style="display: none;">size 31-40</td><td style="display: none;"></td><td style="display: none;">Organic</td><td style="display: none;">peeled, frozen</td><td style="display: none;"></td><td style="display: none;"><a class="recipeLink" href="/recipe_ingredient_search_results.php?query=(_QU5E__1__________502__[]_1_1)">Recipes with shrimps/prawns, medium-large, cooked</a></td></tr><tr role="row" class="even"><td tabindex="0"><i class="fas fa-hand-rock"></i></td><td class=" not_printable"><div class="addToGL" data-soscuisine-aisle="7" data-soscuisine-sip="3938239"><i class="fa fa-cart-plus" title="Add to My Grocery List"></i><div></div></div></td><td><img class="storeItemImage" itemprop="image" alt="shrimps/prawns, medium-large, cooked" src="/media/images/store_item/502.jpg"></td><td>shrimps/prawns, medium-large, cooked</td><td class="not_printable sorting_1">fish &amp; seafood</td><td><img style="width:50%;" src="/media/images/logos/marchands/2.png" alt="Provigo"></td><td><span itemprop="price">$9.99</span><span itemprop="eligibleQuantity" itemscope="" itemtype="http://schema.org/QuantitativeValue">/<span itemprop="unitText">400g</span></span></td><td>$24.97/kg</td><td style="display: none;">2020-02-26</td><td style="display: none;"></td><td style="display: none;">house brand</td><td style="display: none;">size 31-40</td><td style="display: none;">Pacific</td><td style="display: none;"></td><td style="display: none;">peeled, frozen</td><td style="display: none;"></td><td style="display: none;"><a class="recipeLink" href="/recipe_ingredient_search_results.php?query=(_QU5E__1__________502__[]_1_1)">Recipes with shrimps/prawns, medium-large, cooked</a></td></tr><tr role="row" class="odd"><td tabindex="0"><i class="fas fa-hand-rock"></i></td><td class=" not_printable"><div class="addToGL" data-soscuisine-aisle="7" data-soscuisine-sip="3940627"><i class="fa fa-cart-plus" title="Add to My Grocery List"></i><div></div></div></td><td><img class="storeItemImage" itemprop="image" alt="shrimps/prawns, medium-large, cooked" src="/media/images/store_item/502.jpg"></td><td>shrimps/prawns, medium-large, cooked</td><td class="not_printable sorting_1">fish &amp; seafood</td><td><img style="width:50%;" src="/media/images/logos/marchands/5.png" alt="Super C"></td><td><span itemprop="price">$15.00</span><span itemprop="eligibleQuantity" itemscope="" itemtype="http://schema.org/QuantitativeValue">/<span itemprop="unitText">600g</span></span></td><td>$25.00/kg</td><td style="display: none;">2020-02-26</td><td style="display: none;"></td><td style="display: none;"></td><td style="display: none;">size 41-50</td><td style="display: none;"></td><td style="display: none;"></td><td style="display: none;">frozen</td><td style="display: none;"></td><td style="display: none;"><a class="recipeLink" href="/recipe_ingredient_search_results.php?query=(_QU5E__1__________502__[]_1_1)">Recipes with shrimps/prawns, medium-large, cooked</a></td></tr><tr role="row" class="even"><td tabindex="0"><i class="fas fa-exclamation"></i></td><td class=" not_printable"><div class="addToGL" data-soscuisine-aisle="7" data-soscuisine-sip="3922899"><i class="fa fa-cart-plus" title="Add to My Grocery List"></i><div></div></div></td><td><img class="storeItemImage" alt="shrimps/prawns, raw, ORGANIC" src="/media/images/store_item/blank.jpg"></td><td>shrimps/prawns, raw, ORGANIC</td><td class="not_printable sorting_1">fish &amp; seafood</td><td><img style="width:50%;" src="/media/images/logos/marchands/94.png" alt="Avril"></td><td><span itemprop="price">$12.99</span><span itemprop="eligibleQuantity" itemscope="" itemtype="http://schema.org/QuantitativeValue">/<span itemprop="unitText">300g</span></span></td><td>$43.30/kg</td><td style="display: none;">2020-03-03</td><td style="display: none;"></td><td style="display: none;">Green Ocean</td><td style="display: none;">size 20-27</td><td style="display: none;"></td><td style="display: none;"></td><td style="display: none;"></td><td style="display: none;"></td><td style="display: none;"><a class="recipeLink" href="/recipe_ingredient_search_results.php?query=(_QU5E__1__________817__[]_1_1)">Recipes with shrimps/prawns, raw, ORGANIC</a></td></tr><tr role="row" class="odd"><td tabindex="0"><i class="fa fa-thumbs-up"></i></td><td class=" not_printable"><div class="addToGL" data-soscuisine-aisle="7" data-soscuisine-sip="3939403"><i class="fa fa-cart-plus" title="Add to My Grocery List"></i><div></div></div></td><td><img class="storeItemImage" itemprop="image" alt="shrimps/prawns, small, cooked" src="/media/images/store_item/541.jpg"></td><td>shrimps/prawns, small, cooked</td><td class="not_printable sorting_1">fish &amp; seafood</td><td><img style="width:50%;" src="/media/images/logos/marchands/3.png" alt="IGA"></td><td><span itemprop="price">$8.99</span><span itemprop="eligibleQuantity" itemscope="" itemtype="http://schema.org/QuantitativeValue">/<span itemprop="unitText">454g (1lb)</span></span></td><td>$19.82/kg</td><td style="display: none;">2020-02-26</td><td style="display: none;"></td><td style="display: none;"></td><td style="display: none;">size 71-90</td><td style="display: none;"></td><td style="display: none;"></td><td style="display: none;">frozen</td><td style="display: none;"></td><td style="display: none;"><a class="recipeLink" href="/recipe_ingredient_search_results.php?query=(_QU5E__1__________541__[]_1_1)">Recipes with shrimps/prawns, small, cooked</a></td></tr><tr role="row" class="even"><td tabindex="0"><i class="fa fa-thumbs-up"></i><i class="fa fa-thumbs-up"></i></td><td class=" not_printable"><div class="addToGL" data-soscuisine-aisle="7" data-soscuisine-sip="3939149"><i class="fa fa-cart-plus" title="Add to My Grocery List"></i><div></div></div></td><td><img class="storeItemImage" itemprop="image" alt="shrimps/prawns, small, cooked" src="/media/images/store_item/541.jpg"></td><td>shrimps/prawns, small, cooked</td><td class="not_printable sorting_1">fish &amp; seafood</td><td><img style="width:50%;" src="/media/images/logos/marchands/63.png" alt="Marché Adonis"></td><td><span itemprop="price">$12.99</span><span itemprop="eligibleQuantity" itemscope="" itemtype="http://schema.org/QuantitativeValue">/<span itemprop="unitText">2lb (907g)</span></span></td><td>$14.32/kg</td><td style="display: none;">2020-02-26</td><td style="display: none;"></td><td style="display: none;">Blue Tide</td><td style="display: none;">size 91-110</td><td style="display: none;"></td><td style="display: none;"></td><td style="display: none;"></td><td style="display: none;">peeled, white</td><td style="display: none;"><a class="recipeLink" href="/recipe_ingredient_search_results.php?query=(_QU5E__1__________541__[]_1_1)">Recipes with shrimps/prawns, small, cooked</a></td></tr><tr role="row" class="odd"><td tabindex="0"><i class="fa fa-thumbs-up"></i></td><td class=" not_printable"><div class="addToGL" data-soscuisine-aisle="7" data-soscuisine-sip="3938245"><i class="fa fa-cart-plus" title="Add to My Grocery List"></i><div></div></div></td><td><img class="storeItemImage" itemprop="image" alt="shrimps/prawns, small, cooked" src="/media/images/store_item/541.jpg"></td><td>shrimps/prawns, small, cooked</td><td class="not_printable sorting_1">fish &amp; seafood</td><td><img style="width:50%;" src="/media/images/logos/marchands/2.png" alt="Provigo"></td><td><span itemprop="price">$8.99</span><span itemprop="eligibleQuantity" itemscope="" itemtype="http://schema.org/QuantitativeValue">/<span itemprop="unitText">454g (1lb)</span></span></td><td>$19.82/kg</td><td style="display: none;">2020-02-26</td><td style="display: none;"></td><td style="display: none;">SeaQuest</td><td style="display: none;">size 125-175</td><td style="display: none;"></td><td style="display: none;"></td><td style="display: none;">frozen</td><td style="display: none;"></td><td style="display: none;"><a class="recipeLink" href="/recipe_ingredient_search_results.php?query=(_QU5E__1__________541__[]_1_1)">Recipes with shrimps/prawns, small, cooked</a></td></tr><tr role="row" class="even"><td tabindex="0"><i class="fas fa-hand-rock"></i></td><td class=" not_printable"><div class="addToGL" data-soscuisine-aisle="7" data-soscuisine-sip="3939407"><i class="fa fa-cart-plus" title="Add to My Grocery List"></i><div></div></div></td><td><img class="storeItemImage" itemprop="image" alt="smoked salmon" src="/media/images/store_item/174.jpg"></td><td>smoked salmon</td><td class="not_printable sorting_1">fish &amp; seafood</td><td><img style="width:50%;" src="/media/images/logos/marchands/3.png" alt="IGA"></td><td><span itemprop="price">$6.99</span><span itemprop="eligibleQuantity" itemscope="" itemtype="http://schema.org/QuantitativeValue">/<span itemprop="unitText">4oz (113g)</span></span></td><td>$61.86/kg</td><td style="display: none;">2020-02-26</td><td style="display: none;">Quebec</td><td style="display: none;">Bleumer</td><td style="display: none;"></td><td style="display: none;">rainbow</td><td style="display: none;"></td><td style="display: none;"></td><td style="display: none;"></td><td style="display: none;"><a class="recipeLink" href="/recipe_ingredient_search_results.php?query=(_QU5E__1__________174__[]_1_1)">Recipes with smoked salmon</a></td></tr><tr role="row" class="odd"><td tabindex="0"><i class="fa fa-thumbs-up"></i><i class="fa fa-thumbs-up"></i></td><td class=" not_printable"><div class="addToGL" data-soscuisine-aisle="7" data-soscuisine-sip="3938619"><i class="fa fa-cart-plus" title="Add to My Grocery List"></i><div></div></div></td><td><img class="storeItemImage" itemprop="image" alt="smoked salmon" src="/media/images/store_item/174.jpg"></td><td>smoked salmon</td><td class="not_printable sorting_1">fish &amp; seafood</td><td><img style="width:50%;" src="/media/images/logos/marchands/69.png" alt="Intermarche (Provincial)"></td><td><span itemprop="price">$10.00</span><span itemprop="eligibleQuantity" itemscope="" itemtype="http://schema.org/QuantitativeValue">/<span itemprop="unitText">255g</span></span></td><td>$39.22/kg</td><td style="display: none;">2020-02-26</td><td style="display: none;"></td><td style="display: none;"></td><td style="display: none;"></td><td style="display: none;">Sockeye</td><td style="display: none;">wild</td><td style="display: none;">frozen</td><td style="display: none;"></td><td style="display: none;"><a class="recipeLink" href="/recipe_ingredient_search_results.php?query=(_QU5E__1__________174__[]_1_1)">Recipes with smoked salmon</a></td></tr><tr role="row" class="even"><td tabindex="0"><i class="fa fa-thumbs-up"></i><i class="fa fa-thumbs-up"></i></td><td class=" not_printable"><div class="addToGL" data-soscuisine-aisle="7" data-soscuisine-sip="3938157"><i class="fa fa-cart-plus" title="Add to My Grocery List"></i><div></div></div></td><td><img class="storeItemImage" itemprop="image" alt="smoked salmon" src="/media/images/store_item/174.jpg"></td><td>smoked salmon</td><td class="not_printable sorting_1">fish &amp; seafood</td><td><img style="width:50%;" src="/media/images/logos/marchands/7.png" alt="Intermarché (Saveurs intl.)"></td><td><span itemprop="price">$10.00</span><span itemprop="eligibleQuantity" itemscope="" itemtype="http://schema.org/QuantitativeValue">/<span itemprop="unitText">255g</span></span></td><td>$39.22/kg</td><td style="display: none;">2020-02-26</td><td style="display: none;"></td><td style="display: none;"></td><td style="display: none;"></td><td style="display: none;">Sockeye</td><td style="display: none;">wild</td><td style="display: none;">frozen</td><td style="display: none;"></td><td style="display: none;"><a class="recipeLink" href="/recipe_ingredient_search_results.php?query=(_QU5E__1__________174__[]_1_1)">Recipes with smoked salmon</a></td></tr><tr role="row" class="odd"><td tabindex="0"><i class="fas fa-hand-rock"></i></td><td class=" not_printable"><div class="addToGL" data-soscuisine-aisle="7" data-soscuisine-sip="3937945"><i class="fa fa-cart-plus" title="Add to My Grocery List"></i><div></div></div></td><td><img class="storeItemImage" itemprop="image" alt="smoked salmon" src="/media/images/store_item/174.jpg"></td><td>smoked salmon</td><td class="not_printable sorting_1">fish &amp; seafood</td><td><img style="width:50%;" src="/media/images/logos/marchands/1.png" alt="Metro"></td><td><span itemprop="price">$17.99</span><span itemprop="eligibleQuantity" itemscope="" itemtype="http://schema.org/QuantitativeValue">/<span itemprop="unitText">300g</span></span></td><td>$59.97/kg</td><td style="display: none;">2020-02-26</td><td style="display: none;"></td><td style="display: none;">house brand</td><td style="display: none;"></td><td style="display: none;">Atlantic</td><td style="display: none;"></td><td style="display: none;">frozen</td><td style="display: none;"></td><td style="display: none;"><a class="recipeLink" href="/recipe_ingredient_search_results.php?query=(_QU5E__1__________174__[]_1_1)">Recipes with smoked salmon</a></td></tr><tr role="row" class="even"><td tabindex="0"><i class="fa fa-thumbs-down"></i></td><td class=" not_printable"><div class="addToGL" data-soscuisine-aisle="7" data-soscuisine-sip="3937769"><i class="fa fa-cart-plus" title="Add to My Grocery List"></i><div></div></div></td><td><img class="storeItemImage" itemprop="image" alt="smoked salmon" src="/media/images/store_item/174.jpg"></td><td>smoked salmon</td><td class="not_printable sorting_1">fish &amp; seafood</td><td><img style="width:50%;" src="/media/images/logos/marchands/1.png" alt="Metro"></td><td><span itemprop="price">$10.99</span><span itemprop="eligibleQuantity" itemscope="" itemtype="http://schema.org/QuantitativeValue">/<span itemprop="unitText">100g</span></span></td><td>$109.90/kg</td><td style="display: none;">2020-02-26</td><td style="display: none;"></td><td style="display: none;">house brand</td><td style="display: none;"></td><td style="display: none;"></td><td style="display: none;">Organic</td><td style="display: none;"></td><td style="display: none;"></td><td style="display: none;"><a class="recipeLink" href="/recipe_ingredient_search_results.php?query=(_QU5E__1__________174__[]_1_1)">Recipes with smoked salmon</a></td></tr><tr role="row" class="odd"><td tabindex="0"><i class="fas fa-hand-rock"></i></td><td class=" not_printable"><div class="addToGL" data-soscuisine-aisle="7" data-soscuisine-sip="3938243"><i class="fa fa-cart-plus" title="Add to My Grocery List"></i><div></div></div></td><td><img class="storeItemImage" itemprop="image" alt="smoked salmon" src="/media/images/store_item/174.jpg"></td><td>smoked salmon</td><td class="not_printable sorting_1">fish &amp; seafood</td><td><img style="width:50%;" src="/media/images/logos/marchands/2.png" alt="Provigo"></td><td><span itemprop="price">$15.99</span><span itemprop="eligibleQuantity" itemscope="" itemtype="http://schema.org/QuantitativeValue">/<span itemprop="unitText">300g</span></span></td><td>$53.30/kg</td><td style="display: none;">2020-02-26</td><td style="display: none;"></td><td style="display: none;">house brand</td><td style="display: none;"></td><td style="display: none;"></td><td style="display: none;"></td><td style="display: none;">frozen</td><td style="display: none;"></td><td style="display: none;"><a class="recipeLink" href="/recipe_ingredient_search_results.php?query=(_QU5E__1__________174__[]_1_1)">Recipes with smoked salmon</a></td></tr><tr role="row" class="even"><td tabindex="0"><i class="fa fa-thumbs-down"></i></td><td class=" not_printable"><div class="addToGL" data-soscuisine-aisle="7" data-soscuisine-sip="3940727"><i class="fa fa-cart-plus" title="Add to My Grocery List"></i><div></div></div></td><td><img class="storeItemImage" itemprop="image" alt="smoked salmon" src="/media/images/store_item/174.jpg"></td><td>smoked salmon</td><td class="not_printable sorting_1">fish &amp; seafood</td><td><img style="width:50%;" src="/media/images/logos/marchands/11.png" alt="Tradition"></td><td><span itemprop="price">$9.49</span><span itemprop="eligibleQuantity" itemscope="" itemtype="http://schema.org/QuantitativeValue">/<span itemprop="unitText">120g</span></span></td><td>$79.08/kg</td><td style="display: none;">2020-02-26</td><td style="display: none;"></td><td style="display: none;">Grizzly</td><td style="display: none;"></td><td style="display: none;">Coho</td><td style="display: none;"></td><td style="display: none;"></td><td style="display: none;"></td><td style="display: none;"><a class="recipeLink" href="/recipe_ingredient_search_results.php?query=(_QU5E__1__________174__[]_1_1)">Recipes with smoked salmon</a></td></tr><tr role="row" class="odd"><td tabindex="0"><i class="fa fa-thumbs-up"></i></td><td class=" not_printable"><div class="addToGL" data-soscuisine-aisle="7" data-soscuisine-sip="3937519"><i class="fa fa-cart-plus" title="Add to My Grocery List"></i><div></div></div></td><td><img class="storeItemImage" alt="smoked steelhead salmon/trout" src="/media/images/store_item/blank.jpg"></td><td>smoked steelhead salmon/trout</td><td class="not_printable sorting_1">fish &amp; seafood</td><td><img style="width:50%;" src="/media/images/logos/marchands/6.png" alt="Maxi"></td><td><span itemprop="price">$2.00</span><span itemprop="eligibleQuantity" itemscope="" itemtype="http://schema.org/QuantitativeValue">/<span itemprop="unitText">50g</span></span></td><td>$40.00/kg</td><td style="display: none;">2020-02-26</td><td style="display: none;"></td><td style="display: none;">Dom</td><td style="display: none;"></td><td style="display: none;"></td><td style="display: none;"></td><td style="display: none;">frozen</td><td style="display: none;"></td><td style="display: none;"><a class="recipeLink" href="/recipe_ingredient_search_results.php?query=(_QU5E__1__________1194__[]_1_1)">Recipes with smoked steelhead salmon/trout</a></td></tr><tr role="row" class="even"><td tabindex="0"><i class="fas fa-hand-rock"></i></td><td class=" not_printable"><div class="addToGL" data-soscuisine-aisle="7" data-soscuisine-sip="3940401"><i class="fa fa-cart-plus" title="Add to My Grocery List"></i><div></div></div></td><td><img class="storeItemImage" alt="smoked steelhead salmon/trout" src="/media/images/store_item/blank.jpg"></td><td>smoked steelhead salmon/trout</td><td class="not_printable sorting_1">fish &amp; seafood</td><td><img style="width:50%;" src="/media/images/logos/marchands/5.png" alt="Super C"></td><td><span itemprop="price">$2.99</span><span itemprop="eligibleQuantity" itemscope="" itemtype="http://schema.org/QuantitativeValue">/<span itemprop="unitText">70g</span></span></td><td>$42.71/kg</td><td style="display: none;">2020-02-26</td><td style="display: none;">Norway</td><td style="display: none;">Dom</td><td style="display: none;"></td><td style="display: none;"></td><td style="display: none;"></td><td style="display: none;">frozen</td><td style="display: none;"></td><td style="display: none;"><a class="recipeLink" href="/recipe_ingredient_search_results.php?query=(_QU5E__1__________1194__[]_1_1)">Recipes with smoked steelhead salmon/trout</a></td></tr><tr role="row" class="odd"><td tabindex="0"><i class="fa fa-thumbs-up"></i><i class="fa fa-thumbs-up"></i></td><td class=" not_printable"><div class="addToGL" data-soscuisine-aisle="7" data-soscuisine-sip="3938693"><i class="fa fa-cart-plus" title="Add to My Grocery List"></i><div></div></div></td><td><img class="storeItemImage" itemprop="image" alt="sole fillets" src="/media/images/store_item/339.jpg"></td><td>sole fillets</td><td class="not_printable sorting_1">fish &amp; seafood</td><td><img style="width:50%;" src="/media/images/logos/marchands/69.png" alt="Intermarche (Provincial)"></td><td><span itemprop="price">$4.99</span><span itemprop="eligibleQuantity" itemscope="" itemtype="http://schema.org/QuantitativeValue">/<span itemprop="unitText">400g</span></span></td><td>$12.47/kg</td><td style="display: none;">2020-02-26</td><td style="display: none;"></td><td style="display: none;">SeaQuest</td><td style="display: none;"></td><td style="display: none;"></td><td style="display: none;"></td><td style="display: none;">frozen</td><td style="display: none;"></td><td style="display: none;"><a class="recipeLink" href="/recipe_ingredient_search_results.php?query=(_QU5E__1__________339__[]_1_1)">Recipes with sole fillets</a></td></tr><tr role="row" class="even"><td tabindex="0"><i class="fa fa-thumbs-up"></i><i class="fa fa-thumbs-up"></i></td><td class=" not_printable"><div class="addToGL" data-soscuisine-aisle="7" data-soscuisine-sip="3938179"><i class="fa fa-cart-plus" title="Add to My Grocery List"></i><div></div></div></td><td><img class="storeItemImage" itemprop="image" alt="sole fillets" src="/media/images/store_item/339.jpg"></td><td>sole fillets</td><td class="not_printable sorting_1">fish &amp; seafood</td><td><img style="width:50%;" src="/media/images/logos/marchands/7.png" alt="Intermarché (Saveurs intl.)"></td><td><span itemprop="price">$4.99</span><span itemprop="eligibleQuantity" itemscope="" itemtype="http://schema.org/QuantitativeValue">/<span itemprop="unitText">400g</span></span></td><td>$12.47/kg</td><td style="display: none;">2020-02-26</td><td style="display: none;"></td><td style="display: none;">SeaQuest</td><td style="display: none;"></td><td style="display: none;"></td><td style="display: none;"></td><td style="display: none;">frozen</td><td style="display: none;"></td><td style="display: none;"><a class="recipeLink" href="/recipe_ingredient_search_results.php?query=(_QU5E__1__________339__[]_1_1)">Recipes with sole fillets</a></td></tr><tr role="row" class="odd"><td tabindex="0"><i class="fa fa-thumbs-up"></i><i class="fa fa-thumbs-up"></i></td><td class=" not_printable"><div class="addToGL" data-soscuisine-aisle="7" data-soscuisine-sip="3940857"><i class="fa fa-cart-plus" title="Add to My Grocery List"></i><div></div></div></td><td><img class="storeItemImage" itemprop="image" alt="sole fillets" src="/media/images/store_item/339.jpg"></td><td>sole fillets</td><td class="not_printable sorting_1">fish &amp; seafood</td><td><img style="width:50%;" src="/media/images/logos/marchands/12.png" alt="Richelieu"></td><td><span itemprop="price">$4.99</span><span itemprop="eligibleQuantity" itemscope="" itemtype="http://schema.org/QuantitativeValue">/<span itemprop="unitText">400g</span></span></td><td>$12.47/kg</td><td style="display: none;">2020-02-26</td><td style="display: none;"></td><td style="display: none;">High Liner</td><td style="display: none;"></td><td style="display: none;"></td><td style="display: none;"></td><td style="display: none;">frozen</td><td style="display: none;"></td><td style="display: none;"><a class="recipeLink" href="/recipe_ingredient_search_results.php?query=(_QU5E__1__________339__[]_1_1)">Recipes with sole fillets</a></td></tr><tr role="row" class="even"><td tabindex="0"><i class="fas fa-hand-rock"></i></td><td class=" not_printable"><div class="addToGL" data-soscuisine-aisle="7" data-soscuisine-sip="3940621"><i class="fa fa-cart-plus" title="Add to My Grocery List"></i><div></div></div></td><td><img class="storeItemImage" itemprop="image" alt="sole fillets" src="/media/images/store_item/339.jpg"></td><td>sole fillets</td><td class="not_printable sorting_1">fish &amp; seafood</td><td><img style="width:50%;" src="/media/images/logos/marchands/5.png" alt="Super C"></td><td><span itemprop="price">$10.00</span><span itemprop="eligibleQuantity" itemscope="" itemtype="http://schema.org/QuantitativeValue">/<span itemprop="unitText">800g</span></span></td><td>$12.50/kg</td><td style="display: none;">2020-02-26</td><td style="display: none;"></td><td style="display: none;"></td><td style="display: none;"></td><td style="display: none;"></td><td style="display: none;"></td><td style="display: none;">frozen</td><td style="display: none;"></td><td style="display: none;"><a class="recipeLink" href="/recipe_ingredient_search_results.php?query=(_QU5E__1__________339__[]_1_1)">Recipes with sole fillets</a></td></tr><tr role="row" class="odd"><td tabindex="0"><i class="fas fa-hand-rock"></i></td><td class=" not_printable"><div class="addToGL" data-soscuisine-aisle="7" data-soscuisine-sip="3938169"><i class="fa fa-cart-plus" title="Add to My Grocery List"></i><div></div></div></td><td><img class="storeItemImage" itemprop="image" alt="sole fillets, fresh" src="/media/images/store_item/1027.jpg"></td><td>sole fillets, fresh</td><td class="not_printable sorting_1">fish &amp; seafood</td><td><img style="width:50%;" src="/media/images/logos/marchands/7.png" alt="Intermarché (Saveurs intl.)"></td><td><span itemprop="price">$7.99</span><span itemprop="eligibleQuantity" itemscope="" itemtype="http://schema.org/QuantitativeValue">/<span itemprop="unitText">lb</span></span></td><td>$17.62/kg</td><td style="display: none;">2020-02-26</td><td style="display: none;"></td><td style="display: none;"></td><td style="display: none;"></td><td style="display: none;"></td><td style="display: none;"></td><td style="display: none;"></td><td style="display: none;"></td><td style="display: none;"><a class="recipeLink" href="/recipe_ingredient_search_results.php?query=(_QU5E__1__________1027__[]_1_1)">Recipes with sole fillets, fresh</a></td></tr><tr role="row" class="even"><td tabindex="0"><i class="fas fa-exclamation"></i></td><td class=" not_printable"><div class="addToGL" data-soscuisine-aisle="7" data-soscuisine-sip="3937983"><i class="fa fa-cart-plus" title="Add to My Grocery List"></i><div></div></div></td><td><img class="storeItemImage" alt="steelhead salmon/trout fillets, fresh" src="/media/images/store_item/blank.jpg"></td><td>steelhead salmon/trout fillets, fresh</td><td class="not_printable sorting_1">fish &amp; seafood</td><td><img style="width:50%;" src="/media/images/logos/marchands/2.png" alt="Provigo"></td><td><span itemprop="price">$8.99</span><span itemprop="eligibleQuantity" itemscope="" itemtype="http://schema.org/QuantitativeValue">/<span itemprop="unitText">lb</span></span></td><td>$19.82/kg</td><td style="display: none;">2020-02-26</td><td style="display: none;"></td><td style="display: none;"></td><td style="display: none;"></td><td style="display: none;"></td><td style="display: none;"></td><td style="display: none;"></td><td style="display: none;"></td><td style="display: none;"><a class="recipeLink" href="/recipe_ingredient_search_results.php?query=(_QU5E__1__________1057__[]_1_1)">Recipes with steelhead salmon/trout fillets, fresh</a></td></tr><tr role="row" class="odd"><td tabindex="0"><i class="fas fa-hand-rock"></i></td><td class=" not_printable"><div class="addToGL" data-soscuisine-aisle="7" data-soscuisine-sip="3939105"><i class="fa fa-cart-plus" title="Add to My Grocery List"></i><div></div></div></td><td><img class="storeItemImage" itemprop="image" alt="tilapia fillets" src="/media/images/store_item/2.jpg"></td><td>tilapia fillets</td><td class="not_printable sorting_1">fish &amp; seafood</td><td><img style="width:50%;" src="/media/images/logos/marchands/63.png" alt="Marché Adonis"></td><td><span itemprop="price">$6.99</span><span itemprop="eligibleQuantity" itemscope="" itemtype="http://schema.org/QuantitativeValue">/<span itemprop="unitText">lb</span></span></td><td>$15.41/kg</td><td style="display: none;">2020-02-26</td><td style="display: none;"></td><td style="display: none;"></td><td style="display: none;"></td><td style="display: none;"></td><td style="display: none;"></td><td style="display: none;"></td><td style="display: none;"></td><td style="display: none;"><a class="recipeLink" href="/recipe_ingredient_search_results.php?query=(_QU5E__1__________2__[]_1_1)">Recipes with tilapia fillets</a></td></tr><tr role="row" class="even"><td tabindex="0"><i class="fa fa-thumbs-down"></i></td><td class=" not_printable"><div class="addToGL" data-soscuisine-aisle="7" data-soscuisine-sip="3939001"><i class="fa fa-cart-plus" title="Add to My Grocery List"></i><div></div></div></td><td><img class="storeItemImage" itemprop="image" alt="tilapia fillets" src="/media/images/store_item/2.jpg"></td><td>tilapia fillets</td><td class="not_printable sorting_1">fish &amp; seafood</td><td><img style="width:50%;" src="/media/images/logos/marchands/64.png" alt="Mourelatos"></td><td><span itemprop="price">$7.99</span><span itemprop="eligibleQuantity" itemscope="" itemtype="http://schema.org/QuantitativeValue">/<span itemprop="unitText">lb</span></span></td><td>$17.62/kg</td><td style="display: none;">2020-02-25</td><td style="display: none;"></td><td style="display: none;"></td><td style="display: none;"></td><td style="display: none;"></td><td style="display: none;"></td><td style="display: none;"></td><td style="display: none;"></td><td style="display: none;"><a class="recipeLink" href="/recipe_ingredient_search_results.php?query=(_QU5E__1__________2__[]_1_1)">Recipes with tilapia fillets</a></td></tr><tr role="row" class="odd"><td tabindex="0"><i class="fas fa-hand-rock"></i></td><td class=" not_printable"><div class="addToGL" data-soscuisine-aisle="7" data-soscuisine-sip="3937753"><i class="fa fa-cart-plus" title="Add to My Grocery List"></i><div></div></div></td><td><img class="storeItemImage" itemprop="image" alt="trout fillets" src="/media/images/store_item/328.jpg"></td><td>trout fillets</td><td class="not_printable sorting_1">fish &amp; seafood</td><td><img style="width:50%;" src="/media/images/logos/marchands/1.png" alt="Metro"></td><td><span itemprop="price">$11.99</span><span itemprop="eligibleQuantity" itemscope="" itemtype="http://schema.org/QuantitativeValue">/<span itemprop="unitText">lb</span></span></td><td>$26.43/kg</td><td style="display: none;">2020-02-26</td><td style="display: none;"></td><td style="display: none;"></td><td style="display: none;"></td><td style="display: none;"></td><td style="display: none;"></td><td style="display: none;">frozen</td><td style="display: none;">Peru</td><td style="display: none;"><a class="recipeLink" href="/recipe_ingredient_search_results.php?query=(_QU5E__1__________328__[]_1_1)">Recipes with trout fillets</a></td></tr><tr role="row" class="even"><td tabindex="0"><i class="fa fa-thumbs-down"></i></td><td class=" not_printable"><div class="addToGL" data-soscuisine-aisle="7" data-soscuisine-sip="3937759"><i class="fa fa-cart-plus" title="Add to My Grocery List"></i><div></div></div></td><td><img class="storeItemImage" alt="tuna steaks" src="/media/images/store_item/blank.jpg"></td><td>tuna steaks</td><td class="not_printable sorting_1">fish &amp; seafood</td><td><img style="width:50%;" src="/media/images/logos/marchands/1.png" alt="Metro"></td><td><span itemprop="price">$12.99</span><span itemprop="eligibleQuantity" itemscope="" itemtype="http://schema.org/QuantitativeValue">/<span itemprop="unitText">12oz (340g)</span></span></td><td>$38.21/kg</td><td style="display: none;">2020-02-26</td><td style="display: none;"></td><td style="display: none;">Sea Delight</td><td style="display: none;"></td><td style="display: none;"></td><td style="display: none;"></td><td style="display: none;">frozen</td><td style="display: none;"></td><td style="display: none;"><a class="recipeLink" href="/recipe_ingredient_search_results.php?query=(_QU5E__1__________175__[]_1_1)">Recipes with tuna steaks</a></td></tr><tr role="row" class="odd"><td tabindex="0"><i class="fa fa-thumbs-up"></i><i class="fa fa-thumbs-up"></i></td><td class=" not_printable"><div class="addToGL" data-soscuisine-aisle="7" data-soscuisine-sip="3937987"><i class="fa fa-cart-plus" title="Add to My Grocery List"></i><div></div></div></td><td><img class="storeItemImage" alt="tuna steaks" src="/media/images/store_item/blank.jpg"></td><td>tuna steaks</td><td class="not_printable sorting_1">fish &amp; seafood</td><td><img style="width:50%;" src="/media/images/logos/marchands/2.png" alt="Provigo"></td><td><span itemprop="price">$8.99</span><span itemprop="eligibleQuantity" itemscope="" itemtype="http://schema.org/QuantitativeValue">/<span itemprop="unitText">lb</span></span></td><td>$19.82/kg</td><td style="display: none;">2020-02-26</td><td style="display: none;"></td><td style="display: none;"></td><td style="display: none;"></td><td style="display: none;"></td><td style="display: none;"></td><td style="display: none;">frozen, or previously frozen</td><td style="display: none;"></td><td style="display: none;"><a class="recipeLink" href="/recipe_ingredient_search_results.php?query=(_QU5E__1__________175__[]_1_1)">Recipes with tuna steaks</a></td></tr><tr role="row" class="even"><td tabindex="0"><i class="fa fa-thumbs-down"></i></td><td class=" not_printable"><div class="addToGL" data-soscuisine-aisle="7" data-soscuisine-sip="3938829"><i class="fa fa-cart-plus" title="Add to My Grocery List"></i><div></div></div></td><td><img class="storeItemImage" alt="turbot fillets" src="/media/images/store_item/blank.jpg"></td><td>turbot fillets</td><td class="not_printable sorting_1">fish &amp; seafood</td><td><img style="width:50%;" src="/media/images/logos/marchands/93.png" alt="Rachelle Béry"></td><td><span itemprop="price">$11.99</span><span itemprop="eligibleQuantity" itemscope="" itemtype="http://schema.org/QuantitativeValue">/<span itemprop="unitText">340g</span></span></td><td>$35.26/kg</td><td style="display: none;">2020-03-04</td><td style="display: none;">Quebec</td><td style="display: none;"></td><td style="display: none;"></td><td style="display: none;"></td><td style="display: none;"></td><td style="display: none;">frozen</td><td style="display: none;">Fruits De Mer</td><td style="display: none;"><a class="recipeLink" href="/recipe_ingredient_search_results.php?query=(_QU5E__1__________470__[]_1_1)">Recipes with turbot fillets</a></td></tr><tr role="row" class="odd"><td tabindex="0"><i class="fa fa-thumbs-up"></i></td><td class=" not_printable"><div class="addToGL" data-soscuisine-aisle="7" data-soscuisine-sip="3935981"><i class="fa fa-cart-plus" title="Add to My Grocery List"></i><div></div></div></td><td><img class="storeItemImage" alt="whiting, whole" src="/media/images/store_item/blank.jpg"></td><td>whiting, whole</td><td class="not_printable sorting_1">fish &amp; seafood</td><td><img style="width:50%;" src="/media/images/logos/marchands/62.png" alt="Supermarché PA"></td><td><span itemprop="price">$2.49</span><span itemprop="eligibleQuantity" itemscope="" itemtype="http://schema.org/QuantitativeValue">/<span itemprop="unitText">lb</span></span></td><td>$5.49/kg</td><td style="display: none;">2020-02-23</td><td style="display: none;"></td><td style="display: none;"></td><td style="display: none;"></td><td style="display: none;"></td><td style="display: none;"></td><td style="display: none;">fresh</td><td style="display: none;"></td><td style="display: none;"></td></tr><tr role="row" class="even"><td tabindex="0"><i class="fas fa-hand-rock"></i></td><td class=" not_printable"><div class="addToGL" data-soscuisine-aisle="7" data-soscuisine-sip="3935983"><i class="fa fa-cart-plus" title="Add to My Grocery List"></i><div></div></div></td><td><img class="storeItemImage" alt="whiting, whole" src="/media/images/store_item/blank.jpg"></td><td>whiting, whole</td><td class="not_printable sorting_1">fish &amp; seafood</td><td><img style="width:50%;" src="/media/images/logos/marchands/62.png" alt="Supermarché PA"></td><td><span itemprop="price">$3.49</span><span itemprop="eligibleQuantity" itemscope="" itemtype="http://schema.org/QuantitativeValue">/<span itemprop="unitText">lb</span></span></td><td>$7.69/kg</td><td style="display: none;">2020-02-23</td><td style="display: none;"></td><td style="display: none;"></td><td style="display: none;"></td><td style="display: none;"></td><td style="display: none;"></td><td style="display: none;">fresh, cleaned</td><td style="display: none;"></td><td style="display: none;"></td></tr><tr role="row" class="odd"><td tabindex="0"><i class="fas fa-hand-rock"></i></td><td class=" not_printable"><div class="addToGL" data-soscuisine-aisle="13" data-soscuisine-sip="3912915"><i class="fa fa-cart-plus" title="Add to My Grocery List"></i><div></div></div></td><td><img class="storeItemImage" alt="almond beverage/milk" src="/media/images/store_item/blank.jpg"></td><td>almond beverage/milk</td><td class="not_printable sorting_1">other refrigerated items</td><td><img style="width:50%;" src="/media/images/logos/marchands/94.png" alt="Avril"></td><td><span itemprop="price">$3.99</span><span itemprop="eligibleQuantity" itemscope="" itemtype="http://schema.org/QuantitativeValue">/<span itemprop="value">2</span>x<span itemprop="unitText">946mL</span></span></td><td>$2.11/L</td><td style="display: none;">2020-03-03</td><td style="display: none;"></td><td style="display: none;">Earth's Own</td><td style="display: none;"></td><td style="display: none;"></td><td style="display: none;"></td><td style="display: none;"></td><td style="display: none;"></td><td style="display: none;"><a class="recipeLink" href="/recipe_ingredient_search_results.php?query=(_QU5E__1__________986__[]_1_1)">Recipes with almond beverage/milk</a></td></tr><tr role="row" class="even"><td tabindex="0"><i class="fas fa-hand-rock"></i></td><td class=" not_printable"><div class="addToGL" data-soscuisine-aisle="13" data-soscuisine-sip="3912873"><i class="fa fa-cart-plus" title="Add to My Grocery List"></i><div></div></div></td><td><img class="storeItemImage" alt="almond beverage/milk" src="/media/images/store_item/blank.jpg"></td><td>almond beverage/milk</td><td class="not_printable sorting_1">other refrigerated items</td><td><img style="width:50%;" src="/media/images/logos/marchands/94.png" alt="Avril"></td><td><span itemprop="price">$3.99</span><span itemprop="eligibleQuantity" itemscope="" itemtype="http://schema.org/QuantitativeValue">/<span itemprop="unitText">59oz (1.75L)</span></span></td><td>$2.28/L</td><td style="display: none;">2020-03-03</td><td style="display: none;"></td><td style="display: none;">So Nice</td><td style="display: none;"></td><td style="display: none;"></td><td style="display: none;"></td><td style="display: none;"></td><td style="display: none;"></td><td style="display: none;"><a class="recipeLink" href="/recipe_ingredient_search_results.php?query=(_QU5E__1__________986__[]_1_1)">Recipes with almond beverage/milk</a></td></tr><tr role="row" class="odd"><td tabindex="0"><i class="fa fa-thumbs-down"></i></td><td class=" not_printable"><div class="addToGL" data-soscuisine-aisle="13" data-soscuisine-sip="3912875"><i class="fa fa-cart-plus" title="Add to My Grocery List"></i><div></div></div></td><td><img class="storeItemImage" alt="almond beverage/milk" src="/media/images/store_item/blank.jpg"></td><td>almond beverage/milk</td><td class="not_printable sorting_1">other refrigerated items</td><td><img style="width:50%;" src="/media/images/logos/marchands/94.png" alt="Avril"></td><td><span itemprop="price">$4.77</span><span itemprop="eligibleQuantity" itemscope="" itemtype="http://schema.org/QuantitativeValue">/<span itemprop="unitText">64oz (1.89L)</span></span></td><td>$2.52/L</td><td style="display: none;">2020-03-03</td><td style="display: none;"></td><td style="display: none;">Blue Diamond</td><td style="display: none;"></td><td style="display: none;"></td><td style="display: none;"></td><td style="display: none;"></td><td style="display: none;"></td><td style="display: none;"><a class="recipeLink" href="/recipe_ingredient_search_results.php?query=(_QU5E__1__________986__[]_1_1)">Recipes with almond beverage/milk</a></td></tr><tr role="row" class="even"><td tabindex="0"><i class="fa fa-thumbs-down"></i></td><td class=" not_printable"><div class="addToGL" data-soscuisine-aisle="13" data-soscuisine-sip="3912917"><i class="fa fa-cart-plus" title="Add to My Grocery List"></i><div></div></div></td><td><img class="storeItemImage" alt="almond beverage/milk" src="/media/images/store_item/blank.jpg"></td><td>almond beverage/milk</td><td class="not_printable sorting_1">other refrigerated items</td><td><img style="width:50%;" src="/media/images/logos/marchands/94.png" alt="Avril"></td><td><span itemprop="price">$2.49</span><span itemprop="eligibleQuantity" itemscope="" itemtype="http://schema.org/QuantitativeValue">/<span itemprop="unitText">946mL</span></span></td><td>$2.63/L</td><td style="display: none;">2020-03-03</td><td style="display: none;"></td><td style="display: none;">Earth's Own</td><td style="display: none;"></td><td style="display: none;"></td><td style="display: none;"></td><td style="display: none;"></td><td style="display: none;"></td><td style="display: none;"><a class="recipeLink" href="/recipe_ingredient_search_results.php?query=(_QU5E__1__________986__[]_1_1)">Recipes with almond beverage/milk</a></td></tr><tr role="row" class="odd"><td tabindex="0"><i class="fa fa-thumbs-up"></i></td><td class=" not_printable"><div class="addToGL" data-soscuisine-aisle="13" data-soscuisine-sip="3939675"><i class="fa fa-cart-plus" title="Add to My Grocery List"></i><div></div></div></td><td><img class="storeItemImage" alt="almond beverage/milk" src="/media/images/store_item/blank.jpg"></td><td>almond beverage/milk</td><td class="not_printable sorting_1">other refrigerated items</td><td><img style="width:50%;" src="/media/images/logos/marchands/10.png" alt="Bonichoix"></td><td><span itemprop="price">$3.79</span><span itemprop="eligibleQuantity" itemscope="" itemtype="http://schema.org/QuantitativeValue">/<span itemprop="unitText">64oz (1.89L)</span></span></td><td>$2.01/L</td><td style="display: none;">2020-02-26</td><td style="display: none;"></td><td style="display: none;">Silk</td><td style="display: none;"></td><td style="display: none;"></td><td style="display: none;"></td><td style="display: none;"></td><td style="display: none;"></td><td style="display: none;"><a class="recipeLink" href="/recipe_ingredient_search_results.php?query=(_QU5E__1__________986__[]_1_1)">Recipes with almond beverage/milk</a></td></tr><tr role="row" class="even"><td tabindex="0"><i class="fa fa-thumbs-down"></i></td><td class=" not_printable"><div class="addToGL" data-soscuisine-aisle="13" data-soscuisine-sip="3939467"><i class="fa fa-cart-plus" title="Add to My Grocery List"></i><div></div></div></td><td><img class="storeItemImage" alt="almond beverage/milk" src="/media/images/store_item/blank.jpg"></td><td>almond beverage/milk</td><td class="not_printable sorting_1">other refrigerated items</td><td><img style="width:50%;" src="/media/images/logos/marchands/3.png" alt="IGA"></td><td><span itemprop="price">$3.99</span><span itemprop="eligibleQuantity" itemscope="" itemtype="http://schema.org/QuantitativeValue">/<span itemprop="unitText">1,5L</span></span></td><td>$2.66/L</td><td style="display: none;">2020-02-26</td><td style="display: none;"></td><td style="display: none;">Simply</td><td style="display: none;"></td><td style="display: none;"></td><td style="display: none;"></td><td style="display: none;"></td><td style="display: none;"></td><td style="display: none;"><a class="recipeLink" href="/recipe_ingredient_search_results.php?query=(_QU5E__1__________986__[]_1_1)">Recipes with almond beverage/milk</a></td></tr><tr role="row" class="odd"><td tabindex="0"><i class="fa fa-thumbs-up"></i></td><td class=" not_printable"><div class="addToGL" data-soscuisine-aisle="13" data-soscuisine-sip="3939217"><i class="fa fa-cart-plus" title="Add to My Grocery List"></i><div></div></div></td><td><img class="storeItemImage" alt="almond beverage/milk" src="/media/images/store_item/blank.jpg"></td><td>almond beverage/milk</td><td class="not_printable sorting_1">other refrigerated items</td><td><img style="width:50%;" src="/media/images/logos/marchands/63.png" alt="Marché Adonis"></td><td><span itemprop="price">$1.99</span><span itemprop="eligibleQuantity" itemscope="" itemtype="http://schema.org/QuantitativeValue">/<span itemprop="unitText">946mL</span></span></td><td>$2.10/L</td><td style="display: none;">2020-02-26</td><td style="display: none;"></td><td style="display: none;">Natura</td><td style="display: none;"></td><td style="display: none;"></td><td style="display: none;"></td><td style="display: none;"></td><td style="display: none;"></td><td style="display: none;"><a class="recipeLink" href="/recipe_ingredient_search_results.php?query=(_QU5E__1__________986__[]_1_1)">Recipes with almond beverage/milk</a></td></tr><tr role="row" class="even"><td tabindex="0"><i class="fas fa-hand-rock"></i></td><td class=" not_printable"><div class="addToGL" data-soscuisine-aisle="13" data-soscuisine-sip="3937311"><i class="fa fa-cart-plus" title="Add to My Grocery List"></i><div></div></div></td><td><img class="storeItemImage" alt="almond beverage/milk" src="/media/images/store_item/blank.jpg"></td><td>almond beverage/milk</td><td class="not_printable sorting_1">other refrigerated items</td><td><img style="width:50%;" src="/media/images/logos/marchands/95.png" alt="Marchés Tau"></td><td><span itemprop="price">$4.00</span><span itemprop="eligibleQuantity" itemscope="" itemtype="http://schema.org/QuantitativeValue">/<span itemprop="value">2</span>x<span itemprop="unitText">946mL</span></span></td><td>$2.11/L</td><td style="display: none;">2020-03-29</td><td style="display: none;"></td><td style="display: none;">Blue Diamond</td><td style="display: none;"></td><td style="display: none;"></td><td style="display: none;"></td><td style="display: none;"></td><td style="display: none;"></td><td style="display: none;"><a class="recipeLink" href="/recipe_ingredient_search_results.php?query=(_QU5E__1__________986__[]_1_1)">Recipes with almond beverage/milk</a></td></tr><tr role="row" class="odd"><td tabindex="0"><i class="fas fa-hand-rock"></i></td><td class=" not_printable"><div class="addToGL" data-soscuisine-aisle="13" data-soscuisine-sip="3937321"><i class="fa fa-cart-plus" title="Add to My Grocery List"></i><div></div></div></td><td><img class="storeItemImage" alt="almond beverage/milk" src="/media/images/store_item/blank.jpg"></td><td>almond beverage/milk</td><td class="not_printable sorting_1">other refrigerated items</td><td><img style="width:50%;" src="/media/images/logos/marchands/95.png" alt="Marchés Tau"></td><td><span itemprop="price">$3.99</span><span itemprop="eligibleQuantity" itemscope="" itemtype="http://schema.org/QuantitativeValue">/<span itemprop="unitText">59oz (1.75L)</span></span></td><td>$2.28/L</td><td style="display: none;">2020-03-29</td><td style="display: none;"></td><td style="display: none;">Earth's Own</td><td style="display: none;"></td><td style="display: none;"></td><td style="display: none;"></td><td style="display: none;"></td><td style="display: none;"></td><td style="display: none;"><a class="recipeLink" href="/recipe_ingredient_search_results.php?query=(_QU5E__1__________986__[]_1_1)">Recipes with almond beverage/milk</a></td></tr><tr role="row" class="even"><td tabindex="0"><i class="fas fa-hand-rock"></i></td><td class=" not_printable"><div class="addToGL" data-soscuisine-aisle="13" data-soscuisine-sip="3937871"><i class="fa fa-cart-plus" title="Add to My Grocery List"></i><div></div></div></td><td><img class="storeItemImage" alt="almond beverage/milk" src="/media/images/store_item/blank.jpg"></td><td>almond beverage/milk</td><td class="not_printable sorting_1">other refrigerated items</td><td><img style="width:50%;" src="/media/images/logos/marchands/1.png" alt="Metro"></td><td><span itemprop="price">$2.00</span><span itemprop="eligibleQuantity" itemscope="" itemtype="http://schema.org/QuantitativeValue">/<span itemprop="unitText">946mL</span></span></td><td>$2.11/L</td><td style="display: none;">2020-02-26</td><td style="display: none;"></td><td style="display: none;">Silk</td><td style="display: none;"></td><td style="display: none;"></td><td style="display: none;"></td><td style="display: none;"></td><td style="display: none;"></td><td style="display: none;"><a class="recipeLink" href="/recipe_ingredient_search_results.php?query=(_QU5E__1__________986__[]_1_1)">Recipes with almond beverage/milk</a></td></tr><tr role="row" class="odd"><td tabindex="0"><i class="fas fa-hand-rock"></i></td><td class=" not_printable"><div class="addToGL" data-soscuisine-aisle="13" data-soscuisine-sip="3937845"><i class="fa fa-cart-plus" title="Add to My Grocery List"></i><div></div></div></td><td><img class="storeItemImage" alt="almond beverage/milk" src="/media/images/store_item/blank.jpg"></td><td>almond beverage/milk</td><td class="not_printable sorting_1">other refrigerated items</td><td><img style="width:50%;" src="/media/images/logos/marchands/1.png" alt="Metro"></td><td><span itemprop="price">$3.79</span><span itemprop="eligibleQuantity" itemscope="" itemtype="http://schema.org/QuantitativeValue">/<span itemprop="unitText">59oz (1.75L)</span></span></td><td>$2.17/L</td><td style="display: none;">2020-02-26</td><td style="display: none;"></td><td style="display: none;">So Nice</td><td style="display: none;"></td><td style="display: none;"></td><td style="display: none;">Organic</td><td style="display: none;"></td><td style="display: none;"></td><td style="display: none;"><a class="recipeLink" href="/recipe_ingredient_search_results.php?query=(_QU5E__1__________986__[]_1_1)">Recipes with almond beverage/milk</a></td></tr><tr role="row" class="even"><td tabindex="0"><i class="fas fa-hand-rock"></i></td><td class=" not_printable"><div class="addToGL" data-soscuisine-aisle="13" data-soscuisine-sip="3938097"><i class="fa fa-cart-plus" title="Add to My Grocery List"></i><div></div></div></td><td><img class="storeItemImage" alt="almond beverage/milk" src="/media/images/store_item/blank.jpg"></td><td>almond beverage/milk</td><td class="not_printable sorting_1">other refrigerated items</td><td><img style="width:50%;" src="/media/images/logos/marchands/2.png" alt="Provigo"></td><td><span itemprop="price">$4.00</span><span itemprop="eligibleQuantity" itemscope="" itemtype="http://schema.org/QuantitativeValue">/<span itemprop="value">2</span>x<span itemprop="unitText">946mL</span></span></td><td>$2.11/L</td><td style="display: none;">2020-02-26</td><td style="display: none;"></td><td style="display: none;">Blue Diamond</td><td style="display: none;"></td><td style="display: none;"></td><td style="display: none;"></td><td style="display: none;"></td><td style="display: none;"></td><td style="display: none;"><a class="recipeLink" href="/recipe_ingredient_search_results.php?query=(_QU5E__1__________986__[]_1_1)">Recipes with almond beverage/milk</a></td></tr><tr role="row" class="odd"><td tabindex="0"><i class="fa fa-thumbs-down"></i></td><td class=" not_printable"><div class="addToGL" data-soscuisine-aisle="13" data-soscuisine-sip="3938095"><i class="fa fa-cart-plus" title="Add to My Grocery List"></i><div></div></div></td><td><img class="storeItemImage" alt="almond beverage/milk" src="/media/images/store_item/blank.jpg"></td><td>almond beverage/milk</td><td class="not_printable sorting_1">other refrigerated items</td><td><img style="width:50%;" src="/media/images/logos/marchands/2.png" alt="Provigo"></td><td><span itemprop="price">$2.49</span><span itemprop="eligibleQuantity" itemscope="" itemtype="http://schema.org/QuantitativeValue">/<span itemprop="unitText">946mL</span></span></td><td>$2.63/L</td><td style="display: none;">2020-02-26</td><td style="display: none;"></td><td style="display: none;">Blue Diamond</td><td style="display: none;"></td><td style="display: none;"></td><td style="display: none;"></td><td style="display: none;"></td><td style="display: none;"></td><td style="display: none;"><a class="recipeLink" href="/recipe_ingredient_search_results.php?query=(_QU5E__1__________986__[]_1_1)">Recipes with almond beverage/milk</a></td></tr><tr role="row" class="even"><td tabindex="0"><i class="fa fa-thumbs-up"></i><i class="fa fa-thumbs-up"></i></td><td class=" not_printable"><div class="addToGL" data-soscuisine-aisle="13" data-soscuisine-sip="3938759"><i class="fa fa-cart-plus" title="Add to My Grocery List"></i><div></div></div></td><td><img class="storeItemImage" alt="almond beverage/milk" src="/media/images/store_item/blank.jpg"></td><td>almond beverage/milk</td><td class="not_printable sorting_1">other refrigerated items</td><td><img style="width:50%;" src="/media/images/logos/marchands/93.png" alt="Rachelle Béry"></td><td><span itemprop="price">$4.98</span><span itemprop="eligibleQuantity" itemscope="" itemtype="http://schema.org/QuantitativeValue">/<span itemprop="value">3</span>x<span itemprop="unitText">946mL</span></span></td><td>$1.75/L</td><td style="display: none;">2020-03-04</td><td style="display: none;"></td><td style="display: none;">Blue Diamond</td><td style="display: none;"></td><td style="display: none;"></td><td style="display: none;"></td><td style="display: none;"></td><td style="display: none;"></td><td style="display: none;"><a class="recipeLink" href="/recipe_ingredient_search_results.php?query=(_QU5E__1__________986__[]_1_1)">Recipes with almond beverage/milk</a></td></tr><tr role="row" class="odd"><td tabindex="0"><i class="fa fa-thumbs-up"></i><i class="fa fa-thumbs-up"></i></td><td class=" not_printable"><div class="addToGL" data-soscuisine-aisle="13" data-soscuisine-sip="3940765"><i class="fa fa-cart-plus" title="Add to My Grocery List"></i><div></div></div></td><td><img class="storeItemImage" alt="almond beverage/milk" src="/media/images/store_item/blank.jpg"></td><td>almond beverage/milk</td><td class="not_printable sorting_1">other refrigerated items</td><td><img style="width:50%;" src="/media/images/logos/marchands/5.png" alt="Super C"></td><td><span itemprop="price">$2.99</span><span itemprop="eligibleQuantity" itemscope="" itemtype="http://schema.org/QuantitativeValue">/<span itemprop="unitText">64oz (1.89L)</span></span></td><td>$1.58/L</td><td style="display: none;">2020-02-26</td><td style="display: none;"></td><td style="display: none;">Silk</td><td style="display: none;"></td><td style="display: none;"></td><td style="display: none;"></td><td style="display: none;"></td><td style="display: none;"></td><td style="display: none;"><a class="recipeLink" href="/recipe_ingredient_search_results.php?query=(_QU5E__1__________986__[]_1_1)">Recipes with almond beverage/milk</a></td></tr><tr role="row" class="even"><td tabindex="0"><i class="fa fa-thumbs-up"></i></td><td class=" not_printable"><div class="addToGL" data-soscuisine-aisle="13" data-soscuisine-sip="3940811"><i class="fa fa-cart-plus" title="Add to My Grocery List"></i><div></div></div></td><td><img class="storeItemImage" alt="almond beverage/milk" src="/media/images/store_item/blank.jpg"></td><td>almond beverage/milk</td><td class="not_printable sorting_1">other refrigerated items</td><td><img style="width:50%;" src="/media/images/logos/marchands/11.png" alt="Tradition"></td><td><span itemprop="price">$3.79</span><span itemprop="eligibleQuantity" itemscope="" itemtype="http://schema.org/QuantitativeValue">/<span itemprop="unitText">64oz (1.89L)</span></span></td><td>$2.01/L</td><td style="display: none;">2020-02-26</td><td style="display: none;"></td><td style="display: none;">Silk</td><td style="display: none;"></td><td style="display: none;"></td><td style="display: none;"></td><td style="display: none;"></td><td style="display: none;"></td><td style="display: none;"><a class="recipeLink" href="/recipe_ingredient_search_results.php?query=(_QU5E__1__________986__[]_1_1)">Recipes with almond beverage/milk</a></td></tr><tr role="row" class="odd"><td tabindex="0"><i class="fa fa-thumbs-up"></i><i class="fa fa-thumbs-up"></i></td><td class=" not_printable"><div class="addToGL" data-soscuisine-aisle="13" data-soscuisine-sip="3941037"><i class="fa fa-cart-plus" title="Add to My Grocery List"></i><div></div></div></td><td><img class="storeItemImage" alt="almond beverage/milk" src="/media/images/store_item/blank.jpg"></td><td>almond beverage/milk</td><td class="not_printable sorting_1">other refrigerated items</td><td><img style="width:50%;" src="/media/images/logos/marchands/73.png" alt="Walmart"></td><td><span itemprop="price">$7.00</span><span itemprop="eligibleQuantity" itemscope="" itemtype="http://schema.org/QuantitativeValue">/<span itemprop="value">2</span>x<span itemprop="unitText">64oz (1.89L)</span></span></td><td>$1.85/L</td><td style="display: none;">2020-02-26</td><td style="display: none;"></td><td style="display: none;">Silk</td><td style="display: none;"></td><td style="display: none;"></td><td style="display: none;"></td><td style="display: none;"></td><td style="display: none;"></td><td style="display: none;"><a class="recipeLink" href="/recipe_ingredient_search_results.php?query=(_QU5E__1__________986__[]_1_1)">Recipes with almond beverage/milk</a></td></tr><tr role="row" class="even"><td tabindex="0"><i class="fa fa-thumbs-up"></i></td><td class=" not_printable"><div class="addToGL" data-soscuisine-aisle="13" data-soscuisine-sip="3941035"><i class="fa fa-cart-plus" title="Add to My Grocery List"></i><div></div></div></td><td><img class="storeItemImage" alt="almond beverage/milk" src="/media/images/store_item/blank.jpg"></td><td>almond beverage/milk</td><td class="not_printable sorting_1">other refrigerated items</td><td><img style="width:50%;" src="/media/images/logos/marchands/73.png" alt="Walmart"></td><td><span itemprop="price">$3.97</span><span itemprop="eligibleQuantity" itemscope="" itemtype="http://schema.org/QuantitativeValue">/<span itemprop="unitText">64oz (1.89L)</span></span></td><td>$2.10/L</td><td style="display: none;">2020-02-26</td><td style="display: none;"></td><td style="display: none;">Silk</td><td style="display: none;"></td><td style="display: none;"></td><td style="display: none;"></td><td style="display: none;"></td><td style="display: none;"></td><td style="display: none;"><a class="recipeLink" href="/recipe_ingredient_search_results.php?query=(_QU5E__1__________986__[]_1_1)">Recipes with almond beverage/milk</a></td></tr><tr role="row" class="odd"><td tabindex="0"><i class="fa fa-thumbs-up"></i><i class="fa fa-thumbs-up"></i></td><td class=" not_printable"><div class="addToGL" data-soscuisine-aisle="13" data-soscuisine-sip="3938317"><i class="fa fa-cart-plus" title="Add to My Grocery List"></i><div></div></div></td><td><img class="storeItemImage" alt="apple juice" src="/media/images/store_item/blank.jpg"></td><td>apple juice</td><td class="not_printable sorting_1">other refrigerated items</td><td><img style="width:50%;" src="/media/images/logos/marchands/2.png" alt="Provigo"></td><td><span itemprop="price">$2.49</span><span itemprop="eligibleQuantity" itemscope="" itemtype="http://schema.org/QuantitativeValue">/<span itemprop="unitText">2L</span></span></td><td>$1.25/L</td><td style="display: none;">2020-02-26</td><td style="display: none;"></td><td style="display: none;">Rougemont</td><td style="display: none;"></td><td style="display: none;"></td><td style="display: none;"></td><td style="display: none;"></td><td style="display: none;"></td><td style="display: none;"><a class="recipeLink" href="/recipe_ingredient_search_results.php?query=(_QU5E__1__________366__[]_1_1)">Recipes with apple juice</a></td></tr><tr role="row" class="even"><td tabindex="0"><i class="fas fa-exclamation"></i></td><td class=" not_printable"><div class="addToGL" data-soscuisine-aisle="13" data-soscuisine-sip="3937325"><i class="fa fa-cart-plus" title="Add to My Grocery List"></i><div></div></div></td><td><img class="storeItemImage" alt="cashew beverage/milk" src="/media/images/store_item/blank.jpg"></td><td>cashew beverage/milk</td><td class="not_printable sorting_1">other refrigerated items</td><td><img style="width:50%;" src="/media/images/logos/marchands/95.png" alt="Marchés Tau"></td><td><span itemprop="price">$3.99</span><span itemprop="eligibleQuantity" itemscope="" itemtype="http://schema.org/QuantitativeValue">/<span itemprop="unitText">59oz (1.75L)</span></span></td><td>$2.28/L</td><td style="display: none;">2020-03-29</td><td style="display: none;"></td><td style="display: none;">Earth's Own</td><td style="display: none;"></td><td style="display: none;"></td><td style="display: none;"></td><td style="display: none;"></td><td style="display: none;"></td><td style="display: none;"><a class="recipeLink" href="/recipe_ingredient_search_results.php?query=(_QU5E__1__________1321__[]_1_1)">Recipes with cashew beverage/milk</a></td></tr><tr role="row" class="odd"><td tabindex="0"><i class="fas fa-hand-rock"></i></td><td class=" not_printable"><div class="addToGL" data-soscuisine-aisle="13" data-soscuisine-sip="3939665"><i class="fa fa-cart-plus" title="Add to My Grocery List"></i><div></div></div></td><td><img class="storeItemImage" alt="coconut beverage" src="/media/images/store_item/blank.jpg"></td><td>coconut beverage</td><td class="not_printable sorting_1">other refrigerated items</td><td><img style="width:50%;" src="/media/images/logos/marchands/3.png" alt="IGA"></td><td><span itemprop="price">$1.99</span><span itemprop="eligibleQuantity" itemscope="" itemtype="http://schema.org/QuantitativeValue">/<span itemprop="unitText">946mL</span></span></td><td>$2.10/L</td><td style="display: none;">2020-02-26</td><td style="display: none;"></td><td style="display: none;">Dream</td><td style="display: none;"></td><td style="display: none;"></td><td style="display: none;"></td><td style="display: none;"></td><td style="display: none;"></td><td style="display: none;"></td></tr><tr role="row" class="even"><td tabindex="0"><i class="fa fa-thumbs-down"></i></td><td class=" not_printable"><div class="addToGL" data-soscuisine-aisle="13" data-soscuisine-sip="3937847"><i class="fa fa-cart-plus" title="Add to My Grocery List"></i><div></div></div></td><td><img class="storeItemImage" alt="coconut beverage" src="/media/images/store_item/blank.jpg"></td><td>coconut beverage</td><td class="not_printable sorting_1">other refrigerated items</td><td><img style="width:50%;" src="/media/images/logos/marchands/1.png" alt="Metro"></td><td><span itemprop="price">$3.79</span><span itemprop="eligibleQuantity" itemscope="" itemtype="http://schema.org/QuantitativeValue">/<span itemprop="unitText">59oz (1.75L)</span></span></td><td>$2.17/L</td><td style="display: none;">2020-02-26</td><td style="display: none;"></td><td style="display: none;">So Nice</td><td style="display: none;"></td><td style="display: none;"></td><td style="display: none;">Organic</td><td style="display: none;"></td><td style="display: none;"></td><td style="display: none;"></td></tr><tr role="row" class="odd"><td tabindex="0"><i class="fa fa-thumbs-down"></i></td><td class=" not_printable"><div class="addToGL" data-soscuisine-aisle="13" data-soscuisine-sip="3938353"><i class="fa fa-cart-plus" title="Add to My Grocery List"></i><div></div></div></td><td><img class="storeItemImage" alt="coconut beverage" src="/media/images/store_item/blank.jpg"></td><td>coconut beverage</td><td class="not_printable sorting_1">other refrigerated items</td><td><img style="width:50%;" src="/media/images/logos/marchands/2.png" alt="Provigo"></td><td><span itemprop="price">$5.00</span><span itemprop="eligibleQuantity" itemscope="" itemtype="http://schema.org/QuantitativeValue">/<span itemprop="value">2</span>x<span itemprop="unitText">946mL</span></span></td><td>$2.64/L</td><td style="display: none;">2020-02-26</td><td style="display: none;"></td><td style="display: none;">Dream</td><td style="display: none;"></td><td style="display: none;"></td><td style="display: none;"></td><td style="display: none;"></td><td style="display: none;"></td><td style="display: none;"></td></tr><tr role="row" class="even"><td tabindex="0"><i class="fa fa-thumbs-down"></i></td><td class=" not_printable"><div class="addToGL" data-soscuisine-aisle="13" data-soscuisine-sip="3938351"><i class="fa fa-cart-plus" title="Add to My Grocery List"></i><div></div></div></td><td><img class="storeItemImage" alt="coconut beverage" src="/media/images/store_item/blank.jpg"></td><td>coconut beverage</td><td class="not_printable sorting_1">other refrigerated items</td><td><img style="width:50%;" src="/media/images/logos/marchands/2.png" alt="Provigo"></td><td><span itemprop="price">$2.79</span><span itemprop="eligibleQuantity" itemscope="" itemtype="http://schema.org/QuantitativeValue">/<span itemprop="unitText">946mL</span></span></td><td>$2.95/L</td><td style="display: none;">2020-02-26</td><td style="display: none;"></td><td style="display: none;">Dream</td><td style="display: none;"></td><td style="display: none;"></td><td style="display: none;"></td><td style="display: none;"></td><td style="display: none;"></td><td style="display: none;"></td></tr><tr role="row" class="odd"><td tabindex="0"><i class="fa fa-thumbs-down"></i></td><td class=" not_printable"><div class="addToGL" data-soscuisine-aisle="13" data-soscuisine-sip="3939455"><i class="fa fa-cart-plus" title="Add to My Grocery List"></i><div></div></div></td><td><img class="storeItemImage" alt="hummus spread" src="/media/images/store_item/blank.jpg"></td><td>hummus spread</td><td class="not_printable sorting_1">other refrigerated items</td><td><img style="width:50%;" src="/media/images/logos/marchands/3.png" alt="IGA"></td><td><span itemprop="price">$3.99</span><span itemprop="eligibleQuantity" itemscope="" itemtype="http://schema.org/QuantitativeValue">/<span itemprop="unitText">8oz (227g)</span></span></td><td>$1.76/100g</td><td style="display: none;">2020-02-26</td><td style="display: none;"></td><td style="display: none;">Humm</td><td style="display: none;"></td><td style="display: none;"></td><td style="display: none;"></td><td style="display: none;"></td><td style="display: none;"></td><td style="display: none;"><a class="recipeLink" href="/recipe_ingredient_search_results.php?query=(_QU5E__1__________657__[]_1_1)">Recipes with hummus spread</a></td></tr><tr role="row" class="even"><td tabindex="0"><i class="fas fa-hand-rock"></i></td><td class=" not_printable"><div class="addToGL" data-soscuisine-aisle="13" data-soscuisine-sip="3938671"><i class="fa fa-cart-plus" title="Add to My Grocery List"></i><div></div></div></td><td><img class="storeItemImage" alt="hummus spread" src="/media/images/store_item/blank.jpg"></td><td>hummus spread</td><td class="not_printable sorting_1">other refrigerated items</td><td><img style="width:50%;" src="/media/images/logos/marchands/69.png" alt="Intermarche (Provincial)"></td><td><span itemprop="price">$2.99</span><span itemprop="eligibleQuantity" itemscope="" itemtype="http://schema.org/QuantitativeValue">/<span itemprop="unitText">8oz (227g)</span></span></td><td>$1.32/100g</td><td style="display: none;">2020-02-26</td><td style="display: none;"></td><td style="display: none;">house brand</td><td style="display: none;"></td><td style="display: none;"></td><td style="display: none;"></td><td style="display: none;"></td><td style="display: none;"></td><td style="display: none;"><a class="recipeLink" href="/recipe_ingredient_search_results.php?query=(_QU5E__1__________657__[]_1_1)">Recipes with hummus spread</a></td></tr><tr role="row" class="odd"><td tabindex="0"><i class="fas fa-hand-rock"></i></td><td class=" not_printable"><div class="addToGL" data-soscuisine-aisle="13" data-soscuisine-sip="3938391"><i class="fa fa-cart-plus" title="Add to My Grocery List"></i><div></div></div></td><td><img class="storeItemImage" alt="hummus spread" src="/media/images/store_item/blank.jpg"></td><td>hummus spread</td><td class="not_printable sorting_1">other refrigerated items</td><td><img style="width:50%;" src="/media/images/logos/marchands/7.png" alt="Intermarché (Saveurs intl.)"></td><td><span itemprop="price">$2.99</span><span itemprop="eligibleQuantity" itemscope="" itemtype="http://schema.org/QuantitativeValue">/<span itemprop="unitText">8oz (227g)</span></span></td><td>$1.32/100g</td><td style="display: none;">2020-02-26</td><td style="display: none;"></td><td style="display: none;">house brand</td><td style="display: none;"></td><td style="display: none;"></td><td style="display: none;"></td><td style="display: none;"></td><td style="display: none;"></td><td style="display: none;"><a class="recipeLink" href="/recipe_ingredient_search_results.php?query=(_QU5E__1__________657__[]_1_1)">Recipes with hummus spread</a></td></tr><tr role="row" class="even"><td tabindex="0"><i class="fas fa-hand-rock"></i></td><td class=" not_printable"><div class="addToGL" data-soscuisine-aisle="13" data-soscuisine-sip="3938261"><i class="fa fa-cart-plus" title="Add to My Grocery List"></i><div></div></div></td><td><img class="storeItemImage" alt="hummus spread" src="/media/images/store_item/blank.jpg"></td><td>hummus spread</td><td class="not_printable sorting_1">other refrigerated items</td><td><img style="width:50%;" src="/media/images/logos/marchands/2.png" alt="Provigo"></td><td><span itemprop="price">$8.00</span><span itemprop="eligibleQuantity" itemscope="" itemtype="http://schema.org/QuantitativeValue">/<span itemprop="value">2</span>x<span itemprop="unitText">280g</span></span></td><td>$1.43/100g</td><td style="display: none;">2020-02-26</td><td style="display: none;"></td><td style="display: none;">house brand</td><td style="display: none;"></td><td style="display: none;"></td><td style="display: none;"></td><td style="display: none;"></td><td style="display: none;"></td><td style="display: none;"><a class="recipeLink" href="/recipe_ingredient_search_results.php?query=(_QU5E__1__________657__[]_1_1)">Recipes with hummus spread</a></td></tr><tr role="row" class="odd"><td tabindex="0"><i class="fa fa-thumbs-down"></i></td><td class=" not_printable"><div class="addToGL" data-soscuisine-aisle="13" data-soscuisine-sip="3938259"><i class="fa fa-cart-plus" title="Add to My Grocery List"></i><div></div></div></td><td><img class="storeItemImage" alt="hummus spread" src="/media/images/store_item/blank.jpg"></td><td>hummus spread</td><td class="not_printable sorting_1">other refrigerated items</td><td><img style="width:50%;" src="/media/images/logos/marchands/2.png" alt="Provigo"></td><td><span itemprop="price">$4.49</span><span itemprop="eligibleQuantity" itemscope="" itemtype="http://schema.org/QuantitativeValue">/<span itemprop="unitText">280g</span></span></td><td>$1.60/100g</td><td style="display: none;">2020-02-26</td><td style="display: none;"></td><td style="display: none;">house brand</td><td style="display: none;"></td><td style="display: none;"></td><td style="display: none;"></td><td style="display: none;"></td><td style="display: none;"></td><td style="display: none;"><a class="recipeLink" href="/recipe_ingredient_search_results.php?query=(_QU5E__1__________657__[]_1_1)">Recipes with hummus spread</a></td></tr><tr role="row" class="even"><td tabindex="0"><i class="fas fa-hand-rock"></i></td><td class=" not_printable"><div class="addToGL" data-soscuisine-aisle="13" data-soscuisine-sip="3938955"><i class="fa fa-cart-plus" title="Add to My Grocery List"></i><div></div></div></td><td><img class="storeItemImage" alt="margarine" src="/media/images/store_item/blank.jpg"></td><td>margarine</td><td class="not_printable sorting_1">other refrigerated items</td><td><img style="width:50%;" src="/media/images/logos/marchands/3.png" alt="IGA"></td><td><span itemprop="price">$3.77</span><span itemprop="eligibleQuantity" itemscope="" itemtype="http://schema.org/QuantitativeValue">/<span itemprop="unitText">2lb (907g)</span></span></td><td>$0.42/100g</td><td style="display: none;">2020-02-26</td><td style="display: none;"></td><td style="display: none;">Becel</td><td style="display: none;"></td><td style="display: none;"></td><td style="display: none;"></td><td style="display: none;"></td><td style="display: none;"></td><td style="display: none;"><a class="recipeLink" href="/recipe_ingredient_search_results.php?query=(_QU5E__1__________226__[]_1_1)">Recipes with margarine</a></td></tr><tr role="row" class="odd"><td tabindex="0"><i class="fa fa-thumbs-up"></i></td><td class=" not_printable"><div class="addToGL" data-soscuisine-aisle="13" data-soscuisine-sip="3938699"><i class="fa fa-cart-plus" title="Add to My Grocery List"></i><div></div></div></td><td><img class="storeItemImage" alt="margarine" src="/media/images/store_item/blank.jpg"></td><td>margarine</td><td class="not_printable sorting_1">other refrigerated items</td><td><img style="width:50%;" src="/media/images/logos/marchands/69.png" alt="Intermarche (Provincial)"></td><td><span itemprop="price">$9.49</span><span itemprop="eligibleQuantity" itemscope="" itemtype="http://schema.org/QuantitativeValue">/<span itemprop="unitText">6lb (2,72kg)</span></span></td><td>$0.35/100g</td><td style="display: none;">2020-02-26</td><td style="display: none;"></td><td style="display: none;">Mirage</td><td style="display: none;"></td><td style="display: none;"></td><td style="display: none;"></td><td style="display: none;"></td><td style="display: none;"></td><td style="display: none;"><a class="recipeLink" href="/recipe_ingredient_search_results.php?query=(_QU5E__1__________226__[]_1_1)">Recipes with margarine</a></td></tr><tr role="row" class="even"><td tabindex="0"><i class="fa fa-thumbs-down"></i></td><td class=" not_printable"><div class="addToGL" data-soscuisine-aisle="13" data-soscuisine-sip="3938741"><i class="fa fa-cart-plus" title="Add to My Grocery List"></i><div></div></div></td><td><img class="storeItemImage" alt="margarine" src="/media/images/store_item/blank.jpg"></td><td>margarine</td><td class="not_printable sorting_1">other refrigerated items</td><td><img style="width:50%;" src="/media/images/logos/marchands/69.png" alt="Intermarche (Provincial)"></td><td><span itemprop="price">$3.00</span><span itemprop="eligibleQuantity" itemscope="" itemtype="http://schema.org/QuantitativeValue">/<span itemprop="unitText">454g (1lb)</span></span></td><td>$0.66/100g</td><td style="display: none;">2020-02-26</td><td style="display: none;"></td><td style="display: none;">Becel</td><td style="display: none;"></td><td style="display: none;"></td><td style="display: none;"></td><td style="display: none;"></td><td style="display: none;"></td><td style="display: none;"><a class="recipeLink" href="/recipe_ingredient_search_results.php?query=(_QU5E__1__________226__[]_1_1)">Recipes with margarine</a></td></tr><tr role="row" class="odd"><td tabindex="0"><i class="fa fa-thumbs-down"></i></td><td class=" not_printable"><div class="addToGL" data-soscuisine-aisle="13" data-soscuisine-sip="3938477"><i class="fa fa-cart-plus" title="Add to My Grocery List"></i><div></div></div></td><td><img class="storeItemImage" alt="margarine" src="/media/images/store_item/blank.jpg"></td><td>margarine</td><td class="not_printable sorting_1">other refrigerated items</td><td><img style="width:50%;" src="/media/images/logos/marchands/7.png" alt="Intermarché (Saveurs intl.)"></td><td><span itemprop="price">$3.00</span><span itemprop="eligibleQuantity" itemscope="" itemtype="http://schema.org/QuantitativeValue">/<span itemprop="unitText">454g (1lb)</span></span></td><td>$0.66/100g</td><td style="display: none;">2020-02-26</td><td style="display: none;"></td><td style="display: none;">Becel</td><td style="display: none;"></td><td style="display: none;"></td><td style="display: none;"></td><td style="display: none;"></td><td style="display: none;"></td><td style="display: none;"><a class="recipeLink" href="/recipe_ingredient_search_results.php?query=(_QU5E__1__________226__[]_1_1)">Recipes with margarine</a></td></tr><tr role="row" class="even"><td tabindex="0"><i class="fa fa-thumbs-up"></i><i class="fa fa-thumbs-up"></i></td><td class=" not_printable"><div class="addToGL" data-soscuisine-aisle="13" data-soscuisine-sip="3938315"><i class="fa fa-cart-plus" title="Add to My Grocery List"></i><div></div></div></td><td><img class="storeItemImage" alt="margarine" src="/media/images/store_item/blank.jpg"></td><td>margarine</td><td class="not_printable sorting_1">other refrigerated items</td><td><img style="width:50%;" src="/media/images/logos/marchands/2.png" alt="Provigo"></td><td><span itemprop="price">$2.49</span><span itemprop="eligibleQuantity" itemscope="" itemtype="http://schema.org/QuantitativeValue">/<span itemprop="unitText">2lb (907g)</span></span></td><td>$0.27/100g</td><td style="display: none;">2020-02-26</td><td style="display: none;"></td><td style="display: none;">Imperial</td><td style="display: none;"></td><td style="display: none;"></td><td style="display: none;">soft</td><td style="display: none;"></td><td style="display: none;"></td><td style="display: none;"><a class="recipeLink" href="/recipe_ingredient_search_results.php?query=(_QU5E__1__________226__[]_1_1)">Recipes with margarine</a></td></tr><tr role="row" class="odd"><td tabindex="0"><i class="fas fa-hand-rock"></i></td><td class=" not_printable"><div class="addToGL" data-soscuisine-aisle="13" data-soscuisine-sip="3940973"><i class="fa fa-cart-plus" title="Add to My Grocery List"></i><div></div></div></td><td><img class="storeItemImage" alt="margarine" src="/media/images/store_item/blank.jpg"></td><td>margarine</td><td class="not_printable sorting_1">other refrigerated items</td><td><img style="width:50%;" src="/media/images/logos/marchands/12.png" alt="Richelieu"></td><td><span itemprop="price">$4.99</span><span itemprop="eligibleQuantity" itemscope="" itemtype="http://schema.org/QuantitativeValue">/<span itemprop="unitText">2lb (907g)</span></span></td><td>$0.55/100g</td><td style="display: none;">2020-02-26</td><td style="display: none;"></td><td style="display: none;">Becel</td><td style="display: none;"></td><td style="display: none;"></td><td style="display: none;">soft</td><td style="display: none;"></td><td style="display: none;"></td><td style="display: none;"><a class="recipeLink" href="/recipe_ingredient_search_results.php?query=(_QU5E__1__________226__[]_1_1)">Recipes with margarine</a></td></tr><tr role="row" class="even"><td tabindex="0"><i class="fas fa-hand-rock"></i></td><td class=" not_printable"><div class="addToGL" data-soscuisine-aisle="13" data-soscuisine-sip="3940749"><i class="fa fa-cart-plus" title="Add to My Grocery List"></i><div></div></div></td><td><img class="storeItemImage" alt="margarine" src="/media/images/store_item/blank.jpg"></td><td>margarine</td><td class="not_printable sorting_1">other refrigerated items</td><td><img style="width:50%;" src="/media/images/logos/marchands/11.png" alt="Tradition"></td><td><span itemprop="price">$4.49</span><span itemprop="eligibleQuantity" itemscope="" itemtype="http://schema.org/QuantitativeValue">/<span itemprop="unitText">850g</span></span></td><td>$0.53/100g</td><td style="display: none;">2020-02-26</td><td style="display: none;"></td><td style="display: none;">Lactantia</td><td style="display: none;"></td><td style="display: none;"></td><td style="display: none;"></td><td style="display: none;"></td><td style="display: none;"></td><td style="display: none;"><a class="recipeLink" href="/recipe_ingredient_search_results.php?query=(_QU5E__1__________226__[]_1_1)">Recipes with margarine</a></td></tr><tr role="row" class="odd"><td tabindex="0"><i class="fas fa-hand-rock"></i></td><td class=" not_printable"><div class="addToGL" data-soscuisine-aisle="13" data-soscuisine-sip="3941045"><i class="fa fa-cart-plus" title="Add to My Grocery List"></i><div></div></div></td><td><img class="storeItemImage" alt="margarine" src="/media/images/store_item/blank.jpg"></td><td>margarine</td><td class="not_printable sorting_1">other refrigerated items</td><td><img style="width:50%;" src="/media/images/logos/marchands/73.png" alt="Walmart"></td><td><span itemprop="price">$3.97</span><span itemprop="eligibleQuantity" itemscope="" itemtype="http://schema.org/QuantitativeValue">/<span itemprop="unitText">2lb (907g)</span></span></td><td>$0.44/100g</td><td style="display: none;">2020-02-26</td><td style="display: none;"></td><td style="display: none;">Becel</td><td style="display: none;"></td><td style="display: none;"></td><td style="display: none;"></td><td style="display: none;"></td><td style="display: none;">participating stores</td><td style="display: none;"><a class="recipeLink" href="/recipe_ingredient_search_results.php?query=(_QU5E__1__________226__[]_1_1)">Recipes with margarine</a></td></tr><tr role="row" class="even"><td tabindex="0"><i class="fas fa-hand-rock"></i></td><td class=" not_printable"><div class="addToGL" data-soscuisine-aisle="13" data-soscuisine-sip="3940975"><i class="fa fa-cart-plus" title="Add to My Grocery List"></i><div></div></div></td><td><img class="storeItemImage" alt="margarine, with sterols" src="/media/images/store_item/blank.jpg"></td><td>margarine, with sterols</td><td class="not_printable sorting_1">other refrigerated items</td><td><img style="width:50%;" src="/media/images/logos/marchands/12.png" alt="Richelieu"></td><td><span itemprop="price">$4.99</span><span itemprop="eligibleQuantity" itemscope="" itemtype="http://schema.org/QuantitativeValue">/<span itemprop="unitText">454g (1lb)</span></span></td><td>$1.10/100g</td><td style="display: none;">2020-02-26</td><td style="display: none;"></td><td style="display: none;">Pro Activ (Becel)</td><td style="display: none;"></td><td style="display: none;"></td><td style="display: none;"></td><td style="display: none;"></td><td style="display: none;"></td><td style="display: none;"></td></tr><tr role="row" class="odd"><td tabindex="0"><i class="fas fa-exclamation"></i></td><td class=" not_printable"><div class="addToGL" data-soscuisine-aisle="13" data-soscuisine-sip="3912921"><i class="fa fa-cart-plus" title="Add to My Grocery List"></i><div></div></div></td><td><img class="storeItemImage" alt="oat beverage/milk" src="/media/images/store_item/blank.jpg"></td><td>oat beverage/milk</td><td class="not_printable sorting_1">other refrigerated items</td><td><img style="width:50%;" src="/media/images/logos/marchands/94.png" alt="Avril"></td><td><span itemprop="price">$3.99</span><span itemprop="eligibleQuantity" itemscope="" itemtype="http://schema.org/QuantitativeValue">/<span itemprop="value">2</span>x<span itemprop="unitText">946mL</span></span></td><td>$2.11/L</td><td style="display: none;">2020-03-03</td><td style="display: none;"></td><td style="display: none;">Earth's Own</td><td style="display: none;"></td><td style="display: none;"></td><td style="display: none;"></td><td style="display: none;"></td><td style="display: none;"></td><td style="display: none;"><a class="recipeLink" href="/recipe_ingredient_search_results.php?query=(_QU5E__1__________1319__[]_1_1)">Recipes with oat beverage/milk</a></td></tr><tr role="row" class="even"><td tabindex="0"><i class="fas fa-exclamation"></i></td><td class=" not_printable"><div class="addToGL" data-soscuisine-aisle="13" data-soscuisine-sip="3912925"><i class="fa fa-cart-plus" title="Add to My Grocery List"></i><div></div></div></td><td><img class="storeItemImage" alt="oat beverage/milk" src="/media/images/store_item/blank.jpg"></td><td>oat beverage/milk</td><td class="not_printable sorting_1">other refrigerated items</td><td><img style="width:50%;" src="/media/images/logos/marchands/94.png" alt="Avril"></td><td><span itemprop="price">$2.49</span><span itemprop="eligibleQuantity" itemscope="" itemtype="http://schema.org/QuantitativeValue">/<span itemprop="unitText">946mL</span></span></td><td>$2.63/L</td><td style="display: none;">2020-03-03</td><td style="display: none;"></td><td style="display: none;">Earth's Own</td><td style="display: none;"></td><td style="display: none;"></td><td style="display: none;"></td><td style="display: none;"></td><td style="display: none;"></td><td style="display: none;"><a class="recipeLink" href="/recipe_ingredient_search_results.php?query=(_QU5E__1__________1319__[]_1_1)">Recipes with oat beverage/milk</a></td></tr><tr role="row" class="odd"><td tabindex="0"><i class="fas fa-exclamation"></i></td><td class=" not_printable"><div class="addToGL" data-soscuisine-aisle="13" data-soscuisine-sip="3937319"><i class="fa fa-cart-plus" title="Add to My Grocery List"></i><div></div></div></td><td><img class="storeItemImage" alt="oat beverage/milk" src="/media/images/store_item/blank.jpg"></td><td>oat beverage/milk</td><td class="not_printable sorting_1">other refrigerated items</td><td><img style="width:50%;" src="/media/images/logos/marchands/95.png" alt="Marchés Tau"></td><td><span itemprop="price">$3.99</span><span itemprop="eligibleQuantity" itemscope="" itemtype="http://schema.org/QuantitativeValue">/<span itemprop="unitText">59oz (1.75L)</span></span></td><td>$2.28/L</td><td style="display: none;">2020-03-29</td><td style="display: none;"></td><td style="display: none;">Earth's Own</td><td style="display: none;"></td><td style="display: none;"></td><td style="display: none;"></td><td style="display: none;"></td><td style="display: none;"></td><td style="display: none;"><a class="recipeLink" href="/recipe_ingredient_search_results.php?query=(_QU5E__1__________1319__[]_1_1)">Recipes with oat beverage/milk</a></td></tr><tr role="row" class="even"><td tabindex="0"><i class="fas fa-exclamation"></i></td><td class=" not_printable"><div class="addToGL" data-soscuisine-aisle="13" data-soscuisine-sip="3936017"><i class="fa fa-cart-plus" title="Add to My Grocery List"></i><div></div></div></td><td><img class="storeItemImage" alt="oat beverage/milk" src="/media/images/store_item/blank.jpg"></td><td>oat beverage/milk</td><td class="not_printable sorting_1">other refrigerated items</td><td><img style="width:50%;" src="/media/images/logos/marchands/62.png" alt="Supermarché PA"></td><td><span itemprop="price">$2.99</span><span itemprop="eligibleQuantity" itemscope="" itemtype="http://schema.org/QuantitativeValue">/<span itemprop="unitText">946mL</span></span></td><td>$3.16/L</td><td style="display: none;">2020-02-23</td><td style="display: none;"></td><td style="display: none;">Earth's Own</td><td style="display: none;"></td><td style="display: none;"></td><td style="display: none;"></td><td style="display: none;"></td><td style="display: none;"></td><td style="display: none;"><a class="recipeLink" href="/recipe_ingredient_search_results.php?query=(_QU5E__1__________1319__[]_1_1)">Recipes with oat beverage/milk</a></td></tr><tr role="row" class="odd"><td tabindex="0"><i class="fas fa-hand-rock"></i></td><td class=" not_printable"><div class="addToGL" data-soscuisine-aisle="13" data-soscuisine-sip="3939553"><i class="fa fa-cart-plus" title="Add to My Grocery List"></i><div></div></div></td><td><img class="storeItemImage" alt="orange juice" src="/media/images/store_item/blank.jpg"></td><td>orange juice</td><td class="not_printable sorting_1">other refrigerated items</td><td><img style="width:50%;" src="/media/images/logos/marchands/10.png" alt="Bonichoix"></td><td><span itemprop="price">$2.99</span><span itemprop="eligibleQuantity" itemscope="" itemtype="http://schema.org/QuantitativeValue">/<span itemprop="unitText">1,65L</span></span></td><td>$1.81/L</td><td style="display: none;">2020-02-26</td><td style="display: none;"></td><td style="display: none;">Oasis</td><td style="display: none;"></td><td style="display: none;"></td><td style="display: none;"></td><td style="display: none;"></td><td style="display: none;"></td><td style="display: none;"><a class="recipeLink" href="/recipe_ingredient_search_results.php?query=(_QU5E__1__________370__[]_1_1)">Recipes with orange juice</a></td></tr><tr role="row" class="even"><td tabindex="0"><i class="fas fa-hand-rock"></i></td><td class=" not_printable"><div class="addToGL" data-soscuisine-aisle="13" data-soscuisine-sip="3939615"><i class="fa fa-cart-plus" title="Add to My Grocery List"></i><div></div></div></td><td><img class="storeItemImage" alt="orange juice" src="/media/images/store_item/blank.jpg"></td><td>orange juice</td><td class="not_printable sorting_1">other refrigerated items</td><td><img style="width:50%;" src="/media/images/logos/marchands/3.png" alt="IGA"></td><td><span itemprop="price">$2.99</span><span itemprop="eligibleQuantity" itemscope="" itemtype="http://schema.org/QuantitativeValue">/<span itemprop="unitText">1,65L</span></span></td><td>$1.81/L</td><td style="display: none;">2020-02-26</td><td style="display: none;"></td><td style="display: none;">house brand</td><td style="display: none;"></td><td style="display: none;"></td><td style="display: none;"></td><td style="display: none;"></td><td style="display: none;"></td><td style="display: none;"><a class="recipeLink" href="/recipe_ingredient_search_results.php?query=(_QU5E__1__________370__[]_1_1)">Recipes with orange juice</a></td></tr><tr role="row" class="odd"><td tabindex="0"><i class="fa fa-thumbs-down"></i></td><td class=" not_printable"><div class="addToGL" data-soscuisine-aisle="13" data-soscuisine-sip="3939617"><i class="fa fa-cart-plus" title="Add to My Grocery List"></i><div></div></div></td><td><img class="storeItemImage" alt="orange juice" src="/media/images/store_item/blank.jpg"></td><td>orange juice</td><td class="not_printable sorting_1">other refrigerated items</td><td><img style="width:50%;" src="/media/images/logos/marchands/3.png" alt="IGA"></td><td><span itemprop="price">$5.99</span><span itemprop="eligibleQuantity" itemscope="" itemtype="http://schema.org/QuantitativeValue">/<span itemprop="unitText">89oz (2.63L)</span></span></td><td>$2.28/L</td><td style="display: none;">2020-02-26</td><td style="display: none;"></td><td style="display: none;">Tropicana</td><td style="display: none;"></td><td style="display: none;"></td><td style="display: none;"></td><td style="display: none;"></td><td style="display: none;"></td><td style="display: none;"><a class="recipeLink" href="/recipe_ingredient_search_results.php?query=(_QU5E__1__________370__[]_1_1)">Recipes with orange juice</a></td></tr><tr role="row" class="even"><td tabindex="0"><i class="fa fa-thumbs-down"></i></td><td class=" not_printable"><div class="addToGL" data-soscuisine-aisle="13" data-soscuisine-sip="3939475"><i class="fa fa-cart-plus" title="Add to My Grocery List"></i><div></div></div></td><td><img class="storeItemImage" alt="orange juice" src="/media/images/store_item/blank.jpg"></td><td>orange juice</td><td class="not_printable sorting_1">other refrigerated items</td><td><img style="width:50%;" src="/media/images/logos/marchands/3.png" alt="IGA"></td><td><span itemprop="price">$3.99</span><span itemprop="eligibleQuantity" itemscope="" itemtype="http://schema.org/QuantitativeValue">/<span itemprop="unitText">1.54L</span></span></td><td>$2.59/L</td><td style="display: none;">2020-02-26</td><td style="display: none;"></td><td style="display: none;">Simply</td><td style="display: none;"></td><td style="display: none;"></td><td style="display: none;"></td><td style="display: none;"></td><td style="display: none;"></td><td style="display: none;"><a class="recipeLink" href="/recipe_ingredient_search_results.php?query=(_QU5E__1__________370__[]_1_1)">Recipes with orange juice</a></td></tr><tr role="row" class="odd"><td tabindex="0"><i class="fas fa-hand-rock"></i></td><td class=" not_printable"><div class="addToGL" data-soscuisine-aisle="13" data-soscuisine-sip="3938697"><i class="fa fa-cart-plus" title="Add to My Grocery List"></i><div></div></div></td><td><img class="storeItemImage" alt="orange juice" src="/media/images/store_item/blank.jpg"></td><td>orange juice</td><td class="not_printable sorting_1">other refrigerated items</td><td><img style="width:50%;" src="/media/images/logos/marchands/69.png" alt="Intermarche (Provincial)"></td><td><span itemprop="price">$4.99</span><span itemprop="eligibleQuantity" itemscope="" itemtype="http://schema.org/QuantitativeValue">/<span itemprop="unitText">89oz (2.63L)</span></span></td><td>$1.90/L</td><td style="display: none;">2020-02-26</td><td style="display: none;"></td><td style="display: none;">house brand</td><td style="display: none;"></td><td style="display: none;"></td><td style="display: none;"></td><td style="display: none;"></td><td style="display: none;"></td><td style="display: none;"><a class="recipeLink" href="/recipe_ingredient_search_results.php?query=(_QU5E__1__________370__[]_1_1)">Recipes with orange juice</a></td></tr><tr role="row" class="even"><td tabindex="0"><i class="fas fa-hand-rock"></i></td><td class=" not_printable"><div class="addToGL" data-soscuisine-aisle="13" data-soscuisine-sip="3938461"><i class="fa fa-cart-plus" title="Add to My Grocery List"></i><div></div></div></td><td><img class="storeItemImage" alt="orange juice" src="/media/images/store_item/blank.jpg"></td><td>orange juice</td><td class="not_printable sorting_1">other refrigerated items</td><td><img style="width:50%;" src="/media/images/logos/marchands/7.png" alt="Intermarché (Saveurs intl.)"></td><td><span itemprop="price">$4.99</span><span itemprop="eligibleQuantity" itemscope="" itemtype="http://schema.org/QuantitativeValue">/<span itemprop="unitText">89oz (2.63L)</span></span></td><td>$1.90/L</td><td style="display: none;">2020-02-26</td><td style="display: none;"></td><td style="display: none;">house brand</td><td style="display: none;"></td><td style="display: none;"></td><td style="display: none;"></td><td style="display: none;"></td><td style="display: none;"></td><td style="display: none;"><a class="recipeLink" href="/recipe_ingredient_search_results.php?query=(_QU5E__1__________370__[]_1_1)">Recipes with orange juice</a></td></tr><tr role="row" class="odd"><td tabindex="0"><i class="fa fa-thumbs-up"></i><i class="fa fa-thumbs-up"></i></td><td class=" not_printable"><div class="addToGL" data-soscuisine-aisle="13" data-soscuisine-sip="3937439"><i class="fa fa-cart-plus" title="Add to My Grocery List"></i><div></div></div></td><td><img class="storeItemImage" alt="orange juice" src="/media/images/store_item/blank.jpg"></td><td>orange juice</td><td class="not_printable sorting_1">other refrigerated items</td><td><img style="width:50%;" src="/media/images/logos/marchands/6.png" alt="Maxi"></td><td><span itemprop="price">$2.00</span><span itemprop="eligibleQuantity" itemscope="" itemtype="http://schema.org/QuantitativeValue">/<span itemprop="unitText">59oz (1.75L)</span></span></td><td>$1.14/L</td><td style="display: none;">2020-02-26</td><td style="display: none;"></td><td style="display: none;">Minute Maid</td><td style="display: none;"></td><td style="display: none;"></td><td style="display: none;"></td><td style="display: none;"></td><td style="display: none;"></td><td style="display: none;"><a class="recipeLink" href="/recipe_ingredient_search_results.php?query=(_QU5E__1__________370__[]_1_1)">Recipes with orange juice</a></td></tr><tr role="row" class="even"><td tabindex="0"><i class="fa fa-thumbs-down"></i></td><td class=" not_printable"><div class="addToGL" data-soscuisine-aisle="13" data-soscuisine-sip="3937875"><i class="fa fa-cart-plus" title="Add to My Grocery List"></i><div></div></div></td><td><img class="storeItemImage" alt="orange juice" src="/media/images/store_item/blank.jpg"></td><td>orange juice</td><td class="not_printable sorting_1">other refrigerated items</td><td><img style="width:50%;" src="/media/images/logos/marchands/1.png" alt="Metro"></td><td><span itemprop="price">$4.00</span><span itemprop="eligibleQuantity" itemscope="" itemtype="http://schema.org/QuantitativeValue">/<span itemprop="unitText">1.54L</span></span></td><td>$2.60/L</td><td style="display: none;">2020-02-26</td><td style="display: none;"></td><td style="display: none;">Simply</td><td style="display: none;"></td><td style="display: none;"></td><td style="display: none;"></td><td style="display: none;"></td><td style="display: none;"></td><td style="display: none;"><a class="recipeLink" href="/recipe_ingredient_search_results.php?query=(_QU5E__1__________370__[]_1_1)">Recipes with orange juice</a></td></tr><tr role="row" class="odd"><td tabindex="0"><i class="fa fa-thumbs-up"></i></td><td class=" not_printable"><div class="addToGL" data-soscuisine-aisle="13" data-soscuisine-sip="3938291"><i class="fa fa-cart-plus" title="Add to My Grocery List"></i><div></div></div></td><td><img class="storeItemImage" alt="orange juice" src="/media/images/store_item/blank.jpg"></td><td>orange juice</td><td class="not_printable sorting_1">other refrigerated items</td><td><img style="width:50%;" src="/media/images/logos/marchands/2.png" alt="Provigo"></td><td><span itemprop="price">$2.99</span><span itemprop="eligibleQuantity" itemscope="" itemtype="http://schema.org/QuantitativeValue">/<span itemprop="unitText">59oz (1.75L)</span></span></td><td>$1.71/L</td><td style="display: none;">2020-02-26</td><td style="display: none;"></td><td style="display: none;">house brand</td><td style="display: none;"></td><td style="display: none;"></td><td style="display: none;"></td><td style="display: none;"></td><td style="display: none;"></td><td style="display: none;"><a class="recipeLink" href="/recipe_ingredient_search_results.php?query=(_QU5E__1__________370__[]_1_1)">Recipes with orange juice</a></td></tr><tr role="row" class="even"><td tabindex="0"><i class="fas fa-hand-rock"></i></td><td class=" not_printable"><div class="addToGL" data-soscuisine-aisle="13" data-soscuisine-sip="3938029"><i class="fa fa-cart-plus" title="Add to My Grocery List"></i><div></div></div></td><td><img class="storeItemImage" alt="orange juice" src="/media/images/store_item/blank.jpg"></td><td>orange juice</td><td class="not_printable sorting_1">other refrigerated items</td><td><img style="width:50%;" src="/media/images/logos/marchands/2.png" alt="Provigo"></td><td><span itemprop="price">$4.99</span><span itemprop="eligibleQuantity" itemscope="" itemtype="http://schema.org/QuantitativeValue">/<span itemprop="unitText">89oz (2.63L)</span></span></td><td>$1.90/L</td><td style="display: none;">2020-02-26</td><td style="display: none;"></td><td style="display: none;">Tropicana</td><td style="display: none;"></td><td style="display: none;"></td><td style="display: none;"></td><td style="display: none;"></td><td style="display: none;"></td><td style="display: none;"><a class="recipeLink" href="/recipe_ingredient_search_results.php?query=(_QU5E__1__________370__[]_1_1)">Recipes with orange juice</a></td></tr><tr role="row" class="odd"><td tabindex="0"><i class="fas fa-hand-rock"></i></td><td class=" not_printable"><div class="addToGL" data-soscuisine-aisle="13" data-soscuisine-sip="3940939"><i class="fa fa-cart-plus" title="Add to My Grocery List"></i><div></div></div></td><td><img class="storeItemImage" alt="orange juice" src="/media/images/store_item/blank.jpg"></td><td>orange juice</td><td class="not_printable sorting_1">other refrigerated items</td><td><img style="width:50%;" src="/media/images/logos/marchands/12.png" alt="Richelieu"></td><td><span itemprop="price">$4.99</span><span itemprop="eligibleQuantity" itemscope="" itemtype="http://schema.org/QuantitativeValue">/<span itemprop="unitText">2,5L</span></span></td><td>$2.00/L</td><td style="display: none;">2020-02-26</td><td style="display: none;"></td><td style="display: none;">house brand</td><td style="display: none;"></td><td style="display: none;"></td><td style="display: none;"></td><td style="display: none;"></td><td style="display: none;"></td><td style="display: none;"><a class="recipeLink" href="/recipe_ingredient_search_results.php?query=(_QU5E__1__________370__[]_1_1)">Recipes with orange juice</a></td></tr><tr role="row" class="even"><td tabindex="0"><i class="fas fa-hand-rock"></i></td><td class=" not_printable"><div class="addToGL" data-soscuisine-aisle="13" data-soscuisine-sip="3940753"><i class="fa fa-cart-plus" title="Add to My Grocery List"></i><div></div></div></td><td><img class="storeItemImage" alt="orange juice" src="/media/images/store_item/blank.jpg"></td><td>orange juice</td><td class="not_printable sorting_1">other refrigerated items</td><td><img style="width:50%;" src="/media/images/logos/marchands/5.png" alt="Super C"></td><td><span itemprop="price">$2.99</span><span itemprop="eligibleQuantity" itemscope="" itemtype="http://schema.org/QuantitativeValue">/<span itemprop="unitText">1,65L</span></span></td><td>$1.81/L</td><td style="display: none;">2020-02-26</td><td style="display: none;"></td><td style="display: none;">Oasis</td><td style="display: none;"></td><td style="display: none;"></td><td style="display: none;"></td><td style="display: none;"></td><td style="display: none;"></td><td style="display: none;"><a class="recipeLink" href="/recipe_ingredient_search_results.php?query=(_QU5E__1__________370__[]_1_1)">Recipes with orange juice</a></td></tr><tr role="row" class="odd"><td tabindex="0"><i class="fas fa-hand-rock"></i></td><td class=" not_printable"><div class="addToGL" data-soscuisine-aisle="13" data-soscuisine-sip="3940761"><i class="fa fa-cart-plus" title="Add to My Grocery List"></i><div></div></div></td><td><img class="storeItemImage" alt="orange juice" src="/media/images/store_item/blank.jpg"></td><td>orange juice</td><td class="not_printable sorting_1">other refrigerated items</td><td><img style="width:50%;" src="/media/images/logos/marchands/11.png" alt="Tradition"></td><td><span itemprop="price">$4.99</span><span itemprop="eligibleQuantity" itemscope="" itemtype="http://schema.org/QuantitativeValue">/<span itemprop="unitText">2,5L</span></span></td><td>$2.00/L</td><td style="display: none;">2020-02-26</td><td style="display: none;"></td><td style="display: none;">house brand</td><td style="display: none;"></td><td style="display: none;"></td><td style="display: none;"></td><td style="display: none;"></td><td style="display: none;"></td><td style="display: none;"><a class="recipeLink" href="/recipe_ingredient_search_results.php?query=(_QU5E__1__________370__[]_1_1)">Recipes with orange juice</a></td></tr><tr role="row" class="even"><td tabindex="0"><i class="fas fa-hand-rock"></i></td><td class=" not_printable"><div class="addToGL" data-soscuisine-aisle="13" data-soscuisine-sip="3941043"><i class="fa fa-cart-plus" title="Add to My Grocery List"></i><div></div></div></td><td><img class="storeItemImage" alt="orange juice" src="/media/images/store_item/blank.jpg"></td><td>orange juice</td><td class="not_printable sorting_1">other refrigerated items</td><td><img style="width:50%;" src="/media/images/logos/marchands/73.png" alt="Walmart"></td><td><span itemprop="price">$4.97</span><span itemprop="eligibleQuantity" itemscope="" itemtype="http://schema.org/QuantitativeValue">/<span itemprop="unitText">89oz (2.63L)</span></span></td><td>$1.89/L</td><td style="display: none;">2020-02-26</td><td style="display: none;"></td><td style="display: none;">Tropicana</td><td style="display: none;"></td><td style="display: none;"></td><td style="display: none;"></td><td style="display: none;"></td><td style="display: none;">participating stores</td><td style="display: none;"><a class="recipeLink" href="/recipe_ingredient_search_results.php?query=(_QU5E__1__________370__[]_1_1)">Recipes with orange juice</a></td></tr><tr role="row" class="odd"><td tabindex="0"><i class="fas fa-hand-rock"></i></td><td class=" not_printable"><div class="addToGL" data-soscuisine-aisle="13" data-soscuisine-sip="3939227"><i class="fa fa-cart-plus" title="Add to My Grocery List"></i><div></div></div></td><td><img class="storeItemImage" alt="rice beverage/milk" src="/media/images/store_item/blank.jpg"></td><td>rice beverage/milk</td><td class="not_printable sorting_1">other refrigerated items</td><td><img style="width:50%;" src="/media/images/logos/marchands/63.png" alt="Marché Adonis"></td><td><span itemprop="price">$1.99</span><span itemprop="eligibleQuantity" itemscope="" itemtype="http://schema.org/QuantitativeValue">/<span itemprop="unitText">32oz (946mL)</span></span></td><td>$2.10/L</td><td style="display: none;">2020-02-26</td><td style="display: none;"></td><td style="display: none;">Natura</td><td style="display: none;"></td><td style="display: none;"></td><td style="display: none;"></td><td style="display: none;"></td><td style="display: none;"></td><td style="display: none;"><a class="recipeLink" href="/recipe_ingredient_search_results.php?query=(_QU5E__1__________985__[]_1_1)">Recipes with rice beverage/milk</a></td></tr><tr role="row" class="even"><td tabindex="0"><i class="fa fa-thumbs-down"></i></td><td class=" not_printable"><div class="addToGL" data-soscuisine-aisle="13" data-soscuisine-sip="3912871"><i class="fa fa-cart-plus" title="Add to My Grocery List"></i><div></div></div></td><td><img class="storeItemImage" alt="soy beverage/milk" src="/media/images/store_item/blank.jpg"></td><td>soy beverage/milk</td><td class="not_printable sorting_1">other refrigerated items</td><td><img style="width:50%;" src="/media/images/logos/marchands/94.png" alt="Avril"></td><td><span itemprop="price">$3.99</span><span itemprop="eligibleQuantity" itemscope="" itemtype="http://schema.org/QuantitativeValue">/<span itemprop="unitText">59oz (1.75L)</span></span></td><td>$2.28/L</td><td style="display: none;">2020-03-03</td><td style="display: none;"></td><td style="display: none;">So Nice</td><td style="display: none;"></td><td style="display: none;"></td><td style="display: none;"></td><td style="display: none;"></td><td style="display: none;"></td><td style="display: none;"><a class="recipeLink" href="/recipe_ingredient_search_results.php?query=(_QU5E__1__________600__[]_1_1)">Recipes with soy beverage/milk</a></td></tr><tr role="row" class="odd"><td tabindex="0"><i class="fas fa-hand-rock"></i></td><td class=" not_printable"><div class="addToGL" data-soscuisine-aisle="13" data-soscuisine-sip="3939223"><i class="fa fa-cart-plus" title="Add to My Grocery List"></i><div></div></div></td><td><img class="storeItemImage" alt="soy beverage/milk" src="/media/images/store_item/blank.jpg"></td><td>soy beverage/milk</td><td class="not_printable sorting_1">other refrigerated items</td><td><img style="width:50%;" src="/media/images/logos/marchands/63.png" alt="Marché Adonis"></td><td><span itemprop="price">$1.99</span><span itemprop="eligibleQuantity" itemscope="" itemtype="http://schema.org/QuantitativeValue">/<span itemprop="unitText">946mL</span></span></td><td>$2.10/L</td><td style="display: none;">2020-02-26</td><td style="display: none;"></td><td style="display: none;">Natura</td><td style="display: none;"></td><td style="display: none;"></td><td style="display: none;"></td><td style="display: none;"></td><td style="display: none;"></td><td style="display: none;"><a class="recipeLink" href="/recipe_ingredient_search_results.php?query=(_QU5E__1__________600__[]_1_1)">Recipes with soy beverage/milk</a></td></tr><tr role="row" class="even"><td tabindex="0"><i class="fas fa-hand-rock"></i></td><td class=" not_printable"><div class="addToGL" data-soscuisine-aisle="13" data-soscuisine-sip="3937301"><i class="fa fa-cart-plus" title="Add to My Grocery List"></i><div></div></div></td><td><img class="storeItemImage" alt="soy beverage/milk" src="/media/images/store_item/blank.jpg"></td><td>soy beverage/milk</td><td class="not_printable sorting_1">other refrigerated items</td><td><img style="width:50%;" src="/media/images/logos/marchands/95.png" alt="Marchés Tau"></td><td><span itemprop="price">$4.00</span><span itemprop="eligibleQuantity" itemscope="" itemtype="http://schema.org/QuantitativeValue">/<span itemprop="value">2</span>x<span itemprop="unitText">946mL</span></span></td><td>$2.11/L</td><td style="display: none;">2020-03-29</td><td style="display: none;"></td><td style="display: none;">Natura</td><td style="display: none;"></td><td style="display: none;"></td><td style="display: none;"></td><td style="display: none;"></td><td style="display: none;"></td><td style="display: none;"><a class="recipeLink" href="/recipe_ingredient_search_results.php?query=(_QU5E__1__________600__[]_1_1)">Recipes with soy beverage/milk</a></td></tr><tr role="row" class="odd"><td tabindex="0"><i class="fas fa-hand-rock"></i></td><td class=" not_printable"><div class="addToGL" data-soscuisine-aisle="13" data-soscuisine-sip="3937551"><i class="fa fa-cart-plus" title="Add to My Grocery List"></i><div></div></div></td><td><img class="storeItemImage" alt="soy beverage/milk" src="/media/images/store_item/blank.jpg"></td><td>soy beverage/milk</td><td class="not_printable sorting_1">other refrigerated items</td><td><img style="width:50%;" src="/media/images/logos/marchands/6.png" alt="Maxi"></td><td><span itemprop="price">$2.00</span><span itemprop="eligibleQuantity" itemscope="" itemtype="http://schema.org/QuantitativeValue">/<span itemprop="unitText">946mL</span></span></td><td>$2.11/L</td><td style="display: none;">2020-02-26</td><td style="display: none;"></td><td style="display: none;">Natura</td><td style="display: none;"></td><td style="display: none;"></td><td style="display: none;"></td><td style="display: none;"></td><td style="display: none;"></td><td style="display: none;"><a class="recipeLink" href="/recipe_ingredient_search_results.php?query=(_QU5E__1__________600__[]_1_1)">Recipes with soy beverage/milk</a></td></tr><tr role="row" class="even"><td tabindex="0"><i class="fas fa-hand-rock"></i></td><td class=" not_printable"><div class="addToGL" data-soscuisine-aisle="13" data-soscuisine-sip="3937869"><i class="fa fa-cart-plus" title="Add to My Grocery List"></i><div></div></div></td><td><img class="storeItemImage" alt="soy beverage/milk" src="/media/images/store_item/blank.jpg"></td><td>soy beverage/milk</td><td class="not_printable sorting_1">other refrigerated items</td><td><img style="width:50%;" src="/media/images/logos/marchands/1.png" alt="Metro"></td><td><span itemprop="price">$2.00</span><span itemprop="eligibleQuantity" itemscope="" itemtype="http://schema.org/QuantitativeValue">/<span itemprop="unitText">946mL</span></span></td><td>$2.11/L</td><td style="display: none;">2020-02-26</td><td style="display: none;"></td><td style="display: none;">So Nice</td><td style="display: none;"></td><td style="display: none;"></td><td style="display: none;"></td><td style="display: none;"></td><td style="display: none;">or Silk</td><td style="display: none;"><a class="recipeLink" href="/recipe_ingredient_search_results.php?query=(_QU5E__1__________600__[]_1_1)">Recipes with soy beverage/milk</a></td></tr><tr role="row" class="odd"><td tabindex="0"><i class="fa fa-thumbs-down"></i></td><td class=" not_printable"><div class="addToGL" data-soscuisine-aisle="13" data-soscuisine-sip="3937843"><i class="fa fa-cart-plus" title="Add to My Grocery List"></i><div></div></div></td><td><img class="storeItemImage" alt="soy beverage/milk" src="/media/images/store_item/blank.jpg"></td><td>soy beverage/milk</td><td class="not_printable sorting_1">other refrigerated items</td><td><img style="width:50%;" src="/media/images/logos/marchands/1.png" alt="Metro"></td><td><span itemprop="price">$3.79</span><span itemprop="eligibleQuantity" itemscope="" itemtype="http://schema.org/QuantitativeValue">/<span itemprop="unitText">59oz (1.75L)</span></span></td><td>$2.17/L</td><td style="display: none;">2020-02-26</td><td style="display: none;"></td><td style="display: none;">So Nice</td><td style="display: none;"></td><td style="display: none;"></td><td style="display: none;">Organic</td><td style="display: none;"></td><td style="display: none;"></td><td style="display: none;"><a class="recipeLink" href="/recipe_ingredient_search_results.php?query=(_QU5E__1__________600__[]_1_1)">Recipes with soy beverage/milk</a></td></tr><tr role="row" class="even"><td tabindex="0"><i class="fa fa-thumbs-up"></i></td><td class=" not_printable"><div class="addToGL" data-soscuisine-aisle="13" data-soscuisine-sip="3938349"><i class="fa fa-cart-plus" title="Add to My Grocery List"></i><div></div></div></td><td><img class="storeItemImage" alt="soy beverage/milk" src="/media/images/store_item/blank.jpg"></td><td>soy beverage/milk</td><td class="not_printable sorting_1">other refrigerated items</td><td><img style="width:50%;" src="/media/images/logos/marchands/2.png" alt="Provigo"></td><td><span itemprop="price">$7.00</span><span itemprop="eligibleQuantity" itemscope="" itemtype="http://schema.org/QuantitativeValue">/<span itemprop="value">2</span>x<span itemprop="unitText">64oz (1.89L)</span></span></td><td>$1.85/L</td><td style="display: none;">2020-02-26</td><td style="display: none;"></td><td style="display: none;">Natura</td><td style="display: none;"></td><td style="display: none;"></td><td style="display: none;"></td><td style="display: none;"></td><td style="display: none;"></td><td style="display: none;"><a class="recipeLink" href="/recipe_ingredient_search_results.php?query=(_QU5E__1__________600__[]_1_1)">Recipes with soy beverage/milk</a></td></tr><tr role="row" class="odd"><td tabindex="0"><i class="fas fa-hand-rock"></i></td><td class=" not_printable"><div class="addToGL" data-soscuisine-aisle="13" data-soscuisine-sip="3938347"><i class="fa fa-cart-plus" title="Add to My Grocery List"></i><div></div></div></td><td><img class="storeItemImage" alt="soy beverage/milk" src="/media/images/store_item/blank.jpg"></td><td>soy beverage/milk</td><td class="not_printable sorting_1">other refrigerated items</td><td><img style="width:50%;" src="/media/images/logos/marchands/2.png" alt="Provigo"></td><td><span itemprop="price">$3.99</span><span itemprop="eligibleQuantity" itemscope="" itemtype="http://schema.org/QuantitativeValue">/<span itemprop="unitText">64oz (1.89L)</span></span></td><td>$2.11/L</td><td style="display: none;">2020-02-26</td><td style="display: none;"></td><td style="display: none;">Natura</td><td style="display: none;"></td><td style="display: none;"></td><td style="display: none;"></td><td style="display: none;"></td><td style="display: none;"></td><td style="display: none;"><a class="recipeLink" href="/recipe_ingredient_search_results.php?query=(_QU5E__1__________600__[]_1_1)">Recipes with soy beverage/milk</a></td></tr><tr role="row" class="even"><td tabindex="0"><i class="fas fa-circle"></i></td><td class=" not_printable"><div class="addToGL" data-soscuisine-aisle="13" data-soscuisine-sip="3914257"><i class="fa fa-cart-plus" title="Add to My Grocery List"></i><div></div></div></td><td><img class="storeItemImage" alt="soy yogourt" src="/media/images/store_item/blank.jpg"></td><td>soy yogourt</td><td class="not_printable sorting_1">other refrigerated items</td><td><img style="width:50%;" src="/media/images/logos/marchands/94.png" alt="Avril"></td><td><span itemprop="price">$5.99</span><span itemprop="eligibleQuantity" itemscope="" itemtype="http://schema.org/QuantitativeValue">/<span itemprop="unitText">680g</span></span></td><td>N/A</td><td style="display: none;">2020-03-03</td><td style="display: none;"></td><td style="display: none;">Silk</td><td style="display: none;"></td><td style="display: none;">coconut</td><td style="display: none;"></td><td style="display: none;"></td><td style="display: none;"></td><td style="display: none;"><a class="recipeLink" href="/recipe_ingredient_search_results.php?query=(_QU5E__1__________1122__[]_1_1)">Recipes with soy yogourt</a></td></tr><tr role="row" class="odd"><td tabindex="0"><i class="fas fa-circle"></i></td><td class=" not_printable"><div class="addToGL" data-soscuisine-aisle="13" data-soscuisine-sip="3937785"><i class="fa fa-cart-plus" title="Add to My Grocery List"></i><div></div></div></td><td><img class="storeItemImage" alt="soy yogourt" src="/media/images/store_item/blank.jpg"></td><td>soy yogourt</td><td class="not_printable sorting_1">other refrigerated items</td><td><img style="width:50%;" src="/media/images/logos/marchands/1.png" alt="Metro"></td><td><span itemprop="price">$4.99</span><span itemprop="eligibleQuantity" itemscope="" itemtype="http://schema.org/QuantitativeValue">/<span itemprop="unitText">500g</span></span></td><td>N/A</td><td style="display: none;">2020-02-26</td><td style="display: none;"></td><td style="display: none;">Riviera</td><td style="display: none;"></td><td style="display: none;">coconut</td><td style="display: none;"></td><td style="display: none;"></td><td style="display: none;"></td><td style="display: none;"><a class="recipeLink" href="/recipe_ingredient_search_results.php?query=(_QU5E__1__________1122__[]_1_1)">Recipes with soy yogourt</a></td></tr><tr role="row" class="even"><td tabindex="0"><i class="fa fa-thumbs-up"></i></td><td class=" not_printable"><div class="addToGL" data-soscuisine-aisle="13" data-soscuisine-sip="3938669"><i class="fa fa-cart-plus" title="Add to My Grocery List"></i><div></div></div></td><td><img class="storeItemImage" alt="stuffed fresh pasta" src="/media/images/store_item/blank.jpg"></td><td>stuffed fresh pasta</td><td class="not_printable sorting_1">other refrigerated items</td><td><img style="width:50%;" src="/media/images/logos/marchands/69.png" alt="Intermarche (Provincial)"></td><td><span itemprop="price">$2.99</span><span itemprop="eligibleQuantity" itemscope="" itemtype="http://schema.org/QuantitativeValue">/<span itemprop="unitText">350g</span></span></td><td>$8.54/kg</td><td style="display: none;">2020-02-26</td><td style="display: none;"></td><td style="display: none;">Ziggy's</td><td style="display: none;"></td><td style="display: none;"></td><td style="display: none;"></td><td style="display: none;"></td><td style="display: none;"></td><td style="display: none;"><a class="recipeLink" href="/recipe_ingredient_search_results.php?query=(_QU5E__1__________441__[]_1_1)">Recipes with stuffed fresh pasta</a></td></tr><tr role="row" class="odd"><td tabindex="0"><i class="fa fa-thumbs-down"></i></td><td class=" not_printable"><div class="addToGL" data-soscuisine-aisle="13" data-soscuisine-sip="3942115"><i class="fa fa-cart-plus" title="Add to My Grocery List"></i><div></div></div></td><td><img class="storeItemImage" alt="stuffed fresh pasta" src="/media/images/store_item/blank.jpg"></td><td>stuffed fresh pasta</td><td class="not_printable sorting_1">other refrigerated items</td><td><img style="width:50%;" src="/media/images/logos/marchands/13.png" alt="Jardin Mobile"></td><td><span itemprop="price">$8.00</span><span itemprop="eligibleQuantity" itemscope="" itemtype="http://schema.org/QuantitativeValue">/<span itemprop="value">2</span>x<span itemprop="unitText">250g</span></span></td><td>$16.00/kg</td><td style="display: none;">2020-02-26</td><td style="display: none;"></td><td style="display: none;">O'Sole Mio</td><td style="display: none;"></td><td style="display: none;"></td><td style="display: none;"></td><td style="display: none;"></td><td style="display: none;"></td><td style="display: none;"><a class="recipeLink" href="/recipe_ingredient_search_results.php?query=(_QU5E__1__________441__[]_1_1)">Recipes with stuffed fresh pasta</a></td></tr><tr role="row" class="even"><td tabindex="0"><i class="fa fa-thumbs-up"></i><i class="fa fa-thumbs-up"></i></td><td class=" not_printable"><div class="addToGL" data-soscuisine-aisle="13" data-soscuisine-sip="3937529"><i class="fa fa-cart-plus" title="Add to My Grocery List"></i><div></div></div></td><td><img class="storeItemImage" alt="stuffed fresh pasta" src="/media/images/store_item/blank.jpg"></td><td>stuffed fresh pasta</td><td class="not_printable sorting_1">other refrigerated items</td><td><img style="width:50%;" src="/media/images/logos/marchands/6.png" alt="Maxi"></td><td><span itemprop="price">$2.00</span><span itemprop="eligibleQuantity" itemscope="" itemtype="http://schema.org/QuantitativeValue">/<span itemprop="unitText">350g</span></span></td><td>$5.71/kg</td><td style="display: none;">2020-02-26</td><td style="display: none;"></td><td style="display: none;">Ziggy's</td><td style="display: none;"></td><td style="display: none;"></td><td style="display: none;"></td><td style="display: none;"></td><td style="display: none;"></td><td style="display: none;"><a class="recipeLink" href="/recipe_ingredient_search_results.php?query=(_QU5E__1__________441__[]_1_1)">Recipes with stuffed fresh pasta</a></td></tr><tr role="row" class="odd"><td tabindex="0"><i class="fas fa-hand-rock"></i></td><td class=" not_printable"><div class="addToGL" data-soscuisine-aisle="13" data-soscuisine-sip="3937727"><i class="fa fa-cart-plus" title="Add to My Grocery List"></i><div></div></div></td><td><img class="storeItemImage" alt="stuffed fresh pasta" src="/media/images/store_item/blank.jpg"></td><td>stuffed fresh pasta</td><td class="not_printable sorting_1">other refrigerated items</td><td><img style="width:50%;" src="/media/images/logos/marchands/1.png" alt="Metro"></td><td><span itemprop="price">$7.00</span><span itemprop="eligibleQuantity" itemscope="" itemtype="http://schema.org/QuantitativeValue">/<span itemprop="value">2</span>x<span itemprop="unitText">350g</span></span></td><td>$10.00/kg</td><td style="display: none;">2020-02-26</td><td style="display: none;"></td><td style="display: none;">house brand</td><td style="display: none;"></td><td style="display: none;"></td><td style="display: none;"></td><td style="display: none;"></td><td style="display: none;"></td><td style="display: none;"><a class="recipeLink" href="/recipe_ingredient_search_results.php?query=(_QU5E__1__________441__[]_1_1)">Recipes with stuffed fresh pasta</a></td></tr><tr role="row" class="even"><td tabindex="0"><i class="fa fa-thumbs-up"></i></td><td class=" not_printable"><div class="addToGL" data-soscuisine-aisle="13" data-soscuisine-sip="3940609"><i class="fa fa-cart-plus" title="Add to My Grocery List"></i><div></div></div></td><td><img class="storeItemImage" alt="stuffed fresh pasta" src="/media/images/store_item/blank.jpg"></td><td>stuffed fresh pasta</td><td class="not_printable sorting_1">other refrigerated items</td><td><img style="width:50%;" src="/media/images/logos/marchands/5.png" alt="Super C"></td><td><span itemprop="price">$7.99</span><span itemprop="eligibleQuantity" itemscope="" itemtype="http://schema.org/QuantitativeValue">/<span itemprop="unitText">1kg</span></span></td><td>$7.99/kg</td><td style="display: none;">2020-02-26</td><td style="display: none;"></td><td style="display: none;">house brand</td><td style="display: none;"></td><td style="display: none;"></td><td style="display: none;"></td><td style="display: none;"></td><td style="display: none;"></td><td style="display: none;"><a class="recipeLink" href="/recipe_ingredient_search_results.php?query=(_QU5E__1__________441__[]_1_1)">Recipes with stuffed fresh pasta</a></td></tr><tr role="row" class="odd"><td tabindex="0"><i class="fas fa-hand-rock"></i></td><td class=" not_printable"><div class="addToGL" data-soscuisine-aisle="13" data-soscuisine-sip="3939357"><i class="fa fa-cart-plus" title="Add to My Grocery List"></i><div></div></div></td><td><img class="storeItemImage" alt="tofu, firm" src="/media/images/store_item/blank.jpg"></td><td>tofu, firm</td><td class="not_printable sorting_1">other refrigerated items</td><td><img style="width:50%;" src="/media/images/logos/marchands/3.png" alt="IGA"></td><td><span itemprop="price">$5.00</span><span itemprop="eligibleQuantity" itemscope="" itemtype="http://schema.org/QuantitativeValue">/<span itemprop="value">2</span>x<span itemprop="unitText">450g</span></span></td><td>$5.56/kg</td><td style="display: none;">2020-02-26</td><td style="display: none;"></td><td style="display: none;">Koo</td><td style="display: none;"></td><td style="display: none;"></td><td style="display: none;"></td><td style="display: none;"></td><td style="display: none;"></td><td style="display: none;"><a class="recipeLink" href="/recipe_ingredient_search_results.php?query=(_QU5E__1__________284__[]_1_1)">Recipes with tofu, firm</a></td></tr><tr role="row" class="even"><td tabindex="0"><i class="fas fa-hand-rock"></i></td><td class=" not_printable"><div class="addToGL" data-soscuisine-aisle="13" data-soscuisine-sip="3938795"><i class="fa fa-cart-plus" title="Add to My Grocery List"></i><div></div></div></td><td><img class="storeItemImage" alt="tofu, firm" src="/media/images/store_item/blank.jpg"></td><td>tofu, firm</td><td class="not_printable sorting_1">other refrigerated items</td><td><img style="width:50%;" src="/media/images/logos/marchands/93.png" alt="Rachelle Béry"></td><td><span itemprop="price">$5.00</span><span itemprop="eligibleQuantity" itemscope="" itemtype="http://schema.org/QuantitativeValue">/<span itemprop="value">2</span>x<span itemprop="unitText">450g</span></span></td><td>$5.56/kg</td><td style="display: none;">2020-03-04</td><td style="display: none;"></td><td style="display: none;">Koo</td><td style="display: none;"></td><td style="display: none;">extra-firm</td><td style="display: none;"></td><td style="display: none;"></td><td style="display: none;"></td><td style="display: none;"><a class="recipeLink" href="/recipe_ingredient_search_results.php?query=(_QU5E__1__________284__[]_1_1)">Recipes with tofu, firm</a></td></tr><tr role="row" class="odd"><td tabindex="0"><i class="fa fa-thumbs-up"></i></td><td class=" not_printable"><div class="addToGL" data-soscuisine-aisle="13" data-soscuisine-sip="3940525"><i class="fa fa-cart-plus" title="Add to My Grocery List"></i><div></div></div></td><td><img class="storeItemImage" alt="tofu, firm" src="/media/images/store_item/blank.jpg"></td><td>tofu, firm</td><td class="not_printable sorting_1">other refrigerated items</td><td><img style="width:50%;" src="/media/images/logos/marchands/5.png" alt="Super C"></td><td><span itemprop="price">$1.99</span><span itemprop="eligibleQuantity" itemscope="" itemtype="http://schema.org/QuantitativeValue">/<span itemprop="unitText">454g (1lb)</span></span></td><td>$4.39/kg</td><td style="display: none;">2020-02-26</td><td style="display: none;"></td><td style="display: none;">Sunrise</td><td style="display: none;"></td><td style="display: none;"></td><td style="display: none;"></td><td style="display: none;"></td><td style="display: none;"></td><td style="display: none;"><a class="recipeLink" href="/recipe_ingredient_search_results.php?query=(_QU5E__1__________284__[]_1_1)">Recipes with tofu, firm</a></td></tr><tr role="row" class="even"><td tabindex="0"><i class="fa fa-thumbs-up"></i></td><td class=" not_printable"><div class="addToGL" data-soscuisine-aisle="13" data-soscuisine-sip="3935961"><i class="fa fa-cart-plus" title="Add to My Grocery List"></i><div></div></div></td><td><img class="storeItemImage" alt="tofu, firm" src="/media/images/store_item/blank.jpg"></td><td>tofu, firm</td><td class="not_printable sorting_1">other refrigerated items</td><td><img style="width:50%;" src="/media/images/logos/marchands/62.png" alt="Supermarché PA"></td><td><span itemprop="price">$1.99</span><span itemprop="eligibleQuantity" itemscope="" itemtype="http://schema.org/QuantitativeValue">/<span itemprop="unitText">400g</span></span></td><td>$4.98/kg</td><td style="display: none;">2020-02-23</td><td style="display: none;"></td><td style="display: none;">Fontaine Santé</td><td style="display: none;"></td><td style="display: none;"></td><td style="display: none;"></td><td style="display: none;"></td><td style="display: none;"></td><td style="display: none;"><a class="recipeLink" href="/recipe_ingredient_search_results.php?query=(_QU5E__1__________284__[]_1_1)">Recipes with tofu, firm</a></td></tr><tr role="row" class="odd"><td tabindex="0"><i class="fa fa-thumbs-down"></i></td><td class=" not_printable"><div class="addToGL" data-soscuisine-aisle="13" data-soscuisine-sip="3938797"><i class="fa fa-cart-plus" title="Add to My Grocery List"></i><div></div></div></td><td><img class="storeItemImage" alt="tofu, firm ORGANIC" src="/media/images/store_item/blank.jpg"></td><td>tofu, firm ORGANIC</td><td class="not_printable sorting_1">other refrigerated items</td><td><img style="width:50%;" src="/media/images/logos/marchands/93.png" alt="Rachelle Béry"></td><td><span itemprop="price">$6.00</span><span itemprop="eligibleQuantity" itemscope="" itemtype="http://schema.org/QuantitativeValue">/<span itemprop="value">2</span>x<span itemprop="unitText">450g</span></span></td><td>$6.67/kg</td><td style="display: none;">2020-03-04</td><td style="display: none;"></td><td style="display: none;">Koo</td><td style="display: none;"></td><td style="display: none;"></td><td style="display: none;"></td><td style="display: none;"></td><td style="display: none;"></td><td style="display: none;"><a class="recipeLink" href="/recipe_ingredient_search_results.php?query=(_QU5E__1__________795__[]_1_1)">Recipes with tofu, firm ORGANIC</a></td></tr><tr role="row" class="even"><td tabindex="0"><i class="fa fa-thumbs-down"></i></td><td class=" not_printable"><div class="addToGL" data-soscuisine-aisle="13" data-soscuisine-sip="3940541"><i class="fa fa-cart-plus" title="Add to My Grocery List"></i><div></div></div></td><td><img class="storeItemImage" alt="tofu, firm ORGANIC" src="/media/images/store_item/blank.jpg"></td><td>tofu, firm ORGANIC</td><td class="not_printable sorting_1">other refrigerated items</td><td><img style="width:50%;" src="/media/images/logos/marchands/5.png" alt="Super C"></td><td><span itemprop="price">$3.49</span><span itemprop="eligibleQuantity" itemscope="" itemtype="http://schema.org/QuantitativeValue">/<span itemprop="unitText">400g</span></span></td><td>$8.73/kg</td><td style="display: none;">2020-02-26</td><td style="display: none;"></td><td style="display: none;"></td><td style="display: none;"></td><td style="display: none;">gluten-free</td><td style="display: none;"></td><td style="display: none;"></td><td style="display: none;">Sol Cuisine</td><td style="display: none;"><a class="recipeLink" href="/recipe_ingredient_search_results.php?query=(_QU5E__1__________795__[]_1_1)">Recipes with tofu, firm ORGANIC</a></td></tr><tr role="row" class="odd"><td tabindex="0"><i class="fas fa-exclamation"></i></td><td class=" not_printable"><div class="addToGL" data-soscuisine-aisle="13" data-soscuisine-sip="3939359"><i class="fa fa-cart-plus" title="Add to My Grocery List"></i><div></div></div></td><td><img class="storeItemImage" alt="tofu, soft/silken" src="/media/images/store_item/blank.jpg"></td><td>tofu, soft/silken</td><td class="not_printable sorting_1">other refrigerated items</td><td><img style="width:50%;" src="/media/images/logos/marchands/3.png" alt="IGA"></td><td><span itemprop="price">$5.00</span><span itemprop="eligibleQuantity" itemscope="" itemtype="http://schema.org/QuantitativeValue">/<span itemprop="value">2</span>x<span itemprop="unitText">450g</span></span></td><td>$5.56/kg</td><td style="display: none;">2020-02-26</td><td style="display: none;"></td><td style="display: none;">Koo</td><td style="display: none;"></td><td style="display: none;"></td><td style="display: none;"></td><td style="display: none;"></td><td style="display: none;"></td><td style="display: none;"><a class="recipeLink" href="/recipe_ingredient_search_results.php?query=(_QU5E__1__________410__[]_1_1)">Recipes with tofu, soft/silken</a></td></tr><tr role="row" class="even"><td tabindex="0"><i class="fas fa-exclamation"></i></td><td class=" not_printable"><div class="addToGL" data-soscuisine-aisle="13" data-soscuisine-sip="3940527"><i class="fa fa-cart-plus" title="Add to My Grocery List"></i><div></div></div></td><td><img class="storeItemImage" alt="tofu, soft/silken" src="/media/images/store_item/blank.jpg"></td><td>tofu, soft/silken</td><td class="not_printable sorting_1">other refrigerated items</td><td><img style="width:50%;" src="/media/images/logos/marchands/5.png" alt="Super C"></td><td><span itemprop="price">$3.00</span><span itemprop="eligibleQuantity" itemscope="" itemtype="http://schema.org/QuantitativeValue">/<span itemprop="value">4</span>x<span itemprop="unitText">5.3oz (150g)</span></span></td><td>$5.00/kg</td><td style="display: none;">2020-02-26</td><td style="display: none;"></td><td style="display: none;">Sunrise</td><td style="display: none;"></td><td style="display: none;"></td><td style="display: none;"></td><td style="display: none;"></td><td style="display: none;"></td><td style="display: none;"><a class="recipeLink" href="/recipe_ingredient_search_results.php?query=(_QU5E__1__________410__[]_1_1)">Recipes with tofu, soft/silken</a></td></tr><tr role="row" class="odd"><td tabindex="0"><i class="fa fa-thumbs-up"></i><i class="fa fa-thumbs-up"></i></td><td class=" not_printable"><div class="addToGL" data-soscuisine-aisle="13" data-soscuisine-sip="3912815"><i class="fa fa-cart-plus" title="Add to My Grocery List"></i><div></div></div></td><td><img class="storeItemImage" alt="vegetarian sausages/veggie dogs" src="/media/images/store_item/blank.jpg"></td><td>vegetarian sausages/veggie dogs</td><td class="not_printable sorting_1">other refrigerated items</td><td><img style="width:50%;" src="/media/images/logos/marchands/94.png" alt="Avril"></td><td><span itemprop="price">$6.99</span><span itemprop="eligibleQuantity" itemscope="" itemtype="http://schema.org/QuantitativeValue">/<span itemprop="value">2</span>x<span itemprop="unitText">380g  (13,4oz)</span></span></td><td>$9.20/kg</td><td style="display: none;">2020-03-03</td><td style="display: none;"></td><td style="display: none;">Yves</td><td style="display: none;"></td><td style="display: none;"></td><td style="display: none;"></td><td style="display: none;"></td><td style="display: none;"></td><td style="display: none;"><a class="recipeLink" href="/recipe_ingredient_search_results.php?query=(_QU5E__1__________518__[]_1_1)">Recipes with vegetarian sausages/veggie dogs</a></td></tr><tr role="row" class="even"><td tabindex="0"><i class="fas fa-hand-rock"></i></td><td class=" not_printable"><div class="addToGL" data-soscuisine-aisle="13" data-soscuisine-sip="3912817"><i class="fa fa-cart-plus" title="Add to My Grocery List"></i><div></div></div></td><td><img class="storeItemImage" alt="vegetarian sausages/veggie dogs" src="/media/images/store_item/blank.jpg"></td><td>vegetarian sausages/veggie dogs</td><td class="not_printable sorting_1">other refrigerated items</td><td><img style="width:50%;" src="/media/images/logos/marchands/94.png" alt="Avril"></td><td><span itemprop="price">$4.49</span><span itemprop="eligibleQuantity" itemscope="" itemtype="http://schema.org/QuantitativeValue">/<span itemprop="unitText">380g  (13,4oz)</span></span></td><td>$11.82/kg</td><td style="display: none;">2020-03-03</td><td style="display: none;"></td><td style="display: none;">Yves</td><td style="display: none;"></td><td style="display: none;"></td><td style="display: none;"></td><td style="display: none;"></td><td style="display: none;"></td><td style="display: none;"><a class="recipeLink" href="/recipe_ingredient_search_results.php?query=(_QU5E__1__________518__[]_1_1)">Recipes with vegetarian sausages/veggie dogs</a></td></tr><tr role="row" class="odd"><td tabindex="0"><i class="fas fa-hand-rock"></i></td><td class=" not_printable"><div class="addToGL" data-soscuisine-aisle="13" data-soscuisine-sip="3938387"><i class="fa fa-cart-plus" title="Add to My Grocery List"></i><div></div></div></td><td><img class="storeItemImage" alt="vegetarian sausages/veggie dogs" src="/media/images/store_item/blank.jpg"></td><td>vegetarian sausages/veggie dogs</td><td class="not_printable sorting_1">other refrigerated items</td><td><img style="width:50%;" src="/media/images/logos/marchands/7.png" alt="Intermarché (Saveurs intl.)"></td><td><span itemprop="price">$3.99</span><span itemprop="eligibleQuantity" itemscope="" itemtype="http://schema.org/QuantitativeValue">/<span itemprop="unitText">12oz (340g)</span></span></td><td>$11.74/kg</td><td style="display: none;">2020-02-26</td><td style="display: none;"></td><td style="display: none;">Yves</td><td style="display: none;"></td><td style="display: none;"></td><td style="display: none;"></td><td style="display: none;"></td><td style="display: none;"></td><td style="display: none;"><a class="recipeLink" href="/recipe_ingredient_search_results.php?query=(_QU5E__1__________518__[]_1_1)">Recipes with vegetarian sausages/veggie dogs</a></td></tr><tr role="row" class="even"><td tabindex="0"><i class="fas fa-hand-rock"></i></td><td class=" not_printable"><div class="addToGL" data-soscuisine-aisle="13" data-soscuisine-sip="3939009"><i class="fa fa-cart-plus" title="Add to My Grocery List"></i><div></div></div></td><td><img class="storeItemImage" alt="vegetarian sausages/veggie dogs" src="/media/images/store_item/blank.jpg"></td><td>vegetarian sausages/veggie dogs</td><td class="not_printable sorting_1">other refrigerated items</td><td><img style="width:50%;" src="/media/images/logos/marchands/64.png" alt="Mourelatos"></td><td><span itemprop="price">$3.99</span><span itemprop="eligibleQuantity" itemscope="" itemtype="http://schema.org/QuantitativeValue">/<span itemprop="unitText">12oz (340g)</span></span></td><td>$11.74/kg</td><td style="display: none;">2020-02-25</td><td style="display: none;"></td><td style="display: none;">Yves</td><td style="display: none;"></td><td style="display: none;"></td><td style="display: none;"></td><td style="display: none;"></td><td style="display: none;"></td><td style="display: none;"><a class="recipeLink" href="/recipe_ingredient_search_results.php?query=(_QU5E__1__________518__[]_1_1)">Recipes with vegetarian sausages/veggie dogs</a></td></tr><tr role="row" class="odd"><td tabindex="0"><i class="fa fa-thumbs-down"></i></td><td class=" not_printable"><div class="addToGL" data-soscuisine-aisle="13" data-soscuisine-sip="3938801"><i class="fa fa-cart-plus" title="Add to My Grocery List"></i><div></div></div></td><td><img class="storeItemImage" alt="vegetarian sausages/veggie dogs" src="/media/images/store_item/blank.jpg"></td><td>vegetarian sausages/veggie dogs</td><td class="not_printable sorting_1">other refrigerated items</td><td><img style="width:50%;" src="/media/images/logos/marchands/93.png" alt="Rachelle Béry"></td><td><span itemprop="price">$6.49</span><span itemprop="eligibleQuantity" itemscope="" itemtype="http://schema.org/QuantitativeValue">/<span itemprop="unitText">350g</span></span></td><td>$18.54/kg</td><td style="display: none;">2020-03-04</td><td style="display: none;"></td><td style="display: none;"></td><td style="display: none;"></td><td style="display: none;"></td><td style="display: none;"></td><td style="display: none;"></td><td style="display: none;">Gusta</td><td style="display: none;"><a class="recipeLink" href="/recipe_ingredient_search_results.php?query=(_QU5E__1__________518__[]_1_1)">Recipes with vegetarian sausages/veggie dogs</a></td></tr><tr role="row" class="even"><td tabindex="0"><i class="fa fa-thumbs-down"></i></td><td class=" not_printable"><div class="addToGL" data-soscuisine-aisle="13" data-soscuisine-sip="3939361"><i class="fa fa-cart-plus" title="Add to My Grocery List"></i><div></div></div></td><td><img class="storeItemImage" alt="veggie burgers" src="/media/images/store_item/blank.jpg"></td><td>veggie burgers</td><td class="not_printable sorting_1">other refrigerated items</td><td><img style="width:50%;" src="/media/images/logos/marchands/3.png" alt="IGA"></td><td><span itemprop="price">$6.49</span><span itemprop="eligibleQuantity" itemscope="" itemtype="http://schema.org/QuantitativeValue">/<span itemprop="unitText">280g</span></span></td><td>$23.18/kg</td><td style="display: none;">2020-02-26</td><td style="display: none;"></td><td style="display: none;"></td><td style="display: none;"></td><td style="display: none;"></td><td style="display: none;"></td><td style="display: none;"></td><td style="display: none;">Big Mountain</td><td style="display: none;"><a class="recipeLink" href="/recipe_ingredient_search_results.php?query=(_QU5E__1__________1215__[]_1_1)">Recipes with veggie burgers</a></td></tr><tr role="row" class="odd"><td tabindex="0"><i class="fa fa-thumbs-down"></i></td><td class=" not_printable"><div class="addToGL" data-soscuisine-aisle="13" data-soscuisine-sip="3939365"><i class="fa fa-cart-plus" title="Add to My Grocery List"></i><div></div></div></td><td><img class="storeItemImage" alt="veggie burgers" src="/media/images/store_item/blank.jpg"></td><td>veggie burgers</td><td class="not_printable sorting_1">other refrigerated items</td><td><img style="width:50%;" src="/media/images/logos/marchands/3.png" alt="IGA"></td><td><span itemprop="price">$7.99</span><span itemprop="eligibleQuantity" itemscope="" itemtype="http://schema.org/QuantitativeValue">/<span itemprop="unitText">300g</span></span></td><td>$26.63/kg</td><td style="display: none;">2020-02-26</td><td style="display: none;"></td><td style="display: none;">Wholly Veggie!</td><td style="display: none;"></td><td style="display: none;"></td><td style="display: none;"></td><td style="display: none;"></td><td style="display: none;"></td><td style="display: none;"><a class="recipeLink" href="/recipe_ingredient_search_results.php?query=(_QU5E__1__________1215__[]_1_1)">Recipes with veggie burgers</a></td></tr><tr role="row" class="even"><td tabindex="0"><i class="fas fa-hand-rock"></i></td><td class=" not_printable"><div class="addToGL" data-soscuisine-aisle="13" data-soscuisine-sip="3938803"><i class="fa fa-cart-plus" title="Add to My Grocery List"></i><div></div></div></td><td><img class="storeItemImage" alt="veggie burgers" src="/media/images/store_item/blank.jpg"></td><td>veggie burgers</td><td class="not_printable sorting_1">other refrigerated items</td><td><img style="width:50%;" src="/media/images/logos/marchands/93.png" alt="Rachelle Béry"></td><td><span itemprop="price">$4.99</span><span itemprop="eligibleQuantity" itemscope="" itemtype="http://schema.org/QuantitativeValue">/<span itemprop="unitText">250g</span></span></td><td>$19.96/kg</td><td style="display: none;">2020-03-04</td><td style="display: none;"></td><td style="display: none;"></td><td style="display: none;"></td><td style="display: none;"></td><td style="display: none;">gluten-free</td><td style="display: none;"></td><td style="display: none;">Racine Aliments</td><td style="display: none;"><a class="recipeLink" href="/recipe_ingredient_search_results.php?query=(_QU5E__1__________1215__[]_1_1)">Recipes with veggie burgers</a></td></tr><tr role="row" class="odd"><td tabindex="0"><i class="fa fa-thumbs-down"></i></td><td class=" not_printable"><div class="addToGL" data-soscuisine-aisle="13" data-soscuisine-sip="3938811"><i class="fa fa-cart-plus" title="Add to My Grocery List"></i><div></div></div></td><td><img class="storeItemImage" alt="veggie burgers" src="/media/images/store_item/blank.jpg"></td><td>veggie burgers</td><td class="not_printable sorting_1">other refrigerated items</td><td><img style="width:50%;" src="/media/images/logos/marchands/93.png" alt="Rachelle Béry"></td><td><span itemprop="price">$4.99</span><span itemprop="eligibleQuantity" itemscope="" itemtype="http://schema.org/QuantitativeValue">/<span itemprop="unitText">200g</span></span></td><td>$24.95/kg</td><td style="display: none;">2020-03-04</td><td style="display: none;"></td><td style="display: none;">Yves</td><td style="display: none;"></td><td style="display: none;"></td><td style="display: none;"></td><td style="display: none;"></td><td style="display: none;"></td><td style="display: none;"><a class="recipeLink" href="/recipe_ingredient_search_results.php?query=(_QU5E__1__________1215__[]_1_1)">Recipes with veggie burgers</a></td></tr><tr role="row" class="even"><td tabindex="0"><i class="fa fa-thumbs-up"></i></td><td class=" not_printable"><div class="addToGL" data-soscuisine-aisle="13" data-soscuisine-sip="3940545"><i class="fa fa-cart-plus" title="Add to My Grocery List"></i><div></div></div></td><td><img class="storeItemImage" alt="veggie burgers" src="/media/images/store_item/blank.jpg"></td><td>veggie burgers</td><td class="not_printable sorting_1">other refrigerated items</td><td><img style="width:50%;" src="/media/images/logos/marchands/5.png" alt="Super C"></td><td><span itemprop="price">$4.99</span><span itemprop="eligibleQuantity" itemscope="" itemtype="http://schema.org/QuantitativeValue">/<span itemprop="unitText">300g</span></span></td><td>$16.63/kg</td><td style="display: none;">2020-02-26</td><td style="display: none;"></td><td style="display: none;">Yves</td><td style="display: none;"></td><td style="display: none;"></td><td style="display: none;"></td><td style="display: none;"></td><td style="display: none;"></td><td style="display: none;"><a class="recipeLink" href="/recipe_ingredient_search_results.php?query=(_QU5E__1__________1215__[]_1_1)">Recipes with veggie burgers</a></td></tr><tr role="row" class="odd"><td tabindex="0"><i class="fas fa-hand-rock"></i></td><td class=" not_printable"><div class="addToGL" data-soscuisine-aisle="13" data-soscuisine-sip="3938389"><i class="fa fa-cart-plus" title="Add to My Grocery List"></i><div></div></div></td><td><img class="storeItemImage" alt="veggie ground-round" src="/media/images/store_item/blank.jpg"></td><td>veggie ground-round</td><td class="not_printable sorting_1">other refrigerated items</td><td><img style="width:50%;" src="/media/images/logos/marchands/7.png" alt="Intermarché (Saveurs intl.)"></td><td><span itemprop="price">$3.99</span><span itemprop="eligibleQuantity" itemscope="" itemtype="http://schema.org/QuantitativeValue">/<span itemprop="unitText">340g</span></span></td><td>$11.74/kg</td><td style="display: none;">2020-02-26</td><td style="display: none;"></td><td style="display: none;">Yves</td><td style="display: none;"></td><td style="display: none;"></td><td style="display: none;"></td><td style="display: none;"></td><td style="display: none;"></td><td style="display: none;"><a class="recipeLink" href="/recipe_ingredient_search_results.php?query=(_QU5E__1__________1181__[]_1_1)">Recipes with veggie ground-round</a></td></tr><tr role="row" class="even"><td tabindex="0"><i class="fas fa-hand-rock"></i></td><td class=" not_printable"><div class="addToGL" data-soscuisine-aisle="13" data-soscuisine-sip="3937649"><i class="fa fa-cart-plus" title="Add to My Grocery List"></i><div></div></div></td><td><img class="storeItemImage" alt="veggie ground-round" src="/media/images/store_item/blank.jpg"></td><td>veggie ground-round</td><td class="not_printable sorting_1">other refrigerated items</td><td><img style="width:50%;" src="/media/images/logos/marchands/1.png" alt="Metro"></td><td><span itemprop="price">$3.99</span><span itemprop="eligibleQuantity" itemscope="" itemtype="http://schema.org/QuantitativeValue">/<span itemprop="unitText">340g</span></span></td><td>$11.74/kg</td><td style="display: none;">2020-02-26</td><td style="display: none;"></td><td style="display: none;">Yves</td><td style="display: none;"></td><td style="display: none;"></td><td style="display: none;"></td><td style="display: none;"></td><td style="display: none;"></td><td style="display: none;"><a class="recipeLink" href="/recipe_ingredient_search_results.php?query=(_QU5E__1__________1181__[]_1_1)">Recipes with veggie ground-round</a></td></tr><tr role="row" class="odd"><td tabindex="0"><i class="fa fa-thumbs-up"></i></td><td class=" not_printable"><div class="addToGL" data-soscuisine-aisle="8" data-soscuisine-sip="3939559"><i class="fa fa-cart-plus" title="Add to My Grocery List"></i><div></div></div></td><td><img class="storeItemImage" alt="berries, frozen" src="/media/images/store_item/blank.jpg"></td><td>berries, frozen</td><td class="not_printable sorting_1">frozen foods</td><td><img style="width:50%;" src="/media/images/logos/marchands/10.png" alt="Bonichoix"></td><td><span itemprop="price">$3.99</span><span itemprop="eligibleQuantity" itemscope="" itemtype="http://schema.org/QuantitativeValue">/<span itemprop="unitText">600g</span></span></td><td>$6.65/kg</td><td style="display: none;">2020-02-26</td><td style="display: none;"></td><td style="display: none;">house brand</td><td style="display: none;"></td><td style="display: none;">various types</td><td style="display: none;"></td><td style="display: none;"></td><td style="display: none;"></td><td style="display: none;"><a class="recipeLink" href="/recipe_ingredient_search_results.php?query=(_QU5E__1__________464__[]_1_1)">Recipes with berries, frozen</a></td></tr><tr role="row" class="even"><td tabindex="0"><i class="fa fa-thumbs-up"></i><i class="fa fa-thumbs-up"></i></td><td class=" not_printable"><div class="addToGL" data-soscuisine-aisle="8" data-soscuisine-sip="3938967"><i class="fa fa-cart-plus" title="Add to My Grocery List"></i><div></div></div></td><td><img class="storeItemImage" alt="berries, frozen" src="/media/images/store_item/blank.jpg"></td><td>berries, frozen</td><td class="not_printable sorting_1">frozen foods</td><td><img style="width:50%;" src="/media/images/logos/marchands/3.png" alt="IGA"></td><td><span itemprop="price">$8.88</span><span itemprop="eligibleQuantity" itemscope="" itemtype="http://schema.org/QuantitativeValue">/<span itemprop="unitText">1,5kg</span></span></td><td>$5.92/kg</td><td style="display: none;">2020-02-26</td><td style="display: none;"></td><td style="display: none;">house brand</td><td style="display: none;"></td><td style="display: none;"></td><td style="display: none;"></td><td style="display: none;"></td><td style="display: none;"></td><td style="display: none;"><a class="recipeLink" href="/recipe_ingredient_search_results.php?query=(_QU5E__1__________464__[]_1_1)">Recipes with berries, frozen</a></td></tr><tr role="row" class="odd"><td tabindex="0"><i class="fa fa-thumbs-up"></i></td><td class=" not_printable"><div class="addToGL" data-soscuisine-aisle="8" data-soscuisine-sip="3942119"><i class="fa fa-cart-plus" title="Add to My Grocery List"></i><div></div></div></td><td><img class="storeItemImage" alt="berries, frozen" src="/media/images/store_item/blank.jpg"></td><td>berries, frozen</td><td class="not_printable sorting_1">frozen foods</td><td><img style="width:50%;" src="/media/images/logos/marchands/13.png" alt="Jardin Mobile"></td><td><span itemprop="price">$3.99</span><span itemprop="eligibleQuantity" itemscope="" itemtype="http://schema.org/QuantitativeValue">/<span itemprop="unitText">600g</span></span></td><td>$6.65/kg</td><td style="display: none;">2020-02-26</td><td style="display: none;"></td><td style="display: none;">Europe's Best</td><td style="display: none;"></td><td style="display: none;"></td><td style="display: none;"></td><td style="display: none;"></td><td style="display: none;"></td><td style="display: none;"><a class="recipeLink" href="/recipe_ingredient_search_results.php?query=(_QU5E__1__________464__[]_1_1)">Recipes with berries, frozen</a></td></tr><tr role="row" class="even"><td tabindex="0"><i class="fa fa-thumbs-down"></i></td><td class=" not_printable"><div class="addToGL" data-soscuisine-aisle="8" data-soscuisine-sip="3937317"><i class="fa fa-cart-plus" title="Add to My Grocery List"></i><div></div></div></td><td><img class="storeItemImage" alt="berries, frozen" src="/media/images/store_item/blank.jpg"></td><td>berries, frozen</td><td class="not_printable sorting_1">frozen foods</td><td><img style="width:50%;" src="/media/images/logos/marchands/95.png" alt="Marchés Tau"></td><td><span itemprop="price">$4.99</span><span itemprop="eligibleQuantity" itemscope="" itemtype="http://schema.org/QuantitativeValue">/<span itemprop="unitText">300g</span></span></td><td>$16.63/kg</td><td style="display: none;">2020-03-29</td><td style="display: none;"></td><td style="display: none;">Bremner's</td><td style="display: none;"></td><td style="display: none;"></td><td style="display: none;"></td><td style="display: none;"></td><td style="display: none;"></td><td style="display: none;"><a class="recipeLink" href="/recipe_ingredient_search_results.php?query=(_QU5E__1__________464__[]_1_1)">Recipes with berries, frozen</a></td></tr><tr role="row" class="odd"><td tabindex="0"><i class="fas fa-hand-rock"></i></td><td class=" not_printable"><div class="addToGL" data-soscuisine-aisle="8" data-soscuisine-sip="3937795"><i class="fa fa-cart-plus" title="Add to My Grocery List"></i><div></div></div></td><td><img class="storeItemImage" alt="berries, frozen" src="/media/images/store_item/blank.jpg"></td><td>berries, frozen</td><td class="not_printable sorting_1">frozen foods</td><td><img style="width:50%;" src="/media/images/logos/marchands/1.png" alt="Metro"></td><td><span itemprop="price">$4.99</span><span itemprop="eligibleQuantity" itemscope="" itemtype="http://schema.org/QuantitativeValue">/<span itemprop="unitText">600g</span></span></td><td>$8.32/kg</td><td style="display: none;">2020-02-26</td><td style="display: none;"></td><td style="display: none;">house brand</td><td style="display: none;"></td><td style="display: none;">various types</td><td style="display: none;"></td><td style="display: none;"></td><td style="display: none;"></td><td style="display: none;"><a class="recipeLink" href="/recipe_ingredient_search_results.php?query=(_QU5E__1__________464__[]_1_1)">Recipes with berries, frozen</a></td></tr><tr role="row" class="even"><td tabindex="0"><i class="fas fa-hand-rock"></i></td><td class=" not_printable"><div class="addToGL" data-soscuisine-aisle="8" data-soscuisine-sip="3938037"><i class="fa fa-cart-plus" title="Add to My Grocery List"></i><div></div></div></td><td><img class="storeItemImage" alt="berries, frozen" src="/media/images/store_item/blank.jpg"></td><td>berries, frozen</td><td class="not_printable sorting_1">frozen foods</td><td><img style="width:50%;" src="/media/images/logos/marchands/2.png" alt="Provigo"></td><td><span itemprop="price">$8.00</span><span itemprop="eligibleQuantity" itemscope="" itemtype="http://schema.org/QuantitativeValue">/<span itemprop="value">2</span>x<span itemprop="unitText">600g</span></span></td><td>$6.67/kg</td><td style="display: none;">2020-02-26</td><td style="display: none;"></td><td style="display: none;">house brand</td><td style="display: none;"></td><td style="display: none;">various types</td><td style="display: none;"></td><td style="display: none;"></td><td style="display: none;"></td><td style="display: none;"><a class="recipeLink" href="/recipe_ingredient_search_results.php?query=(_QU5E__1__________464__[]_1_1)">Recipes with berries, frozen</a></td></tr><tr role="row" class="odd"><td tabindex="0"><i class="fas fa-hand-rock"></i></td><td class=" not_printable"><div class="addToGL" data-soscuisine-aisle="8" data-soscuisine-sip="3938035"><i class="fa fa-cart-plus" title="Add to My Grocery List"></i><div></div></div></td><td><img class="storeItemImage" alt="berries, frozen" src="/media/images/store_item/blank.jpg"></td><td>berries, frozen</td><td class="not_printable sorting_1">frozen foods</td><td><img style="width:50%;" src="/media/images/logos/marchands/2.png" alt="Provigo"></td><td><span itemprop="price">$4.99</span><span itemprop="eligibleQuantity" itemscope="" itemtype="http://schema.org/QuantitativeValue">/<span itemprop="unitText">600g</span></span></td><td>$8.32/kg</td><td style="display: none;">2020-02-26</td><td style="display: none;"></td><td style="display: none;">house brand</td><td style="display: none;"></td><td style="display: none;">various types</td><td style="display: none;"></td><td style="display: none;"></td><td style="display: none;"></td><td style="display: none;"><a class="recipeLink" href="/recipe_ingredient_search_results.php?query=(_QU5E__1__________464__[]_1_1)">Recipes with berries, frozen</a></td></tr><tr role="row" class="even"><td tabindex="0"><i class="fa fa-thumbs-up"></i><i class="fa fa-thumbs-up"></i></td><td class=" not_printable"><div class="addToGL" data-soscuisine-aisle="8" data-soscuisine-sip="3940711"><i class="fa fa-cart-plus" title="Add to My Grocery List"></i><div></div></div></td><td><img class="storeItemImage" alt="berries, frozen" src="/media/images/store_item/blank.jpg"></td><td>berries, frozen</td><td class="not_printable sorting_1">frozen foods</td><td><img style="width:50%;" src="/media/images/logos/marchands/5.png" alt="Super C"></td><td><span itemprop="price">$10.00</span><span itemprop="eligibleQuantity" itemscope="" itemtype="http://schema.org/QuantitativeValue">/<span itemprop="unitText">4.4lb (2kg)</span></span></td><td>$5.00/kg</td><td style="display: none;">2020-02-26</td><td style="display: none;"></td><td style="display: none;">house brand</td><td style="display: none;"></td><td style="display: none;"></td><td style="display: none;"></td><td style="display: none;"></td><td style="display: none;"></td><td style="display: none;"><a class="recipeLink" href="/recipe_ingredient_search_results.php?query=(_QU5E__1__________464__[]_1_1)">Recipes with berries, frozen</a></td></tr><tr role="row" class="odd"><td tabindex="0"><i class="fa fa-thumbs-up"></i><i class="fa fa-thumbs-up"></i></td><td class=" not_printable"><div class="addToGL" data-soscuisine-aisle="8" data-soscuisine-sip="3941049"><i class="fa fa-cart-plus" title="Add to My Grocery List"></i><div></div></div></td><td><img class="storeItemImage" alt="berries, frozen" src="/media/images/store_item/blank.jpg"></td><td>berries, frozen</td><td class="not_printable sorting_1">frozen foods</td><td><img style="width:50%;" src="/media/images/logos/marchands/73.png" alt="Walmart"></td><td><span itemprop="price">$3.77</span><span itemprop="eligibleQuantity" itemscope="" itemtype="http://schema.org/QuantitativeValue">/<span itemprop="unitText">600g</span></span></td><td>$6.28/kg</td><td style="display: none;">2020-02-26</td><td style="display: none;"></td><td style="display: none;">house brand</td><td style="display: none;"></td><td style="display: none;">various types</td><td style="display: none;"></td><td style="display: none;"></td><td style="display: none;"></td><td style="display: none;"><a class="recipeLink" href="/recipe_ingredient_search_results.php?query=(_QU5E__1__________464__[]_1_1)">Recipes with berries, frozen</a></td></tr><tr role="row" class="even"><td tabindex="0"><i class="fa fa-thumbs-up"></i><i class="fa fa-thumbs-up"></i></td><td class=" not_printable"><div class="addToGL" data-soscuisine-aisle="8" data-soscuisine-sip="3937433"><i class="fa fa-cart-plus" title="Add to My Grocery List"></i><div></div></div></td><td><img class="storeItemImage" alt="frozen dessert" src="/media/images/store_item/blank.jpg"></td><td>frozen dessert</td><td class="not_printable sorting_1">frozen foods</td><td><img style="width:50%;" src="/media/images/logos/marchands/6.png" alt="Maxi"></td><td><span itemprop="price">$2.00</span><span itemprop="eligibleQuantity" itemscope="" itemtype="http://schema.org/QuantitativeValue">/<span itemprop="unitText">1,66L</span></span></td><td>$1.98/kg</td><td style="display: none;">2020-02-26</td><td style="display: none;"></td><td style="display: none;">Breyers</td><td style="display: none;"></td><td style="display: none;"></td><td style="display: none;"></td><td style="display: none;"></td><td style="display: none;"></td><td style="display: none;"></td></tr><tr role="row" class="odd"><td tabindex="0"><i class="fas fa-hand-rock"></i></td><td class=" not_printable"><div class="addToGL" data-soscuisine-aisle="8" data-soscuisine-sip="3938339"><i class="fa fa-cart-plus" title="Add to My Grocery List"></i><div></div></div></td><td><img class="storeItemImage" alt="frozen dessert" src="/media/images/store_item/blank.jpg"></td><td>frozen dessert</td><td class="not_printable sorting_1">frozen foods</td><td><img style="width:50%;" src="/media/images/logos/marchands/2.png" alt="Provigo"></td><td><span itemprop="price">$3.99</span><span itemprop="eligibleQuantity" itemscope="" itemtype="http://schema.org/QuantitativeValue">/<span itemprop="unitText">1,66L</span></span></td><td>$3.95/kg</td><td style="display: none;">2020-02-26</td><td style="display: none;"></td><td style="display: none;">Breyers</td><td style="display: none;"></td><td style="display: none;"></td><td style="display: none;"></td><td style="display: none;"></td><td style="display: none;"></td><td style="display: none;"></td></tr><tr role="row" class="even"><td tabindex="0"><i class="fas fa-hand-rock"></i></td><td class=" not_printable"><div class="addToGL" data-soscuisine-aisle="8" data-soscuisine-sip="3940423"><i class="fa fa-cart-plus" title="Add to My Grocery List"></i><div></div></div></td><td><img class="storeItemImage" alt="frozen dessert" src="/media/images/store_item/blank.jpg"></td><td>frozen dessert</td><td class="not_printable sorting_1">frozen foods</td><td><img style="width:50%;" src="/media/images/logos/marchands/11.png" alt="Tradition"></td><td><span itemprop="price">$9.99</span><span itemprop="eligibleQuantity" itemscope="" itemtype="http://schema.org/QuantitativeValue">/<span itemprop="value">3</span>x<span itemprop="unitText">1,5L</span></span></td><td>$3.65/kg</td><td style="display: none;">2020-02-26</td><td style="display: none;"></td><td style="display: none;">Nestle</td><td style="display: none;"></td><td style="display: none;"></td><td style="display: none;"></td><td style="display: none;"></td><td style="display: none;"></td><td style="display: none;"></td></tr><tr role="row" class="odd"><td tabindex="0"><i class="fa fa-thumbs-down"></i></td><td class=" not_printable"><div class="addToGL" data-soscuisine-aisle="8" data-soscuisine-sip="3940417"><i class="fa fa-cart-plus" title="Add to My Grocery List"></i><div></div></div></td><td><img class="storeItemImage" alt="frozen dessert" src="/media/images/store_item/blank.jpg"></td><td>frozen dessert</td><td class="not_printable sorting_1">frozen foods</td><td><img style="width:50%;" src="/media/images/logos/marchands/11.png" alt="Tradition"></td><td><span itemprop="price">$4.49</span><span itemprop="eligibleQuantity" itemscope="" itemtype="http://schema.org/QuantitativeValue">/<span itemprop="unitText">1,5L</span></span></td><td>$4.92/kg</td><td style="display: none;">2020-02-26</td><td style="display: none;"></td><td style="display: none;">Nestle</td><td style="display: none;"></td><td style="display: none;"></td><td style="display: none;"></td><td style="display: none;"></td><td style="display: none;"></td><td style="display: none;"></td></tr><tr role="row" class="even"><td tabindex="0"><i class="fas fa-hand-rock"></i></td><td class=" not_printable"><div class="addToGL" data-soscuisine-aisle="8" data-soscuisine-sip="3941047"><i class="fa fa-cart-plus" title="Add to My Grocery List"></i><div></div></div></td><td><img class="storeItemImage" alt="frozen dessert" src="/media/images/store_item/blank.jpg"></td><td>frozen dessert</td><td class="not_printable sorting_1">frozen foods</td><td><img style="width:50%;" src="/media/images/logos/marchands/73.png" alt="Walmart"></td><td><span itemprop="price">$2.88</span><span itemprop="eligibleQuantity" itemscope="" itemtype="http://schema.org/QuantitativeValue">/<span itemprop="unitText">1,5L</span></span></td><td>$3.16/kg</td><td style="display: none;">2020-02-26</td><td style="display: none;"></td><td style="display: none;">Nestle</td><td style="display: none;"></td><td style="display: none;"></td><td style="display: none;"></td><td style="display: none;"></td><td style="display: none;"></td><td style="display: none;"></td></tr><tr role="row" class="odd"><td tabindex="0"><i class="fa fa-thumbs-down"></i></td><td class=" not_printable"><div class="addToGL" data-soscuisine-aisle="8" data-soscuisine-sip="3935993"><i class="fa fa-cart-plus" title="Add to My Grocery List"></i><div></div></div></td><td><img class="storeItemImage" alt="peas, frozen" src="/media/images/store_item/blank.jpg"></td><td>peas, frozen</td><td class="not_printable sorting_1">frozen foods</td><td><img style="width:50%;" src="/media/images/logos/marchands/62.png" alt="Supermarché PA"></td><td><span itemprop="price">$4.50</span><span itemprop="eligibleQuantity" itemscope="" itemtype="http://schema.org/QuantitativeValue">/<span itemprop="value">2</span>x<span itemprop="unitText">750g</span></span></td><td>$3.00/kg</td><td style="display: none;">2020-02-23</td><td style="display: none;"></td><td style="display: none;">Ilios</td><td style="display: none;"></td><td style="display: none;"></td><td style="display: none;"></td><td style="display: none;"></td><td style="display: none;"></td><td style="display: none;"><a class="recipeLink" href="/recipe_ingredient_search_results.php?query=(_QU5E__1__________132__[]_1_1)">Recipes with peas, frozen</a></td></tr><tr role="row" class="even"><td tabindex="0"><i class="fa fa-thumbs-down"></i></td><td class=" not_printable"><div class="addToGL" data-soscuisine-aisle="8" data-soscuisine-sip="3939713"><i class="fa fa-cart-plus" title="Add to My Grocery List"></i><div></div></div></td><td><img class="storeItemImage" alt="puff pastry dough" src="/media/images/store_item/blank.jpg"></td><td>puff pastry dough</td><td class="not_printable sorting_1">frozen foods</td><td><img style="width:50%;" src="/media/images/logos/marchands/10.png" alt="Bonichoix"></td><td><span itemprop="price">$2.99</span><span itemprop="eligibleQuantity" itemscope="" itemtype="http://schema.org/QuantitativeValue">/<span itemprop="unitText">14oz (397g)</span></span></td><td>$7.53/kg</td><td style="display: none;">2020-02-26</td><td style="display: none;"></td><td style="display: none;">Tenderflake</td><td style="display: none;"></td><td style="display: none;"></td><td style="display: none;"></td><td style="display: none;"></td><td style="display: none;"></td><td style="display: none;"><a class="recipeLink" href="/recipe_ingredient_search_results.php?query=(_QU5E__1__________268__[]_1_1)">Recipes with puff pastry dough</a></td></tr><tr role="row" class="odd"><td tabindex="0"><i class="fa fa-thumbs-down"></i></td><td class=" not_printable"><div class="addToGL" data-soscuisine-aisle="8" data-soscuisine-sip="3940801"><i class="fa fa-cart-plus" title="Add to My Grocery List"></i><div></div></div></td><td><img class="storeItemImage" alt="puff pastry dough" src="/media/images/store_item/blank.jpg"></td><td>puff pastry dough</td><td class="not_printable sorting_1">frozen foods</td><td><img style="width:50%;" src="/media/images/logos/marchands/11.png" alt="Tradition"></td><td><span itemprop="price">$2.99</span><span itemprop="eligibleQuantity" itemscope="" itemtype="http://schema.org/QuantitativeValue">/<span itemprop="unitText">14oz (397g)</span></span></td><td>$7.53/kg</td><td style="display: none;">2020-02-26</td><td style="display: none;"></td><td style="display: none;">Tenderflake</td><td style="display: none;"></td><td style="display: none;"></td><td style="display: none;"></td><td style="display: none;"></td><td style="display: none;"></td><td style="display: none;"><a class="recipeLink" href="/recipe_ingredient_search_results.php?query=(_QU5E__1__________268__[]_1_1)">Recipes with puff pastry dough</a></td></tr><tr role="row" class="even"><td tabindex="0"><i class="fas fa-exclamation"></i></td><td class=" not_printable"><div class="addToGL" data-soscuisine-aisle="8" data-soscuisine-sip="3938813"><i class="fa fa-cart-plus" title="Add to My Grocery List"></i><div></div></div></td><td><img class="storeItemImage" alt="tempeh" src="/media/images/store_item/blank.jpg"></td><td>tempeh</td><td class="not_printable sorting_1">frozen foods</td><td><img style="width:50%;" src="/media/images/logos/marchands/93.png" alt="Rachelle Béry"></td><td><span itemprop="price">$4.49</span><span itemprop="eligibleQuantity" itemscope="" itemtype="http://schema.org/QuantitativeValue">/<span itemprop="unitText">8oz (227g)</span></span></td><td>$1.98/100g</td><td style="display: none;">2020-03-04</td><td style="display: none;"></td><td style="display: none;">Lightlife</td><td style="display: none;"></td><td style="display: none;"></td><td style="display: none;"></td><td style="display: none;"></td><td style="display: none;"></td><td style="display: none;"><a class="recipeLink" href="/recipe_ingredient_search_results.php?query=(_QU5E__1__________1176__[]_1_1)">Recipes with tempeh</a></td></tr><tr role="row" class="odd"><td tabindex="0"><i class="fas fa-exclamation"></i></td><td class=" not_printable"><div class="addToGL" data-soscuisine-aisle="8" data-soscuisine-sip="3940547"><i class="fa fa-cart-plus" title="Add to My Grocery List"></i><div></div></div></td><td><img class="storeItemImage" alt="tempeh" src="/media/images/store_item/blank.jpg"></td><td>tempeh</td><td class="not_printable sorting_1">frozen foods</td><td><img style="width:50%;" src="/media/images/logos/marchands/5.png" alt="Super C"></td><td><span itemprop="price">$3.99</span><span itemprop="eligibleQuantity" itemscope="" itemtype="http://schema.org/QuantitativeValue">/<span itemprop="unitText">8oz (227g)</span></span></td><td>$1.76/100g</td><td style="display: none;">2020-02-26</td><td style="display: none;"></td><td style="display: none;">Lightlife</td><td style="display: none;"></td><td style="display: none;"></td><td style="display: none;">Organic</td><td style="display: none;"></td><td style="display: none;"></td><td style="display: none;"><a class="recipeLink" href="/recipe_ingredient_search_results.php?query=(_QU5E__1__________1176__[]_1_1)">Recipes with tempeh</a></td></tr><tr role="row" class="even"><td tabindex="0"><i class="fa fa-thumbs-down"></i></td><td class=" not_printable"><div class="addToGL" data-soscuisine-aisle="8" data-soscuisine-sip="3938341"><i class="fa fa-cart-plus" title="Add to My Grocery List"></i><div></div></div></td><td><img class="storeItemImage" alt="vanilla ice cream" src="/media/images/store_item/blank.jpg"></td><td>vanilla ice cream</td><td class="not_printable sorting_1">frozen foods</td><td><img style="width:50%;" src="/media/images/logos/marchands/2.png" alt="Provigo"></td><td><span itemprop="price">$4.99</span><span itemprop="eligibleQuantity" itemscope="" itemtype="http://schema.org/QuantitativeValue">/<span itemprop="unitText">1,5L</span></span></td><td>$5.47/kg</td><td style="display: none;">2020-02-26</td><td style="display: none;"></td><td style="display: none;">house brand</td><td style="display: none;"></td><td style="display: none;"></td><td style="display: none;"></td><td style="display: none;"></td><td style="display: none;"></td><td style="display: none;"><a class="recipeLink" href="/recipe_ingredient_search_results.php?query=(_QU5E__1__________362__[]_1_1)">Recipes with vanilla ice cream</a></td></tr><tr role="row" class="odd"><td tabindex="0"><i class="fa fa-thumbs-up"></i><i class="fa fa-thumbs-up"></i></td><td class=" not_printable"><div class="addToGL" data-soscuisine-aisle="8" data-soscuisine-sip="3939627"><i class="fa fa-cart-plus" title="Add to My Grocery List"></i><div></div></div></td><td><img class="storeItemImage" alt="vegetables, frozen" src="/media/images/store_item/blank.jpg"></td><td>vegetables, frozen</td><td class="not_printable sorting_1">frozen foods</td><td><img style="width:50%;" src="/media/images/logos/marchands/10.png" alt="Bonichoix"></td><td><span itemprop="price">$2.99</span><span itemprop="eligibleQuantity" itemscope="" itemtype="http://schema.org/QuantitativeValue">/<span itemprop="unitText">1kg</span></span></td><td>$2.99/kg</td><td style="display: none;">2020-02-26</td><td style="display: none;"></td><td style="display: none;">house brand</td><td style="display: none;"></td><td style="display: none;">various types</td><td style="display: none;"></td><td style="display: none;"></td><td style="display: none;"></td><td style="display: none;"><a class="recipeLink" href="/recipe_ingredient_search_results.php?query=(_QU5E__1__________350__[]_1_1)">Recipes with vegetables, frozen</a></td></tr><tr role="row" class="even"><td tabindex="0"><i class="fas fa-hand-rock"></i></td><td class=" not_printable"><div class="addToGL" data-soscuisine-aisle="8" data-soscuisine-sip="3938705"><i class="fa fa-cart-plus" title="Add to My Grocery List"></i><div></div></div></td><td><img class="storeItemImage" alt="vegetables, frozen" src="/media/images/store_item/blank.jpg"></td><td>vegetables, frozen</td><td class="not_printable sorting_1">frozen foods</td><td><img style="width:50%;" src="/media/images/logos/marchands/69.png" alt="Intermarche (Provincial)"></td><td><span itemprop="price">$2.99</span><span itemprop="eligibleQuantity" itemscope="" itemtype="http://schema.org/QuantitativeValue">/<span itemprop="unitText">750g</span></span></td><td>$3.99/kg</td><td style="display: none;">2020-02-26</td><td style="display: none;"></td><td style="display: none;">house brand</td><td style="display: none;"></td><td style="display: none;">various types</td><td style="display: none;"></td><td style="display: none;"></td><td style="display: none;"></td><td style="display: none;"><a class="recipeLink" href="/recipe_ingredient_search_results.php?query=(_QU5E__1__________350__[]_1_1)">Recipes with vegetables, frozen</a></td></tr><tr role="row" class="odd"><td tabindex="0"><i class="fas fa-hand-rock"></i></td><td class=" not_printable"><div class="addToGL" data-soscuisine-aisle="8" data-soscuisine-sip="3938467"><i class="fa fa-cart-plus" title="Add to My Grocery List"></i><div></div></div></td><td><img class="storeItemImage" alt="vegetables, frozen" src="/media/images/store_item/blank.jpg"></td><td>vegetables, frozen</td><td class="not_printable sorting_1">frozen foods</td><td><img style="width:50%;" src="/media/images/logos/marchands/7.png" alt="Intermarché (Saveurs intl.)"></td><td><span itemprop="price">$2.99</span><span itemprop="eligibleQuantity" itemscope="" itemtype="http://schema.org/QuantitativeValue">/<span itemprop="unitText">750g</span></span></td><td>$3.99/kg</td><td style="display: none;">2020-02-26</td><td style="display: none;"></td><td style="display: none;">house brand</td><td style="display: none;"></td><td style="display: none;">various types</td><td style="display: none;"></td><td style="display: none;"></td><td style="display: none;"></td><td style="display: none;"><a class="recipeLink" href="/recipe_ingredient_search_results.php?query=(_QU5E__1__________350__[]_1_1)">Recipes with vegetables, frozen</a></td></tr><tr role="row" class="even"><td tabindex="0"><i class="fa fa-thumbs-down"></i></td><td class=" not_printable"><div class="addToGL" data-soscuisine-aisle="8" data-soscuisine-sip="3937367"><i class="fa fa-cart-plus" title="Add to My Grocery List"></i><div></div></div></td><td><img class="storeItemImage" alt="vegetables, frozen" src="/media/images/store_item/blank.jpg"></td><td>vegetables, frozen</td><td class="not_printable sorting_1">frozen foods</td><td><img style="width:50%;" src="/media/images/logos/marchands/95.png" alt="Marchés Tau"></td><td><span itemprop="price">$3.79</span><span itemprop="eligibleQuantity" itemscope="" itemtype="http://schema.org/QuantitativeValue">/<span itemprop="unitText">350g</span></span></td><td>$10.83/kg</td><td style="display: none;">2020-03-29</td><td style="display: none;"></td><td style="display: none;">Earthbound Farm</td><td style="display: none;"></td><td style="display: none;"></td><td style="display: none;">Organic</td><td style="display: none;"></td><td style="display: none;"></td><td style="display: none;"><a class="recipeLink" href="/recipe_ingredient_search_results.php?query=(_QU5E__1__________350__[]_1_1)">Recipes with vegetables, frozen</a></td></tr><tr role="row" class="odd"><td tabindex="0"><i class="fas fa-hand-rock"></i></td><td class=" not_printable"><div class="addToGL" data-soscuisine-aisle="8" data-soscuisine-sip="3937841"><i class="fa fa-cart-plus" title="Add to My Grocery List"></i><div></div></div></td><td><img class="storeItemImage" alt="vegetables, frozen" src="/media/images/store_item/blank.jpg"></td><td>vegetables, frozen</td><td class="not_printable sorting_1">frozen foods</td><td><img style="width:50%;" src="/media/images/logos/marchands/1.png" alt="Metro"></td><td><span itemprop="price">$3.49</span><span itemprop="eligibleQuantity" itemscope="" itemtype="http://schema.org/QuantitativeValue">/<span itemprop="unitText">750g</span></span></td><td>$4.65/kg</td><td style="display: none;">2020-02-26</td><td style="display: none;"></td><td style="display: none;">Arctic Gardens</td><td style="display: none;"></td><td style="display: none;">various types</td><td style="display: none;"></td><td style="display: none;"></td><td style="display: none;"></td><td style="display: none;"><a class="recipeLink" href="/recipe_ingredient_search_results.php?query=(_QU5E__1__________350__[]_1_1)">Recipes with vegetables, frozen</a></td></tr><tr role="row" class="even"><td tabindex="0"><i class="fas fa-hand-rock"></i></td><td class=" not_printable"><div class="addToGL" data-soscuisine-aisle="8" data-soscuisine-sip="3940659"><i class="fa fa-cart-plus" title="Add to My Grocery List"></i><div></div></div></td><td><img class="storeItemImage" alt="vegetables, frozen" src="/media/images/store_item/blank.jpg"></td><td>vegetables, frozen</td><td class="not_printable sorting_1">frozen foods</td><td><img style="width:50%;" src="/media/images/logos/marchands/5.png" alt="Super C"></td><td><span itemprop="price">$2.99</span><span itemprop="eligibleQuantity" itemscope="" itemtype="http://schema.org/QuantitativeValue">/<span itemprop="unitText">750g</span></span></td><td>$3.99/kg</td><td style="display: none;">2020-02-26</td><td style="display: none;">Quebec</td><td style="display: none;">Arctic Gardens</td><td style="display: none;"></td><td style="display: none;"></td><td style="display: none;"></td><td style="display: none;"></td><td style="display: none;"></td><td style="display: none;"><a class="recipeLink" href="/recipe_ingredient_search_results.php?query=(_QU5E__1__________350__[]_1_1)">Recipes with vegetables, frozen</a></td></tr><tr role="row" class="odd"><td tabindex="0"><i class="fa fa-thumbs-up"></i></td><td class=" not_printable"><div class="addToGL" data-soscuisine-aisle="8" data-soscuisine-sip="3935995"><i class="fa fa-cart-plus" title="Add to My Grocery List"></i><div></div></div></td><td><img class="storeItemImage" alt="vegetables, frozen" src="/media/images/store_item/blank.jpg"></td><td>vegetables, frozen</td><td class="not_printable sorting_1">frozen foods</td><td><img style="width:50%;" src="/media/images/logos/marchands/62.png" alt="Supermarché PA"></td><td><span itemprop="price">$4.50</span><span itemprop="eligibleQuantity" itemscope="" itemtype="http://schema.org/QuantitativeValue">/<span itemprop="value">2</span>x<span itemprop="unitText">750g</span></span></td><td>$3.00/kg</td><td style="display: none;">2020-02-23</td><td style="display: none;"></td><td style="display: none;">Ilios</td><td style="display: none;"></td><td style="display: none;"></td><td style="display: none;"></td><td style="display: none;"></td><td style="display: none;"></td><td style="display: none;"><a class="recipeLink" href="/recipe_ingredient_search_results.php?query=(_QU5E__1__________350__[]_1_1)">Recipes with vegetables, frozen</a></td></tr><tr role="row" class="even"><td tabindex="0"><i class="fas fa-hand-rock"></i></td><td class=" not_printable"><div class="addToGL" data-soscuisine-aisle="8" data-soscuisine-sip="3939655"><i class="fa fa-cart-plus" title="Add to My Grocery List"></i><div></div></div></td><td><img class="storeItemImage" alt="waffles" src="/media/images/store_item/blank.jpg"></td><td>waffles</td><td class="not_printable sorting_1">frozen foods</td><td><img style="width:50%;" src="/media/images/logos/marchands/3.png" alt="IGA"></td><td><span itemprop="price">$2.99</span><span itemprop="eligibleQuantity" itemscope="" itemtype="http://schema.org/QuantitativeValue">/<span itemprop="unitText">280g</span></span></td><td>$1.07/100g</td><td style="display: none;">2020-02-26</td><td style="display: none;"></td><td style="display: none;">Eggo (Kellogg's)</td><td style="display: none;"></td><td style="display: none;"></td><td style="display: none;"></td><td style="display: none;"></td><td style="display: none;"></td><td style="display: none;"><a class="recipeLink" href="/recipe_ingredient_search_results.php?query=(_QU5E__1__________1110__[]_1_1)">Recipes with waffles</a></td></tr><tr role="row" class="odd"><td tabindex="0"><i class="fa fa-thumbs-up"></i></td><td class=" not_printable"><div class="addToGL" data-soscuisine-aisle="8" data-soscuisine-sip="3939369"><i class="fa fa-cart-plus" title="Add to My Grocery List"></i><div></div></div></td><td><img class="storeItemImage" alt="waffles" src="/media/images/store_item/blank.jpg"></td><td>waffles</td><td class="not_printable sorting_1">frozen foods</td><td><img style="width:50%;" src="/media/images/logos/marchands/63.png" alt="Marché Adonis"></td><td><span itemprop="price">$4.99</span><span itemprop="eligibleQuantity" itemscope="" itemtype="http://schema.org/QuantitativeValue">/<span itemprop="unitText">560g</span></span></td><td>$0.89/100g</td><td style="display: none;">2020-02-26</td><td style="display: none;"></td><td style="display: none;">Eggo (Kellogg's)</td><td style="display: none;"></td><td style="display: none;"></td><td style="display: none;"></td><td style="display: none;"></td><td style="display: none;"></td><td style="display: none;"><a class="recipeLink" href="/recipe_ingredient_search_results.php?query=(_QU5E__1__________1110__[]_1_1)">Recipes with waffles</a></td></tr><tr role="row" class="even"><td tabindex="0"><i class="fa fa-thumbs-down"></i></td><td class=" not_printable"><div class="addToGL" data-soscuisine-aisle="8" data-soscuisine-sip="3937327"><i class="fa fa-cart-plus" title="Add to My Grocery List"></i><div></div></div></td><td><img class="storeItemImage" alt="waffles" src="/media/images/store_item/blank.jpg"></td><td>waffles</td><td class="not_printable sorting_1">frozen foods</td><td><img style="width:50%;" src="/media/images/logos/marchands/95.png" alt="Marchés Tau"></td><td><span itemprop="price">$3.99</span><span itemprop="eligibleQuantity" itemscope="" itemtype="http://schema.org/QuantitativeValue">/<span itemprop="unitText">7.4oz (210g)</span></span></td><td>$1.90/100g</td><td style="display: none;">2020-03-29</td><td style="display: none;"></td><td style="display: none;">Nature's Path</td><td style="display: none;"></td><td style="display: none;"></td><td style="display: none;">Organic</td><td style="display: none;"></td><td style="display: none;"></td><td style="display: none;"><a class="recipeLink" href="/recipe_ingredient_search_results.php?query=(_QU5E__1__________1110__[]_1_1)">Recipes with waffles</a></td></tr><tr role="row" class="odd"><td tabindex="0"><i class="fa fa-thumbs-up"></i></td><td class=" not_printable"><div class="addToGL" data-soscuisine-aisle="8" data-soscuisine-sip="3938343"><i class="fa fa-cart-plus" title="Add to My Grocery List"></i><div></div></div></td><td><img class="storeItemImage" alt="waffles" src="/media/images/store_item/blank.jpg"></td><td>waffles</td><td class="not_printable sorting_1">frozen foods</td><td><img style="width:50%;" src="/media/images/logos/marchands/2.png" alt="Provigo"></td><td><span itemprop="price">$4.99</span><span itemprop="eligibleQuantity" itemscope="" itemtype="http://schema.org/QuantitativeValue">/<span itemprop="unitText">560g</span></span></td><td>$0.89/100g</td><td style="display: none;">2020-02-26</td><td style="display: none;"></td><td style="display: none;">Eggo (Kellogg's)</td><td style="display: none;"></td><td style="display: none;"></td><td style="display: none;"></td><td style="display: none;"></td><td style="display: none;"></td><td style="display: none;"><a class="recipeLink" href="/recipe_ingredient_search_results.php?query=(_QU5E__1__________1110__[]_1_1)">Recipes with waffles</a></td></tr><tr role="row" class="even"><td tabindex="0"><i class="fa fa-thumbs-up"></i><i class="fa fa-thumbs-up"></i></td><td class=" not_printable"><div class="addToGL" data-soscuisine-aisle="8" data-soscuisine-sip="3940665"><i class="fa fa-cart-plus" title="Add to My Grocery List"></i><div></div></div></td><td><img class="storeItemImage" alt="waffles" src="/media/images/store_item/blank.jpg"></td><td>waffles</td><td class="not_printable sorting_1">frozen foods</td><td><img style="width:50%;" src="/media/images/logos/marchands/5.png" alt="Super C"></td><td><span itemprop="price">$3.99</span><span itemprop="eligibleQuantity" itemscope="" itemtype="http://schema.org/QuantitativeValue">/<span itemprop="unitText">560g</span></span></td><td>$0.71/100g</td><td style="display: none;">2020-02-26</td><td style="display: none;"></td><td style="display: none;">Eggo (Kellogg's)</td><td style="display: none;"></td><td style="display: none;"></td><td style="display: none;"></td><td style="display: none;"></td><td style="display: none;"></td><td style="display: none;"><a class="recipeLink" href="/recipe_ingredient_search_results.php?query=(_QU5E__1__________1110__[]_1_1)">Recipes with waffles</a></td></tr><tr role="row" class="odd"><td tabindex="0"><i class="fa fa-thumbs-up"></i></td><td class=" not_printable"><div class="addToGL" data-soscuisine-aisle="8" data-soscuisine-sip="3940809"><i class="fa fa-cart-plus" title="Add to My Grocery List"></i><div></div></div></td><td><img class="storeItemImage" alt="waffles" src="/media/images/store_item/blank.jpg"></td><td>waffles</td><td class="not_printable sorting_1">frozen foods</td><td><img style="width:50%;" src="/media/images/logos/marchands/11.png" alt="Tradition"></td><td><span itemprop="price">$4.99</span><span itemprop="eligibleQuantity" itemscope="" itemtype="http://schema.org/QuantitativeValue">/<span itemprop="unitText">560g</span></span></td><td>$0.89/100g</td><td style="display: none;">2020-02-26</td><td style="display: none;"></td><td style="display: none;">Eggo (Kellogg's)</td><td style="display: none;"></td><td style="display: none;"></td><td style="display: none;"></td><td style="display: none;"></td><td style="display: none;"></td><td style="display: none;"><a class="recipeLink" href="/recipe_ingredient_search_results.php?query=(_QU5E__1__________1110__[]_1_1)">Recipes with waffles</a></td></tr><tr role="row" class="even"><td tabindex="0"><i class="fas fa-hand-rock"></i></td><td class=" not_printable"><div class="addToGL" data-soscuisine-aisle="9" data-soscuisine-sip="3939237"><i class="fa fa-cart-plus" title="Add to My Grocery List"></i><div></div></div></td><td><img class="storeItemImage" alt="basmati rice" src="/media/images/store_item/blank.jpg"></td><td>basmati rice</td><td class="not_printable sorting_1">pasta, rice &amp; grains</td><td><img style="width:50%;" src="/media/images/logos/marchands/63.png" alt="Marché Adonis"></td><td><span itemprop="price">$11.99</span><span itemprop="eligibleQuantity" itemscope="" itemtype="http://schema.org/QuantitativeValue">/<span itemprop="unitText">10lb (4,54kg)</span></span></td><td>$2.64/kg</td><td style="display: none;">2020-02-26</td><td style="display: none;"></td><td style="display: none;">Tilda</td><td style="display: none;"></td><td style="display: none;"></td><td style="display: none;"></td><td style="display: none;"></td><td style="display: none;"></td><td style="display: none;"><a class="recipeLink" href="/recipe_ingredient_search_results.php?query=(_QU5E__1__________210__[]_1_1)">Recipes with basmati rice</a></td></tr><tr role="row" class="odd"><td tabindex="0"><i class="fas fa-hand-rock"></i></td><td class=" not_printable"><div class="addToGL" data-soscuisine-aisle="9" data-soscuisine-sip="3940951"><i class="fa fa-cart-plus" title="Add to My Grocery List"></i><div></div></div></td><td><img class="storeItemImage" alt="basmati rice" src="/media/images/store_item/blank.jpg"></td><td>basmati rice</td><td class="not_printable sorting_1">pasta, rice &amp; grains</td><td><img style="width:50%;" src="/media/images/logos/marchands/12.png" alt="Richelieu"></td><td><span itemprop="price">$3.99</span><span itemprop="eligibleQuantity" itemscope="" itemtype="http://schema.org/QuantitativeValue">/<span itemprop="unitText">900g</span></span></td><td>$4.43/kg</td><td style="display: none;">2020-02-26</td><td style="display: none;"></td><td style="display: none;">house brand</td><td style="display: none;"></td><td style="display: none;"></td><td style="display: none;"></td><td style="display: none;"></td><td style="display: none;"></td><td style="display: none;"><a class="recipeLink" href="/recipe_ingredient_search_results.php?query=(_QU5E__1__________210__[]_1_1)">Recipes with basmati rice</a></td></tr><tr role="row" class="even"><td tabindex="0"><i class="fas fa-exclamation"></i></td><td class=" not_printable"><div class="addToGL" data-soscuisine-aisle="9" data-soscuisine-sip="3939247"><i class="fa fa-cart-plus" title="Add to My Grocery List"></i><div></div></div></td><td><img class="storeItemImage" alt="bulghur" src="/media/images/store_item/blank.jpg"></td><td>bulghur</td><td class="not_printable sorting_1">pasta, rice &amp; grains</td><td><img style="width:50%;" src="/media/images/logos/marchands/63.png" alt="Marché Adonis"></td><td><span itemprop="price">$2.99</span><span itemprop="eligibleQuantity" itemscope="" itemtype="http://schema.org/QuantitativeValue">/<span itemprop="unitText">4lb (1,81kg)</span></span></td><td>$0.16/100g</td><td style="display: none;">2020-02-26</td><td style="display: none;"></td><td style="display: none;">Cedar</td><td style="display: none;"></td><td style="display: none;"></td><td style="display: none;"></td><td style="display: none;"></td><td style="display: none;"></td><td style="display: none;"><a class="recipeLink" href="/recipe_ingredient_search_results.php?query=(_QU5E__1__________207__[]_1_1)">Recipes with bulghur</a></td></tr><tr role="row" class="odd"><td tabindex="0"><i class="fas fa-exclamation"></i></td><td class=" not_printable"><div class="addToGL" data-soscuisine-aisle="9" data-soscuisine-sip="3937347"><i class="fa fa-cart-plus" title="Add to My Grocery List"></i><div></div></div></td><td><img class="storeItemImage" alt="bulghur" src="/media/images/store_item/blank.jpg"></td><td>bulghur</td><td class="not_printable sorting_1">pasta, rice &amp; grains</td><td><img style="width:50%;" src="/media/images/logos/marchands/95.png" alt="Marchés Tau"></td><td><span itemprop="price">$3.49</span><span itemprop="eligibleQuantity" itemscope="" itemtype="http://schema.org/QuantitativeValue">/<span itemprop="unitText">500g</span></span></td><td>$0.70/100g</td><td style="display: none;">2020-03-29</td><td style="display: none;"></td><td style="display: none;">Markal</td><td style="display: none;"></td><td style="display: none;"></td><td style="display: none;">Organic</td><td style="display: none;"></td><td style="display: none;"></td><td style="display: none;"><a class="recipeLink" href="/recipe_ingredient_search_results.php?query=(_QU5E__1__________207__[]_1_1)">Recipes with bulghur</a></td></tr><tr role="row" class="even"><td tabindex="0"><i class="fa fa-thumbs-up"></i></td><td class=" not_printable"><div class="addToGL" data-soscuisine-aisle="9" data-soscuisine-sip="3939709"><i class="fa fa-cart-plus" title="Add to My Grocery List"></i><div></div></div></td><td><img class="storeItemImage" alt="cannelloni" src="/media/images/store_item/blank.jpg"></td><td>cannelloni</td><td class="not_printable sorting_1">pasta, rice &amp; grains</td><td><img style="width:50%;" src="/media/images/logos/marchands/3.png" alt="IGA"></td><td><span itemprop="price">$5.00</span><span itemprop="eligibleQuantity" itemscope="" itemtype="http://schema.org/QuantitativeValue">/<span itemprop="value">2</span>x<span itemprop="unitText">200g</span></span></td><td>$12.50/kg</td><td style="display: none;">2020-02-26</td><td style="display: none;"></td><td style="display: none;">Catelli</td><td style="display: none;"></td><td style="display: none;"></td><td style="display: none;"></td><td style="display: none;"></td><td style="display: none;"></td><td style="display: none;"><a class="recipeLink" href="/recipe_ingredient_search_results.php?query=(_QU5E__1__________591__[]_1_1)">Recipes with cannelloni</a></td></tr><tr role="row" class="odd"><td tabindex="0"><i class="fas fa-hand-rock"></i></td><td class=" not_printable"><div class="addToGL" data-soscuisine-aisle="9" data-soscuisine-sip="3937827"><i class="fa fa-cart-plus" title="Add to My Grocery List"></i><div></div></div></td><td><img class="storeItemImage" alt="cannelloni" src="/media/images/store_item/blank.jpg"></td><td>cannelloni</td><td class="not_printable sorting_1">pasta, rice &amp; grains</td><td><img style="width:50%;" src="/media/images/logos/marchands/1.png" alt="Metro"></td><td><span itemprop="price">$5.50</span><span itemprop="eligibleQuantity" itemscope="" itemtype="http://schema.org/QuantitativeValue">/<span itemprop="value">2</span>x<span itemprop="unitText">200g</span></span></td><td>$13.75/kg</td><td style="display: none;">2020-02-26</td><td style="display: none;"></td><td style="display: none;">Catelli</td><td style="display: none;"></td><td style="display: none;"></td><td style="display: none;"></td><td style="display: none;"></td><td style="display: none;"></td><td style="display: none;"><a class="recipeLink" href="/recipe_ingredient_search_results.php?query=(_QU5E__1__________591__[]_1_1)">Recipes with cannelloni</a></td></tr><tr role="row" class="even"><td tabindex="0"><i class="fa fa-thumbs-down"></i></td><td class=" not_printable"><div class="addToGL" data-soscuisine-aisle="9" data-soscuisine-sip="3940831"><i class="fa fa-cart-plus" title="Add to My Grocery List"></i><div></div></div></td><td><img class="storeItemImage" alt="cannelloni" src="/media/images/store_item/blank.jpg"></td><td>cannelloni</td><td class="not_printable sorting_1">pasta, rice &amp; grains</td><td><img style="width:50%;" src="/media/images/logos/marchands/11.png" alt="Tradition"></td><td><span itemprop="price">$2.99</span><span itemprop="eligibleQuantity" itemscope="" itemtype="http://schema.org/QuantitativeValue">/<span itemprop="unitText">200g</span></span></td><td>$14.95/kg</td><td style="display: none;">2020-02-26</td><td style="display: none;"></td><td style="display: none;">Catelli</td><td style="display: none;"></td><td style="display: none;"></td><td style="display: none;"></td><td style="display: none;"></td><td style="display: none;"></td><td style="display: none;"><a class="recipeLink" href="/recipe_ingredient_search_results.php?query=(_QU5E__1__________591__[]_1_1)">Recipes with cannelloni</a></td></tr><tr role="row" class="odd"><td tabindex="0"><i class="fa fa-thumbs-down"></i></td><td class=" not_printable"><div class="addToGL" data-soscuisine-aisle="9" data-soscuisine-sip="3937349"><i class="fa fa-cart-plus" title="Add to My Grocery List"></i><div></div></div></td><td><img class="storeItemImage" alt="couscous" src="/media/images/store_item/blank.jpg"></td><td>couscous</td><td class="not_printable sorting_1">pasta, rice &amp; grains</td><td><img style="width:50%;" src="/media/images/logos/marchands/95.png" alt="Marchés Tau"></td><td><span itemprop="price">$3.49</span><span itemprop="eligibleQuantity" itemscope="" itemtype="http://schema.org/QuantitativeValue">/<span itemprop="unitText">500g</span></span></td><td>$6.98/kg</td><td style="display: none;">2020-03-29</td><td style="display: none;"></td><td style="display: none;">Markal</td><td style="display: none;"></td><td style="display: none;"></td><td style="display: none;">Organic</td><td style="display: none;"></td><td style="display: none;"></td><td style="display: none;"><a class="recipeLink" href="/recipe_ingredient_search_results.php?query=(_QU5E__1__________206__[]_1_1)">Recipes with couscous</a></td></tr><tr role="row" class="even"><td tabindex="0"><i class="fas fa-hand-rock"></i></td><td class=" not_printable"><div class="addToGL" data-soscuisine-aisle="9" data-soscuisine-sip="3939715"><i class="fa fa-cart-plus" title="Add to My Grocery List"></i><div></div></div></td><td><img class="storeItemImage" alt="egg noodles" src="/media/images/store_item/blank.jpg"></td><td>egg noodles</td><td class="not_printable sorting_1">pasta, rice &amp; grains</td><td><img style="width:50%;" src="/media/images/logos/marchands/3.png" alt="IGA"></td><td><span itemprop="price">$5.00</span><span itemprop="eligibleQuantity" itemscope="" itemtype="http://schema.org/QuantitativeValue">/<span itemprop="value">2</span>x<span itemprop="unitText">375g</span></span></td><td>$6.67/kg</td><td style="display: none;">2020-02-26</td><td style="display: none;"></td><td style="display: none;">Lancia</td><td style="display: none;"></td><td style="display: none;"></td><td style="display: none;"></td><td style="display: none;"></td><td style="display: none;"></td><td style="display: none;"><a class="recipeLink" href="/recipe_ingredient_search_results.php?query=(_QU5E__1__________835__[]_1_1)">Recipes with egg noodles</a></td></tr><tr role="row" class="odd"><td tabindex="0"><i class="fas fa-exclamation"></i></td><td class=" not_printable"><div class="addToGL" data-soscuisine-aisle="9" data-soscuisine-sip="3942133"><i class="fa fa-cart-plus" title="Add to My Grocery List"></i><div></div></div></td><td><img class="storeItemImage" alt="hulled barley" src="/media/images/store_item/blank.jpg"></td><td>hulled barley</td><td class="not_printable sorting_1">pasta, rice &amp; grains</td><td><img style="width:50%;" src="/media/images/logos/marchands/13.png" alt="Jardin Mobile"></td><td><span itemprop="price">$4.00</span><span itemprop="eligibleQuantity" itemscope="" itemtype="http://schema.org/QuantitativeValue">/<span itemprop="value">2</span>x<span itemprop="unitText">2lb (907g)</span></span></td><td>$2.20/kg</td><td style="display: none;">2020-02-26</td><td style="display: none;"></td><td style="display: none;">Clic</td><td style="display: none;"></td><td style="display: none;"></td><td style="display: none;"></td><td style="display: none;"></td><td style="display: none;"></td><td style="display: none;"><a class="recipeLink" href="/recipe_ingredient_search_results.php?query=(_QU5E__1__________1207__[]_1_1)">Recipes with hulled barley</a></td></tr><tr role="row" class="even"><td tabindex="0"><i class="fas fa-hand-rock"></i></td><td class=" not_printable"><div class="addToGL" data-soscuisine-aisle="9" data-soscuisine-sip="3940953"><i class="fa fa-cart-plus" title="Add to My Grocery List"></i><div></div></div></td><td><img class="storeItemImage" alt="jasmine rice" src="/media/images/store_item/blank.jpg"></td><td>jasmine rice</td><td class="not_printable sorting_1">pasta, rice &amp; grains</td><td><img style="width:50%;" src="/media/images/logos/marchands/12.png" alt="Richelieu"></td><td><span itemprop="price">$3.99</span><span itemprop="eligibleQuantity" itemscope="" itemtype="http://schema.org/QuantitativeValue">/<span itemprop="unitText">900g</span></span></td><td>$4.43/kg</td><td style="display: none;">2020-02-26</td><td style="display: none;"></td><td style="display: none;">house brand</td><td style="display: none;"></td><td style="display: none;"></td><td style="display: none;"></td><td style="display: none;"></td><td style="display: none;"></td><td style="display: none;"><a class="recipeLink" href="/recipe_ingredient_search_results.php?query=(_QU5E__1__________834__[]_1_1)">Recipes with jasmine rice</a></td></tr><tr role="row" class="odd"><td tabindex="0"><i class="fa fa-thumbs-up"></i><i class="fa fa-thumbs-up"></i></td><td class=" not_printable"><div class="addToGL" data-soscuisine-aisle="9" data-soscuisine-sip="3939797"><i class="fa fa-cart-plus" title="Add to My Grocery List"></i><div></div></div></td><td><img class="storeItemImage" alt="lasagne" src="/media/images/store_item/blank.jpg"></td><td>lasagne</td><td class="not_printable sorting_1">pasta, rice &amp; grains</td><td><img style="width:50%;" src="/media/images/logos/marchands/10.png" alt="Bonichoix"></td><td><span itemprop="price">$1.99</span><span itemprop="eligibleQuantity" itemscope="" itemtype="http://schema.org/QuantitativeValue">/<span itemprop="unitText">500g</span></span></td><td>$3.98/kg</td><td style="display: none;">2020-02-26</td><td style="display: none;"></td><td style="display: none;">house brand</td><td style="display: none;"></td><td style="display: none;"></td><td style="display: none;"></td><td style="display: none;"></td><td style="display: none;"></td><td style="display: none;"><a class="recipeLink" href="/recipe_ingredient_search_results.php?query=(_QU5E__1__________196__[]_1_1)">Recipes with lasagne</a></td></tr><tr role="row" class="even"><td tabindex="0"><i class="fas fa-hand-rock"></i></td><td class=" not_printable"><div class="addToGL" data-soscuisine-aisle="9" data-soscuisine-sip="3939711"><i class="fa fa-cart-plus" title="Add to My Grocery List"></i><div></div></div></td><td><img class="storeItemImage" alt="lasagne" src="/media/images/store_item/blank.jpg"></td><td>lasagne</td><td class="not_printable sorting_1">pasta, rice &amp; grains</td><td><img style="width:50%;" src="/media/images/logos/marchands/3.png" alt="IGA"></td><td><span itemprop="price">$5.00</span><span itemprop="eligibleQuantity" itemscope="" itemtype="http://schema.org/QuantitativeValue">/<span itemprop="value">2</span>x<span itemprop="unitText">500g</span></span></td><td>$5.00/kg</td><td style="display: none;">2020-02-26</td><td style="display: none;"></td><td style="display: none;">Catelli</td><td style="display: none;"></td><td style="display: none;"></td><td style="display: none;"></td><td style="display: none;"></td><td style="display: none;"></td><td style="display: none;"><a class="recipeLink" href="/recipe_ingredient_search_results.php?query=(_QU5E__1__________196__[]_1_1)">Recipes with lasagne</a></td></tr><tr role="row" class="odd"><td tabindex="0"><i class="fa fa-thumbs-down"></i></td><td class=" not_printable"><div class="addToGL" data-soscuisine-aisle="9" data-soscuisine-sip="3940827"><i class="fa fa-cart-plus" title="Add to My Grocery List"></i><div></div></div></td><td><img class="storeItemImage" alt="lasagne" src="/media/images/store_item/blank.jpg"></td><td>lasagne</td><td class="not_printable sorting_1">pasta, rice &amp; grains</td><td><img style="width:50%;" src="/media/images/logos/marchands/11.png" alt="Tradition"></td><td><span itemprop="price">$2.99</span><span itemprop="eligibleQuantity" itemscope="" itemtype="http://schema.org/QuantitativeValue">/<span itemprop="unitText">500g</span></span></td><td>$5.98/kg</td><td style="display: none;">2020-02-26</td><td style="display: none;"></td><td style="display: none;">Catelli</td><td style="display: none;"></td><td style="display: none;"></td><td style="display: none;"></td><td style="display: none;"></td><td style="display: none;"></td><td style="display: none;"><a class="recipeLink" href="/recipe_ingredient_search_results.php?query=(_QU5E__1__________196__[]_1_1)">Recipes with lasagne</a></td></tr><tr role="row" class="even"><td tabindex="0"><i class="fas fa-exclamation"></i></td><td class=" not_printable"><div class="addToGL" data-soscuisine-aisle="9" data-soscuisine-sip="3922905"><i class="fa fa-cart-plus" title="Add to My Grocery List"></i><div></div></div></td><td><img class="storeItemImage" alt="legume pasta" src="/media/images/store_item/blank.jpg"></td><td>legume pasta</td><td class="not_printable sorting_1">pasta, rice &amp; grains</td><td><img style="width:50%;" src="/media/images/logos/marchands/94.png" alt="Avril"></td><td><span itemprop="price">$4.49</span><span itemprop="eligibleQuantity" itemscope="" itemtype="http://schema.org/QuantitativeValue">/<span itemprop="unitText">200g</span></span></td><td>$22.45/kg</td><td style="display: none;">2020-03-03</td><td style="display: none;"></td><td style="display: none;">Explore</td><td style="display: none;"></td><td style="display: none;"></td><td style="display: none;"></td><td style="display: none;"></td><td style="display: none;"></td><td style="display: none;"><a class="recipeLink" href="/recipe_ingredient_search_results.php?query=(_QU5E__1__________1217__[]_1_1)">Recipes with legume pasta</a></td></tr><tr role="row" class="odd"><td tabindex="0"><i class="fas fa-exclamation"></i></td><td class=" not_printable"><div class="addToGL" data-soscuisine-aisle="9" data-soscuisine-sip="3937379"><i class="fa fa-cart-plus" title="Add to My Grocery List"></i><div></div></div></td><td><img class="storeItemImage" alt="legume pasta" src="/media/images/store_item/blank.jpg"></td><td>legume pasta</td><td class="not_printable sorting_1">pasta, rice &amp; grains</td><td><img style="width:50%;" src="/media/images/logos/marchands/95.png" alt="Marchés Tau"></td><td><span itemprop="price">$3.99</span><span itemprop="eligibleQuantity" itemscope="" itemtype="http://schema.org/QuantitativeValue">/<span itemprop="unitText">200g</span></span></td><td>$19.95/kg</td><td style="display: none;">2020-03-29</td><td style="display: none;"></td><td style="display: none;"></td><td style="display: none;"></td><td style="display: none;"></td><td style="display: none;"></td><td style="display: none;"></td><td style="display: none;">Liviva</td><td style="display: none;"><a class="recipeLink" href="/recipe_ingredient_search_results.php?query=(_QU5E__1__________1217__[]_1_1)">Recipes with legume pasta</a></td></tr><tr role="row" class="even"><td tabindex="0"><i class="fas fa-exclamation"></i></td><td class=" not_printable"><div class="addToGL" data-soscuisine-aisle="9" data-soscuisine-sip="3937341"><i class="fa fa-cart-plus" title="Add to My Grocery List"></i><div></div></div></td><td><img class="storeItemImage" alt="oats" src="/media/images/store_item/blank.jpg"></td><td>oats</td><td class="not_printable sorting_1">pasta, rice &amp; grains</td><td><img style="width:50%;" src="/media/images/logos/marchands/95.png" alt="Marchés Tau"></td><td><span itemprop="price">$3.99</span><span itemprop="eligibleQuantity" itemscope="" itemtype="http://schema.org/QuantitativeValue">/<span itemprop="unitText">680g</span></span></td><td>$0.59/100g</td><td style="display: none;">2020-03-29</td><td style="display: none;"></td><td style="display: none;">Bob's Red Mill</td><td style="display: none;"></td><td style="display: none;"></td><td style="display: none;"></td><td style="display: none;"></td><td style="display: none;"></td><td style="display: none;"><a class="recipeLink" href="/recipe_ingredient_search_results.php?query=(_QU5E__1__________340__[]_1_1)">Recipes with oats</a></td></tr><tr role="row" class="odd"><td tabindex="0"><i class="fas fa-hand-rock"></i></td><td class=" not_printable"><div class="addToGL" data-soscuisine-aisle="9" data-soscuisine-sip="3912969"><i class="fa fa-cart-plus" title="Add to My Grocery List"></i><div></div></div></td><td><img class="storeItemImage" alt="pasta" src="/media/images/store_item/blank.jpg"></td><td>pasta</td><td class="not_printable sorting_1">pasta, rice &amp; grains</td><td><img style="width:50%;" src="/media/images/logos/marchands/94.png" alt="Avril"></td><td><span itemprop="price">$4.99</span><span itemprop="eligibleQuantity" itemscope="" itemtype="http://schema.org/QuantitativeValue">/<span itemprop="value">3</span>x<span itemprop="unitText">500g</span></span></td><td>$3.33/kg</td><td style="display: none;">2020-03-03</td><td style="display: none;"></td><td style="display: none;">Bioitalia</td><td style="display: none;"></td><td style="display: none;"></td><td style="display: none;">Organic</td><td style="display: none;"></td><td style="display: none;"></td><td style="display: none;"><a class="recipeLink" href="/recipe_ingredient_search_results.php?query=(_QU5E__1__________573__[]_1_1)">Recipes with pasta</a></td></tr><tr role="row" class="even"><td tabindex="0"><i class="fa fa-thumbs-down"></i></td><td class=" not_printable"><div class="addToGL" data-soscuisine-aisle="9" data-soscuisine-sip="3912971"><i class="fa fa-cart-plus" title="Add to My Grocery List"></i><div></div></div></td><td><img class="storeItemImage" alt="pasta" src="/media/images/store_item/blank.jpg"></td><td>pasta</td><td class="not_printable sorting_1">pasta, rice &amp; grains</td><td><img style="width:50%;" src="/media/images/logos/marchands/94.png" alt="Avril"></td><td><span itemprop="price">$2.49</span><span itemprop="eligibleQuantity" itemscope="" itemtype="http://schema.org/QuantitativeValue">/<span itemprop="unitText">500g</span></span></td><td>$4.98/kg</td><td style="display: none;">2020-03-03</td><td style="display: none;"></td><td style="display: none;">Bioitalia</td><td style="display: none;"></td><td style="display: none;"></td><td style="display: none;">Organic</td><td style="display: none;"></td><td style="display: none;"></td><td style="display: none;"><a class="recipeLink" href="/recipe_ingredient_search_results.php?query=(_QU5E__1__________573__[]_1_1)">Recipes with pasta</a></td></tr><tr role="row" class="odd"><td tabindex="0"><i class="fa fa-thumbs-down"></i></td><td class=" not_printable"><div class="addToGL" data-soscuisine-aisle="9" data-soscuisine-sip="3939705"><i class="fa fa-cart-plus" title="Add to My Grocery List"></i><div></div></div></td><td><img class="storeItemImage" alt="pasta" src="/media/images/store_item/blank.jpg"></td><td>pasta</td><td class="not_printable sorting_1">pasta, rice &amp; grains</td><td><img style="width:50%;" src="/media/images/logos/marchands/10.png" alt="Bonichoix"></td><td><span itemprop="price">$4.00</span><span itemprop="eligibleQuantity" itemscope="" itemtype="http://schema.org/QuantitativeValue">/<span itemprop="value">2</span>x<span itemprop="unitText">454g (1lb)</span></span></td><td>$4.41/kg</td><td style="display: none;">2020-02-26</td><td style="display: none;"></td><td style="display: none;">Barilla</td><td style="display: none;"></td><td style="display: none;"></td><td style="display: none;"></td><td style="display: none;"></td><td style="display: none;"></td><td style="display: none;"><a class="recipeLink" href="/recipe_ingredient_search_results.php?query=(_QU5E__1__________573__[]_1_1)">Recipes with pasta</a></td></tr><tr role="row" class="even"><td tabindex="0"><i class="fa fa-thumbs-down"></i></td><td class=" not_printable"><div class="addToGL" data-soscuisine-aisle="9" data-soscuisine-sip="3939629"><i class="fa fa-cart-plus" title="Add to My Grocery List"></i><div></div></div></td><td><img class="storeItemImage" alt="pasta" src="/media/images/store_item/blank.jpg"></td><td>pasta</td><td class="not_printable sorting_1">pasta, rice &amp; grains</td><td><img style="width:50%;" src="/media/images/logos/marchands/10.png" alt="Bonichoix"></td><td><span itemprop="price">$4.00</span><span itemprop="eligibleQuantity" itemscope="" itemtype="http://schema.org/QuantitativeValue">/<span itemprop="value">2</span>x<span itemprop="unitText">12oz (340g)</span></span></td><td>$5.88/kg</td><td style="display: none;">2020-02-26</td><td style="display: none;"></td><td style="display: none;">Barilla</td><td style="display: none;"></td><td style="display: none;"></td><td style="display: none;"></td><td style="display: none;"></td><td style="display: none;"></td><td style="display: none;"><a class="recipeLink" href="/recipe_ingredient_search_results.php?query=(_QU5E__1__________573__[]_1_1)">Recipes with pasta</a></td></tr><tr role="row" class="odd"><td tabindex="0"><i class="fas fa-hand-rock"></i></td><td class=" not_printable"><div class="addToGL" data-soscuisine-aisle="9" data-soscuisine-sip="3939707"><i class="fa fa-cart-plus" title="Add to My Grocery List"></i><div></div></div></td><td><img class="storeItemImage" alt="pasta" src="/media/images/store_item/blank.jpg"></td><td>pasta</td><td class="not_printable sorting_1">pasta, rice &amp; grains</td><td><img style="width:50%;" src="/media/images/logos/marchands/3.png" alt="IGA"></td><td><span itemprop="price">$5.00</span><span itemprop="eligibleQuantity" itemscope="" itemtype="http://schema.org/QuantitativeValue">/<span itemprop="value">2</span>x<span itemprop="unitText">900g</span></span></td><td>$2.78/kg</td><td style="display: none;">2020-02-26</td><td style="display: none;"></td><td style="display: none;">Catelli</td><td style="display: none;"></td><td style="display: none;"></td><td style="display: none;"></td><td style="display: none;"></td><td style="display: none;"></td><td style="display: none;"><a class="recipeLink" href="/recipe_ingredient_search_results.php?query=(_QU5E__1__________573__[]_1_1)">Recipes with pasta</a></td></tr><tr role="row" class="even"><td tabindex="0"><i class="fa fa-thumbs-down"></i></td><td class=" not_printable"><div class="addToGL" data-soscuisine-aisle="9" data-soscuisine-sip="3939723"><i class="fa fa-cart-plus" title="Add to My Grocery List"></i><div></div></div></td><td><img class="storeItemImage" alt="pasta" src="/media/images/store_item/blank.jpg"></td><td>pasta</td><td class="not_printable sorting_1">pasta, rice &amp; grains</td><td><img style="width:50%;" src="/media/images/logos/marchands/3.png" alt="IGA"></td><td><span itemprop="price">$4.00</span><span itemprop="eligibleQuantity" itemscope="" itemtype="http://schema.org/QuantitativeValue">/<span itemprop="value">2</span>x<span itemprop="unitText">450g</span></span></td><td>$4.44/kg</td><td style="display: none;">2020-02-26</td><td style="display: none;"></td><td style="display: none;">Del Verde</td><td style="display: none;"></td><td style="display: none;"></td><td style="display: none;"></td><td style="display: none;"></td><td style="display: none;"></td><td style="display: none;"><a class="recipeLink" href="/recipe_ingredient_search_results.php?query=(_QU5E__1__________573__[]_1_1)">Recipes with pasta</a></td></tr><tr role="row" class="odd"><td tabindex="0"><i class="fa fa-thumbs-down"></i></td><td class=" not_printable"><div class="addToGL" data-soscuisine-aisle="9" data-soscuisine-sip="3938743"><i class="fa fa-cart-plus" title="Add to My Grocery List"></i><div></div></div></td><td><img class="storeItemImage" alt="pasta" src="/media/images/store_item/blank.jpg"></td><td>pasta</td><td class="not_printable sorting_1">pasta, rice &amp; grains</td><td><img style="width:50%;" src="/media/images/logos/marchands/69.png" alt="Intermarche (Provincial)"></td><td><span itemprop="price">$3.00</span><span itemprop="eligibleQuantity" itemscope="" itemtype="http://schema.org/QuantitativeValue">/<span itemprop="unitText">500g</span></span></td><td>$6.00/kg</td><td style="display: none;">2020-02-26</td><td style="display: none;"></td><td style="display: none;">Catelli</td><td style="display: none;"></td><td style="display: none;"></td><td style="display: none;"></td><td style="display: none;"></td><td style="display: none;"></td><td style="display: none;"><a class="recipeLink" href="/recipe_ingredient_search_results.php?query=(_QU5E__1__________573__[]_1_1)">Recipes with pasta</a></td></tr><tr role="row" class="even"><td tabindex="0"><i class="fa fa-thumbs-down"></i></td><td class=" not_printable"><div class="addToGL" data-soscuisine-aisle="9" data-soscuisine-sip="3938719"><i class="fa fa-cart-plus" title="Add to My Grocery List"></i><div></div></div></td><td><img class="storeItemImage" alt="pasta" src="/media/images/store_item/blank.jpg"></td><td>pasta</td><td class="not_printable sorting_1">pasta, rice &amp; grains</td><td><img style="width:50%;" src="/media/images/logos/marchands/69.png" alt="Intermarche (Provincial)"></td><td><span itemprop="price">$2.49</span><span itemprop="eligibleQuantity" itemscope="" itemtype="http://schema.org/QuantitativeValue">/<span itemprop="unitText">375g</span></span></td><td>$6.64/kg</td><td style="display: none;">2020-02-26</td><td style="display: none;"></td><td style="display: none;">Catelli</td><td style="display: none;"></td><td style="display: none;"></td><td style="display: none;"></td><td style="display: none;"></td><td style="display: none;">Smart</td><td style="display: none;"><a class="recipeLink" href="/recipe_ingredient_search_results.php?query=(_QU5E__1__________573__[]_1_1)">Recipes with pasta</a></td></tr><tr role="row" class="odd"><td tabindex="0"><i class="fas fa-hand-rock"></i></td><td class=" not_printable"><div class="addToGL" data-soscuisine-aisle="9" data-soscuisine-sip="3938447"><i class="fa fa-cart-plus" title="Add to My Grocery List"></i><div></div></div></td><td><img class="storeItemImage" alt="pasta" src="/media/images/store_item/blank.jpg"></td><td>pasta</td><td class="not_printable sorting_1">pasta, rice &amp; grains</td><td><img style="width:50%;" src="/media/images/logos/marchands/7.png" alt="Intermarché (Saveurs intl.)"></td><td><span itemprop="price">$1.00</span><span itemprop="eligibleQuantity" itemscope="" itemtype="http://schema.org/QuantitativeValue">/<span itemprop="unitText">450g</span></span></td><td>$2.22/kg</td><td style="display: none;">2020-02-26</td><td style="display: none;"></td><td style="display: none;">Aurora</td><td style="display: none;"></td><td style="display: none;"></td><td style="display: none;"></td><td style="display: none;"></td><td style="display: none;"></td><td style="display: none;"><a class="recipeLink" href="/recipe_ingredient_search_results.php?query=(_QU5E__1__________573__[]_1_1)">Recipes with pasta</a></td></tr><tr role="row" class="even"><td tabindex="0"><i class="fa fa-thumbs-down"></i></td><td class=" not_printable"><div class="addToGL" data-soscuisine-aisle="9" data-soscuisine-sip="3938479"><i class="fa fa-cart-plus" title="Add to My Grocery List"></i><div></div></div></td><td><img class="storeItemImage" alt="pasta" src="/media/images/store_item/blank.jpg"></td><td>pasta</td><td class="not_printable sorting_1">pasta, rice &amp; grains</td><td><img style="width:50%;" src="/media/images/logos/marchands/7.png" alt="Intermarché (Saveurs intl.)"></td><td><span itemprop="price">$3.00</span><span itemprop="eligibleQuantity" itemscope="" itemtype="http://schema.org/QuantitativeValue">/<span itemprop="unitText">500g</span></span></td><td>$6.00/kg</td><td style="display: none;">2020-02-26</td><td style="display: none;"></td><td style="display: none;">Catelli</td><td style="display: none;"></td><td style="display: none;"></td><td style="display: none;"></td><td style="display: none;"></td><td style="display: none;"></td><td style="display: none;"><a class="recipeLink" href="/recipe_ingredient_search_results.php?query=(_QU5E__1__________573__[]_1_1)">Recipes with pasta</a></td></tr><tr role="row" class="odd"><td tabindex="0"><i class="fas fa-hand-rock"></i></td><td class=" not_printable"><div class="addToGL" data-soscuisine-aisle="9" data-soscuisine-sip="3939087"><i class="fa fa-cart-plus" title="Add to My Grocery List"></i><div></div></div></td><td><img class="storeItemImage" alt="pasta" src="/media/images/store_item/blank.jpg"></td><td>pasta</td><td class="not_printable sorting_1">pasta, rice &amp; grains</td><td><img style="width:50%;" src="/media/images/logos/marchands/63.png" alt="Marché Adonis"></td><td><span itemprop="price">$0.99</span><span itemprop="eligibleQuantity" itemscope="" itemtype="http://schema.org/QuantitativeValue">/<span itemprop="unitText">454g (1lb)</span></span></td><td>$2.18/kg</td><td style="display: none;">2020-02-26</td><td style="display: none;"></td><td style="display: none;">Barilla</td><td style="display: none;"></td><td style="display: none;"></td><td style="display: none;"></td><td style="display: none;"></td><td style="display: none;"></td><td style="display: none;"><a class="recipeLink" href="/recipe_ingredient_search_results.php?query=(_QU5E__1__________573__[]_1_1)">Recipes with pasta</a></td></tr><tr role="row" class="even"><td tabindex="0"><i class="fa fa-thumbs-up"></i></td><td class=" not_printable"><div class="addToGL" data-soscuisine-aisle="9" data-soscuisine-sip="3937625"><i class="fa fa-cart-plus" title="Add to My Grocery List"></i><div></div></div></td><td><img class="storeItemImage" alt="pasta" src="/media/images/store_item/blank.jpg"></td><td>pasta</td><td class="not_printable sorting_1">pasta, rice &amp; grains</td><td><img style="width:50%;" src="/media/images/logos/marchands/1.png" alt="Metro"></td><td><span itemprop="price">$0.99</span><span itemprop="eligibleQuantity" itemscope="" itemtype="http://schema.org/QuantitativeValue">/<span itemprop="unitText">500g</span></span></td><td>$1.98/kg</td><td style="display: none;">2020-02-26</td><td style="display: none;"></td><td style="display: none;">Catelli</td><td style="display: none;"></td><td style="display: none;"></td><td style="display: none;"></td><td style="display: none;"></td><td style="display: none;"></td><td style="display: none;"><a class="recipeLink" href="/recipe_ingredient_search_results.php?query=(_QU5E__1__________573__[]_1_1)">Recipes with pasta</a></td></tr><tr role="row" class="odd"><td tabindex="0"><i class="fa fa-thumbs-down"></i></td><td class=" not_printable"><div class="addToGL" data-soscuisine-aisle="9" data-soscuisine-sip="3937825"><i class="fa fa-cart-plus" title="Add to My Grocery List"></i><div></div></div></td><td><img class="storeItemImage" alt="pasta" src="/media/images/store_item/blank.jpg"></td><td>pasta</td><td class="not_printable sorting_1">pasta, rice &amp; grains</td><td><img style="width:50%;" src="/media/images/logos/marchands/1.png" alt="Metro"></td><td><span itemprop="price">$5.50</span><span itemprop="eligibleQuantity" itemscope="" itemtype="http://schema.org/QuantitativeValue">/<span itemprop="value">2</span>x<span itemprop="unitText">500g</span></span></td><td>$5.50/kg</td><td style="display: none;">2020-02-26</td><td style="display: none;"></td><td style="display: none;">Catelli</td><td style="display: none;"></td><td style="display: none;"></td><td style="display: none;"></td><td style="display: none;"></td><td style="display: none;">Bistro, Smart, Healthy Harvest</td><td style="display: none;"><a class="recipeLink" href="/recipe_ingredient_search_results.php?query=(_QU5E__1__________573__[]_1_1)">Recipes with pasta</a></td></tr><tr role="row" class="even"><td tabindex="0"><i class="fa fa-thumbs-up"></i></td><td class=" not_printable"><div class="addToGL" data-soscuisine-aisle="9" data-soscuisine-sip="3938073"><i class="fa fa-cart-plus" title="Add to My Grocery List"></i><div></div></div></td><td><img class="storeItemImage" alt="pasta" src="/media/images/store_item/blank.jpg"></td><td>pasta</td><td class="not_printable sorting_1">pasta, rice &amp; grains</td><td><img style="width:50%;" src="/media/images/logos/marchands/2.png" alt="Provigo"></td><td><span itemprop="price">$4.98</span><span itemprop="eligibleQuantity" itemscope="" itemtype="http://schema.org/QuantitativeValue">/<span itemprop="value">3</span>x<span itemprop="unitText">900g</span></span></td><td>$1.84/kg</td><td style="display: none;">2020-02-26</td><td style="display: none;"></td><td style="display: none;">Italpasta</td><td style="display: none;"></td><td style="display: none;"></td><td style="display: none;"></td><td style="display: none;"></td><td style="display: none;"></td><td style="display: none;"><a class="recipeLink" href="/recipe_ingredient_search_results.php?query=(_QU5E__1__________573__[]_1_1)">Recipes with pasta</a></td></tr><tr role="row" class="odd"><td tabindex="0"><i class="fas fa-hand-rock"></i></td><td class=" not_printable"><div class="addToGL" data-soscuisine-aisle="9" data-soscuisine-sip="3938067"><i class="fa fa-cart-plus" title="Add to My Grocery List"></i><div></div></div></td><td><img class="storeItemImage" alt="pasta" src="/media/images/store_item/blank.jpg"></td><td>pasta</td><td class="not_printable sorting_1">pasta, rice &amp; grains</td><td><img style="width:50%;" src="/media/images/logos/marchands/2.png" alt="Provigo"></td><td><span itemprop="price">$1.99</span><span itemprop="eligibleQuantity" itemscope="" itemtype="http://schema.org/QuantitativeValue">/<span itemprop="unitText">900g</span></span></td><td>$2.21/kg</td><td style="display: none;">2020-02-26</td><td style="display: none;"></td><td style="display: none;">Italpasta</td><td style="display: none;"></td><td style="display: none;"></td><td style="display: none;"></td><td style="display: none;"></td><td style="display: none;"></td><td style="display: none;"><a class="recipeLink" href="/recipe_ingredient_search_results.php?query=(_QU5E__1__________573__[]_1_1)">Recipes with pasta</a></td></tr><tr role="row" class="even"><td tabindex="0"><i class="fa fa-thumbs-down"></i></td><td class=" not_printable"><div class="addToGL" data-soscuisine-aisle="9" data-soscuisine-sip="3940929"><i class="fa fa-cart-plus" title="Add to My Grocery List"></i><div></div></div></td><td><img class="storeItemImage" alt="pasta" src="/media/images/store_item/blank.jpg"></td><td>pasta</td><td class="not_printable sorting_1">pasta, rice &amp; grains</td><td><img style="width:50%;" src="/media/images/logos/marchands/12.png" alt="Richelieu"></td><td><span itemprop="price">$5.00</span><span itemprop="eligibleQuantity" itemscope="" itemtype="http://schema.org/QuantitativeValue">/<span itemprop="value">3</span>x<span itemprop="unitText">375g</span></span></td><td>$4.44/kg</td><td style="display: none;">2020-02-26</td><td style="display: none;"></td><td style="display: none;">Catelli</td><td style="display: none;"></td><td style="display: none;"></td><td style="display: none;"></td><td style="display: none;"></td><td style="display: none;"></td><td style="display: none;"><a class="recipeLink" href="/recipe_ingredient_search_results.php?query=(_QU5E__1__________573__[]_1_1)">Recipes with pasta</a></td></tr><tr role="row" class="odd"><td tabindex="0"><i class="fa fa-thumbs-up"></i><i class="fa fa-thumbs-up"></i></td><td class=" not_printable"><div class="addToGL" data-soscuisine-aisle="9" data-soscuisine-sip="3940719"><i class="fa fa-cart-plus" title="Add to My Grocery List"></i><div></div></div></td><td><img class="storeItemImage" alt="pasta" src="/media/images/store_item/blank.jpg"></td><td>pasta</td><td class="not_printable sorting_1">pasta, rice &amp; grains</td><td><img style="width:50%;" src="/media/images/logos/marchands/5.png" alt="Super C"></td><td><span itemprop="price">$1.00</span><span itemprop="eligibleQuantity" itemscope="" itemtype="http://schema.org/QuantitativeValue">/<span itemprop="unitText">900g</span></span></td><td>$1.11/kg</td><td style="display: none;">2020-02-26</td><td style="display: none;"></td><td style="display: none;">house brand</td><td style="display: none;"></td><td style="display: none;"></td><td style="display: none;"></td><td style="display: none;"></td><td style="display: none;"></td><td style="display: none;"><a class="recipeLink" href="/recipe_ingredient_search_results.php?query=(_QU5E__1__________573__[]_1_1)">Recipes with pasta</a></td></tr><tr role="row" class="even"><td tabindex="0"><i class="fa fa-thumbs-up"></i><i class="fa fa-thumbs-up"></i></td><td class=" not_printable"><div class="addToGL" data-soscuisine-aisle="9" data-soscuisine-sip="3935979"><i class="fa fa-cart-plus" title="Add to My Grocery List"></i><div></div></div></td><td><img class="storeItemImage" alt="pasta" src="/media/images/store_item/blank.jpg"></td><td>pasta</td><td class="not_printable sorting_1">pasta, rice &amp; grains</td><td><img style="width:50%;" src="/media/images/logos/marchands/62.png" alt="Supermarché PA"></td><td><span itemprop="price">$5.00</span><span itemprop="eligibleQuantity" itemscope="" itemtype="http://schema.org/QuantitativeValue">/<span itemprop="value">4</span>x<span itemprop="unitText">1kg</span></span></td><td>$1.25/kg</td><td style="display: none;">2020-02-23</td><td style="display: none;"></td><td style="display: none;">Lori</td><td style="display: none;"></td><td style="display: none;"></td><td style="display: none;"></td><td style="display: none;"></td><td style="display: none;"></td><td style="display: none;"><a class="recipeLink" href="/recipe_ingredient_search_results.php?query=(_QU5E__1__________573__[]_1_1)">Recipes with pasta</a></td></tr><tr role="row" class="odd"><td tabindex="0"><i class="fas fa-hand-rock"></i></td><td class=" not_printable"><div class="addToGL" data-soscuisine-aisle="9" data-soscuisine-sip="3940843"><i class="fa fa-cart-plus" title="Add to My Grocery List"></i><div></div></div></td><td><img class="storeItemImage" alt="pasta" src="/media/images/store_item/blank.jpg"></td><td>pasta</td><td class="not_printable sorting_1">pasta, rice &amp; grains</td><td><img style="width:50%;" src="/media/images/logos/marchands/11.png" alt="Tradition"></td><td><span itemprop="price">$6.99</span><span itemprop="eligibleQuantity" itemscope="" itemtype="http://schema.org/QuantitativeValue">/<span itemprop="unitText">4.4lb (2kg)</span></span></td><td>$3.49/kg</td><td style="display: none;">2020-02-26</td><td style="display: none;"></td><td style="display: none;">Catelli</td><td style="display: none;"></td><td style="display: none;"></td><td style="display: none;"></td><td style="display: none;"></td><td style="display: none;"></td><td style="display: none;"><a class="recipeLink" href="/recipe_ingredient_search_results.php?query=(_QU5E__1__________573__[]_1_1)">Recipes with pasta</a></td></tr><tr role="row" class="even"><td tabindex="0"><i class="fa fa-thumbs-down"></i></td><td class=" not_printable"><div class="addToGL" data-soscuisine-aisle="9" data-soscuisine-sip="3940789"><i class="fa fa-cart-plus" title="Add to My Grocery List"></i><div></div></div></td><td><img class="storeItemImage" alt="pasta" src="/media/images/store_item/blank.jpg"></td><td>pasta</td><td class="not_printable sorting_1">pasta, rice &amp; grains</td><td><img style="width:50%;" src="/media/images/logos/marchands/11.png" alt="Tradition"></td><td><span itemprop="price">$4.50</span><span itemprop="eligibleQuantity" itemscope="" itemtype="http://schema.org/QuantitativeValue">/<span itemprop="value">2</span>x<span itemprop="unitText">454g (1lb)</span></span></td><td>$4.96/kg</td><td style="display: none;">2020-02-26</td><td style="display: none;"></td><td style="display: none;">Barilla</td><td style="display: none;"></td><td style="display: none;"></td><td style="display: none;"></td><td style="display: none;"></td><td style="display: none;"></td><td style="display: none;"><a class="recipeLink" href="/recipe_ingredient_search_results.php?query=(_QU5E__1__________573__[]_1_1)">Recipes with pasta</a></td></tr><tr role="row" class="odd"><td tabindex="0"><i class="fas fa-hand-rock"></i></td><td class=" not_printable"><div class="addToGL" data-soscuisine-aisle="9" data-soscuisine-sip="3937375"><i class="fa fa-cart-plus" title="Add to My Grocery List"></i><div></div></div></td><td><img class="storeItemImage" alt="quinoa" src="/media/images/store_item/blank.jpg"></td><td>quinoa</td><td class="not_printable sorting_1">pasta, rice &amp; grains</td><td><img style="width:50%;" src="/media/images/logos/marchands/95.png" alt="Marchés Tau"></td><td><span itemprop="price">$8.99</span><span itemprop="eligibleQuantity" itemscope="" itemtype="http://schema.org/QuantitativeValue">/<span itemprop="unitText">700g</span></span></td><td>$1.28/100g</td><td style="display: none;">2020-03-29</td><td style="display: none;"></td><td style="display: none;">house brand</td><td style="display: none;"></td><td style="display: none;"></td><td style="display: none;">Organic</td><td style="display: none;"></td><td style="display: none;"></td><td style="display: none;"><a class="recipeLink" href="/recipe_ingredient_search_results.php?query=(_QU5E__1__________531__[]_1_1)">Recipes with quinoa</a></td></tr><tr role="row" class="even"><td tabindex="0"><i class="fas fa-hand-rock"></i></td><td class=" not_printable"><div class="addToGL" data-soscuisine-aisle="9" data-soscuisine-sip="3935963"><i class="fa fa-cart-plus" title="Add to My Grocery List"></i><div></div></div></td><td><img class="storeItemImage" alt="rice sticks" src="/media/images/store_item/blank.jpg"></td><td>rice sticks</td><td class="not_printable sorting_1">pasta, rice &amp; grains</td><td><img style="width:50%;" src="/media/images/logos/marchands/62.png" alt="Supermarché PA"></td><td><span itemprop="price">$3.00</span><span itemprop="eligibleQuantity" itemscope="" itemtype="http://schema.org/QuantitativeValue">/<span itemprop="value">2</span>x<span itemprop="unitText">375g</span></span></td><td>$4.00/kg</td><td style="display: none;">2020-02-23</td><td style="display: none;"></td><td style="display: none;"></td><td style="display: none;"></td><td style="display: none;"></td><td style="display: none;"></td><td style="display: none;"></td><td style="display: none;">Bun Tuoi</td><td style="display: none;"><a class="recipeLink" href="/recipe_ingredient_search_results.php?query=(_QU5E__1__________214__[]_1_1)">Recipes with rice sticks</a></td></tr><tr role="row" class="odd"><td tabindex="0"><i class="fas fa-hand-rock"></i></td><td class=" not_printable"><div class="addToGL" data-soscuisine-aisle="22" data-soscuisine-sip="3939697"><i class="fa fa-cart-plus" title="Add to My Grocery List"></i><div></div></div></td><td><img class="storeItemImage" itemprop="image" alt="bagels" src="/media/images/store_item/959.jpg"></td><td>bagels</td><td class="not_printable sorting_1">bakery</td><td><img style="width:50%;" src="/media/images/logos/marchands/10.png" alt="Bonichoix"></td><td><span itemprop="price">$6.00</span><span itemprop="eligibleQuantity" itemscope="" itemtype="http://schema.org/QuantitativeValue">/<span itemprop="value">2</span>x <span itemprop="unitText">6-pack</span></span>s</td><td>$5.56/kg</td><td style="display: none;">2020-02-26</td><td style="display: none;">Quebec</td><td style="display: none;">Pom</td><td style="display: none;">standard</td><td style="display: none;"></td><td style="display: none;"></td><td style="display: none;"></td><td style="display: none;"></td><td style="display: none;"><a class="recipeLink" href="/recipe_ingredient_search_results.php?query=(_QU5E__1__________959__[]_1_1)">Recipes with bagels</a></td></tr><tr role="row" class="even"><td tabindex="0"><i class="fa fa-thumbs-up"></i></td><td class=" not_printable"><div class="addToGL" data-soscuisine-aisle="22" data-soscuisine-sip="3938395"><i class="fa fa-cart-plus" title="Add to My Grocery List"></i><div></div></div></td><td><img class="storeItemImage" itemprop="image" alt="bagels" src="/media/images/store_item/959.jpg"></td><td>bagels</td><td class="not_printable sorting_1">bakery</td><td><img style="width:50%;" src="/media/images/logos/marchands/7.png" alt="Intermarché (Saveurs intl.)"></td><td><span itemprop="price">$1.79</span><span itemprop="eligibleQuantity" itemscope="" itemtype="http://schema.org/QuantitativeValue">/<span itemprop="unitText">480g</span></span></td><td>$3.73/kg</td><td style="display: none;">2020-02-26</td><td style="display: none;"></td><td style="display: none;">Old Mill</td><td style="display: none;"></td><td style="display: none;">whole wheat</td><td style="display: none;"></td><td style="display: none;"></td><td style="display: none;"></td><td style="display: none;"><a class="recipeLink" href="/recipe_ingredient_search_results.php?query=(_QU5E__1__________959__[]_1_1)">Recipes with bagels</a></td></tr><tr role="row" class="odd"><td tabindex="0"><i class="fa fa-thumbs-up"></i></td><td class=" not_printable"><div class="addToGL" data-soscuisine-aisle="22" data-soscuisine-sip="3937537"><i class="fa fa-cart-plus" title="Add to My Grocery List"></i><div></div></div></td><td><img class="storeItemImage" itemprop="image" alt="bagels" src="/media/images/store_item/959.jpg"></td><td>bagels</td><td class="not_printable sorting_1">bakery</td><td><img style="width:50%;" src="/media/images/logos/marchands/6.png" alt="Maxi"></td><td><span itemprop="price">$2.00</span><span itemprop="eligibleQuantity" itemscope="" itemtype="http://schema.org/QuantitativeValue">/<span itemprop="unitText">6-pack</span></span></td><td>$3.70/kg</td><td style="display: none;">2020-02-26</td><td style="display: none;"></td><td style="display: none;">Gadoua</td><td style="display: none;">standard</td><td style="display: none;"></td><td style="display: none;"></td><td style="display: none;"></td><td style="display: none;"></td><td style="display: none;"><a class="recipeLink" href="/recipe_ingredient_search_results.php?query=(_QU5E__1__________959__[]_1_1)">Recipes with bagels</a></td></tr><tr role="row" class="even"><td tabindex="0"><i class="fa fa-thumbs-up"></i></td><td class=" not_printable"><div class="addToGL" data-soscuisine-aisle="22" data-soscuisine-sip="3939067"><i class="fa fa-cart-plus" title="Add to My Grocery List"></i><div></div></div></td><td><img class="storeItemImage" itemprop="image" alt="bagels" src="/media/images/store_item/959.jpg"></td><td>bagels</td><td class="not_printable sorting_1">bakery</td><td><img style="width:50%;" src="/media/images/logos/marchands/64.png" alt="Mourelatos"></td><td><span itemprop="price">$1.99</span><span itemprop="eligibleQuantity" itemscope="" itemtype="http://schema.org/QuantitativeValue">/<span itemprop="unitText">480g</span></span></td><td>$4.15/kg</td><td style="display: none;">2020-02-25</td><td style="display: none;"></td><td style="display: none;">Old Mill</td><td style="display: none;"></td><td style="display: none;">whole wheat</td><td style="display: none;"></td><td style="display: none;"></td><td style="display: none;"></td><td style="display: none;"><a class="recipeLink" href="/recipe_ingredient_search_results.php?query=(_QU5E__1__________959__[]_1_1)">Recipes with bagels</a></td></tr><tr role="row" class="odd"><td tabindex="0"><i class="fas fa-hand-rock"></i></td><td class=" not_printable"><div class="addToGL" data-soscuisine-aisle="22" data-soscuisine-sip="3940399"><i class="fa fa-cart-plus" title="Add to My Grocery List"></i><div></div></div></td><td><img class="storeItemImage" itemprop="image" alt="bagels" src="/media/images/store_item/959.jpg"></td><td>bagels</td><td class="not_printable sorting_1">bakery</td><td><img style="width:50%;" src="/media/images/logos/marchands/5.png" alt="Super C"></td><td><span itemprop="price">$2.88</span><span itemprop="eligibleQuantity" itemscope="" itemtype="http://schema.org/QuantitativeValue">/<span itemprop="unitText">6-pack</span></span></td><td>$5.33/kg</td><td style="display: none;">2020-02-26</td><td style="display: none;"></td><td style="display: none;">Pom</td><td style="display: none;">standard</td><td style="display: none;"></td><td style="display: none;"></td><td style="display: none;"></td><td style="display: none;"></td><td style="display: none;"><a class="recipeLink" href="/recipe_ingredient_search_results.php?query=(_QU5E__1__________959__[]_1_1)">Recipes with bagels</a></td></tr><tr role="row" class="even"><td tabindex="0"><i class="fas fa-hand-rock"></i></td><td class=" not_printable"><div class="addToGL" data-soscuisine-aisle="22" data-soscuisine-sip="3940791"><i class="fa fa-cart-plus" title="Add to My Grocery List"></i><div></div></div></td><td><img class="storeItemImage" itemprop="image" alt="bagels" src="/media/images/store_item/959.jpg"></td><td>bagels</td><td class="not_printable sorting_1">bakery</td><td><img style="width:50%;" src="/media/images/logos/marchands/11.png" alt="Tradition"></td><td><span itemprop="price">$6.00</span><span itemprop="eligibleQuantity" itemscope="" itemtype="http://schema.org/QuantitativeValue">/<span itemprop="value">2</span>x <span itemprop="unitText">6-pack</span></span>s</td><td>$5.56/kg</td><td style="display: none;">2020-02-26</td><td style="display: none;">Quebec</td><td style="display: none;">Pom</td><td style="display: none;">standard</td><td style="display: none;"></td><td style="display: none;"></td><td style="display: none;"></td><td style="display: none;"></td><td style="display: none;"><a class="recipeLink" href="/recipe_ingredient_search_results.php?query=(_QU5E__1__________959__[]_1_1)">Recipes with bagels</a></td></tr><tr role="row" class="odd"><td tabindex="0"><i class="fas fa-hand-rock"></i></td><td class=" not_printable"><div class="addToGL" data-soscuisine-aisle="22" data-soscuisine-sip="3939789"><i class="fa fa-cart-plus" title="Add to My Grocery List"></i><div></div></div></td><td><img class="storeItemImage" itemprop="image" alt="baguette" src="/media/images/store_item/551.jpg"></td><td>baguette</td><td class="not_printable sorting_1">bakery</td><td><img style="width:50%;" src="/media/images/logos/marchands/10.png" alt="Bonichoix"></td><td><span itemprop="price">$5.00</span><span itemprop="eligibleQuantity" itemscope="" itemtype="http://schema.org/QuantitativeValue">/<span itemprop="value">2</span>x<span itemprop="unitText">325g</span></span></td><td>$7.69/kg</td><td style="display: none;">2020-02-26</td><td style="display: none;">Quebec</td><td style="display: none;">Au Pain Doré</td><td style="display: none;"></td><td style="display: none;">ciabatta</td><td style="display: none;"></td><td style="display: none;"></td><td style="display: none;"></td><td style="display: none;"><a class="recipeLink" href="/recipe_ingredient_search_results.php?query=(_QU5E__1__________551__[]_1_1)">Recipes with baguette</a></td></tr><tr role="row" class="even"><td tabindex="0"><i class="fas fa-hand-rock"></i></td><td class=" not_printable"><div class="addToGL" data-soscuisine-aisle="22" data-soscuisine-sip="3939785"><i class="fa fa-cart-plus" title="Add to My Grocery List"></i><div></div></div></td><td><img class="storeItemImage" itemprop="image" alt="baguette" src="/media/images/store_item/551.jpg"></td><td>baguette</td><td class="not_printable sorting_1">bakery</td><td><img style="width:50%;" src="/media/images/logos/marchands/10.png" alt="Bonichoix"></td><td><span itemprop="price">$2.99</span><span itemprop="eligibleQuantity" itemscope="" itemtype="http://schema.org/QuantitativeValue">/<span itemprop="unitText">325g</span></span></td><td>$9.20/kg</td><td style="display: none;">2020-02-26</td><td style="display: none;">Quebec</td><td style="display: none;">Au Pain Doré</td><td style="display: none;"></td><td style="display: none;">ciabatta</td><td style="display: none;"></td><td style="display: none;"></td><td style="display: none;"></td><td style="display: none;"><a class="recipeLink" href="/recipe_ingredient_search_results.php?query=(_QU5E__1__________551__[]_1_1)">Recipes with baguette</a></td></tr><tr role="row" class="odd"><td tabindex="0"><i class="fa fa-thumbs-up"></i><i class="fa fa-thumbs-up"></i></td><td class=" not_printable"><div class="addToGL" data-soscuisine-aisle="22" data-soscuisine-sip="3938065"><i class="fa fa-cart-plus" title="Add to My Grocery List"></i><div></div></div></td><td><img class="storeItemImage" itemprop="image" alt="baguette" src="/media/images/store_item/551.jpg"></td><td>baguette</td><td class="not_printable sorting_1">bakery</td><td><img style="width:50%;" src="/media/images/logos/marchands/7.png" alt="Intermarché (Saveurs intl.)"></td><td><span itemprop="price">$1.00</span><span itemprop="eligibleQuantity" itemscope="" itemtype="http://schema.org/QuantitativeValue">/<span itemprop="unitText">9oz (255g)</span></span></td><td>$3.92/kg</td><td style="display: none;">2020-02-26</td><td style="display: none;"></td><td style="display: none;"></td><td style="display: none;"></td><td style="display: none;"></td><td style="display: none;"></td><td style="display: none;"></td><td style="display: none;"></td><td style="display: none;"><a class="recipeLink" href="/recipe_ingredient_search_results.php?query=(_QU5E__1__________551__[]_1_1)">Recipes with baguette</a></td></tr><tr role="row" class="even"><td tabindex="0"><i class="fa fa-thumbs-up"></i></td><td class=" not_printable"><div class="addToGL" data-soscuisine-aisle="22" data-soscuisine-sip="3937533"><i class="fa fa-cart-plus" title="Add to My Grocery List"></i><div></div></div></td><td><img class="storeItemImage" itemprop="image" alt="baguette" src="/media/images/store_item/551.jpg"></td><td>baguette</td><td class="not_printable sorting_1">bakery</td><td><img style="width:50%;" src="/media/images/logos/marchands/6.png" alt="Maxi"></td><td><span itemprop="price">$2.00</span><span itemprop="eligibleQuantity" itemscope="" itemtype="http://schema.org/QuantitativeValue">/<span itemprop="unitText">284g</span></span></td><td>$7.04/kg</td><td style="display: none;">2020-02-26</td><td style="display: none;"></td><td style="display: none;"></td><td style="display: none;"></td><td style="display: none;"></td><td style="display: none;"></td><td style="display: none;"></td><td style="display: none;">La Baguetterie, white</td><td style="display: none;"><a class="recipeLink" href="/recipe_ingredient_search_results.php?query=(_QU5E__1__________551__[]_1_1)">Recipes with baguette</a></td></tr><tr role="row" class="odd"><td tabindex="0"><i class="fas fa-hand-rock"></i></td><td class=" not_printable"><div class="addToGL" data-soscuisine-aisle="22" data-soscuisine-sip="3937773"><i class="fa fa-cart-plus" title="Add to My Grocery List"></i><div></div></div></td><td><img class="storeItemImage" itemprop="image" alt="baguette" src="/media/images/store_item/551.jpg"></td><td>baguette</td><td class="not_printable sorting_1">bakery</td><td><img style="width:50%;" src="/media/images/logos/marchands/1.png" alt="Metro"></td><td><span itemprop="price">$2.99</span><span itemprop="eligibleQuantity" itemscope="" itemtype="http://schema.org/QuantitativeValue">/<span itemprop="unitText">325g</span></span></td><td>$9.20/kg</td><td style="display: none;">2020-02-26</td><td style="display: none;"></td><td style="display: none;">Première Moisson</td><td style="display: none;"></td><td style="display: none;"></td><td style="display: none;"></td><td style="display: none;"></td><td style="display: none;"></td><td style="display: none;"><a class="recipeLink" href="/recipe_ingredient_search_results.php?query=(_QU5E__1__________551__[]_1_1)">Recipes with baguette</a></td></tr><tr role="row" class="even"><td tabindex="0"><i class="fa fa-thumbs-down"></i></td><td class=" not_printable"><div class="addToGL" data-soscuisine-aisle="22" data-soscuisine-sip="3937771"><i class="fa fa-cart-plus" title="Add to My Grocery List"></i><div></div></div></td><td><img class="storeItemImage" itemprop="image" alt="baguette" src="/media/images/store_item/551.jpg"></td><td>baguette</td><td class="not_printable sorting_1">bakery</td><td><img style="width:50%;" src="/media/images/logos/marchands/1.png" alt="Metro"></td><td><span itemprop="price">$4.00</span><span itemprop="eligibleQuantity" itemscope="" itemtype="http://schema.org/QuantitativeValue">/<span itemprop="value">2</span>x180g</span></td><td>$11.11/kg</td><td style="display: none;">2020-02-26</td><td style="display: none;"></td><td style="display: none;">Première Moisson</td><td style="display: none;"></td><td style="display: none;">ciabatta</td><td style="display: none;"></td><td style="display: none;"></td><td style="display: none;">half</td><td style="display: none;"><a class="recipeLink" href="/recipe_ingredient_search_results.php?query=(_QU5E__1__________551__[]_1_1)">Recipes with baguette</a></td></tr><tr role="row" class="odd"><td tabindex="0"><i class="fa fa-thumbs-up"></i></td><td class=" not_printable"><div class="addToGL" data-soscuisine-aisle="22" data-soscuisine-sip="3938247"><i class="fa fa-cart-plus" title="Add to My Grocery List"></i><div></div></div></td><td><img class="storeItemImage" itemprop="image" alt="baguette" src="/media/images/store_item/551.jpg"></td><td>baguette</td><td class="not_printable sorting_1">bakery</td><td><img style="width:50%;" src="/media/images/logos/marchands/2.png" alt="Provigo"></td><td><span itemprop="price">$1.29</span><span itemprop="eligibleQuantity" itemscope="" itemtype="http://schema.org/QuantitativeValue">/<span itemprop="unitText">9oz (255g)</span></span></td><td>$5.06/kg</td><td style="display: none;">2020-02-26</td><td style="display: none;"></td><td style="display: none;"></td><td style="display: none;"></td><td style="display: none;"></td><td style="display: none;"></td><td style="display: none;"></td><td style="display: none;">white or whole wheat</td><td style="display: none;"><a class="recipeLink" href="/recipe_ingredient_search_results.php?query=(_QU5E__1__________551__[]_1_1)">Recipes with baguette</a></td></tr><tr role="row" class="even"><td tabindex="0"><i class="fa fa-thumbs-up"></i></td><td class=" not_printable"><div class="addToGL" data-soscuisine-aisle="22" data-soscuisine-sip="3940671"><i class="fa fa-cart-plus" title="Add to My Grocery List"></i><div></div></div></td><td><img class="storeItemImage" itemprop="image" alt="breads, kaiser" src="/media/images/store_item/589.jpg"></td><td>breads, kaiser</td><td class="not_printable sorting_1">bakery</td><td><img style="width:50%;" src="/media/images/logos/marchands/5.png" alt="Super C"></td><td><span itemprop="price">$2.49</span><span itemprop="eligibleQuantity" itemscope="" itemtype="http://schema.org/QuantitativeValue">/<span itemprop="unitText">6-pack</span></span></td><td>$5.32/kg</td><td style="display: none;">2020-02-26</td><td style="display: none;"></td><td style="display: none;"></td><td style="display: none;">standard</td><td style="display: none;"></td><td style="display: none;"></td><td style="display: none;"></td><td style="display: none;"></td><td style="display: none;"><a class="recipeLink" href="/recipe_ingredient_search_results.php?query=(_QU5E__1__________589__[]_1_1)">Recipes with breads, kaiser</a></td></tr><tr role="row" class="odd"><td tabindex="0"><i class="fa fa-thumbs-up"></i></td><td class=" not_printable"><div class="addToGL" data-soscuisine-aisle="22" data-soscuisine-sip="3937531"><i class="fa fa-cart-plus" title="Add to My Grocery List"></i><div></div></div></td><td><img class="storeItemImage" itemprop="image" alt="croissants" src="/media/images/store_item/1006.jpg"></td><td>croissants</td><td class="not_printable sorting_1">bakery</td><td><img style="width:50%;" src="/media/images/logos/marchands/6.png" alt="Maxi"></td><td><span itemprop="price">$2.00</span><span itemprop="eligibleQuantity" itemscope="" itemtype="http://schema.org/QuantitativeValue">/<span itemprop="unitText">6-pack</span></span></td><td>$1.11/100g</td><td style="display: none;">2020-02-26</td><td style="display: none;"></td><td style="display: none;">Dumas</td><td style="display: none;">standard</td><td style="display: none;"></td><td style="display: none;"></td><td style="display: none;"></td><td style="display: none;"></td><td style="display: none;"><a class="recipeLink" href="/recipe_ingredient_search_results.php?query=(_QU5E__1__________1006__[]_1_1)">Recipes with croissants</a></td></tr><tr role="row" class="even"><td tabindex="0"><i class="fa fa-thumbs-up"></i><i class="fa fa-thumbs-up"></i></td><td class=" not_printable"><div class="addToGL" data-soscuisine-aisle="22" data-soscuisine-sip="3938069"><i class="fa fa-cart-plus" title="Add to My Grocery List"></i><div></div></div></td><td><img class="storeItemImage" itemprop="image" alt="English muffins" src="/media/images/store_item/1151.jpg"></td><td>English muffins</td><td class="not_printable sorting_1">bakery</td><td><img style="width:50%;" src="/media/images/logos/marchands/7.png" alt="Intermarché (Saveurs intl.)"></td><td><span itemprop="price">$1.00</span><span itemprop="eligibleQuantity" itemscope="" itemtype="http://schema.org/QuantitativeValue">/<span itemprop="unitText">340g</span></span></td><td>$2.94/kg</td><td style="display: none;">2020-02-26</td><td style="display: none;"></td><td style="display: none;">Old Mill</td><td style="display: none;"></td><td style="display: none;"></td><td style="display: none;"></td><td style="display: none;"></td><td style="display: none;"></td><td style="display: none;"><a class="recipeLink" href="/recipe_ingredient_search_results.php?query=(_QU5E__1__________1151__[]_1_1)">Recipes with English muffins</a></td></tr><tr role="row" class="odd"><td tabindex="0"><i class="fa fa-thumbs-up"></i></td><td class=" not_printable"><div class="addToGL" data-soscuisine-aisle="22" data-soscuisine-sip="3942127"><i class="fa fa-cart-plus" title="Add to My Grocery List"></i><div></div></div></td><td><img class="storeItemImage" itemprop="image" alt="English muffins" src="/media/images/store_item/1151.jpg"></td><td>English muffins</td><td class="not_printable sorting_1">bakery</td><td><img style="width:50%;" src="/media/images/logos/marchands/13.png" alt="Jardin Mobile"></td><td><span itemprop="price">$3.00</span><span itemprop="eligibleQuantity" itemscope="" itemtype="http://schema.org/QuantitativeValue">/<span itemprop="value">2</span>x <span itemprop="unitText">6-pack</span></span>s</td><td>$4.17/kg</td><td style="display: none;">2020-02-26</td><td style="display: none;"></td><td style="display: none;">Gadoua</td><td style="display: none;">standard</td><td style="display: none;"></td><td style="display: none;"></td><td style="display: none;"></td><td style="display: none;"></td><td style="display: none;"><a class="recipeLink" href="/recipe_ingredient_search_results.php?query=(_QU5E__1__________1151__[]_1_1)">Recipes with English muffins</a></td></tr><tr role="row" class="even"><td tabindex="0"><i class="fas fa-hand-rock"></i></td><td class=" not_printable"><div class="addToGL" data-soscuisine-aisle="22" data-soscuisine-sip="3937535"><i class="fa fa-cart-plus" title="Add to My Grocery List"></i><div></div></div></td><td><img class="storeItemImage" itemprop="image" alt="English muffins" src="/media/images/store_item/1151.jpg"></td><td>English muffins</td><td class="not_printable sorting_1">bakery</td><td><img style="width:50%;" src="/media/images/logos/marchands/6.png" alt="Maxi"></td><td><span itemprop="price">$2.00</span><span itemprop="eligibleQuantity" itemscope="" itemtype="http://schema.org/QuantitativeValue">/<span itemprop="unitText">6-pack</span></span></td><td>$5.56/kg</td><td style="display: none;">2020-02-26</td><td style="display: none;"></td><td style="display: none;">Gadoua</td><td style="display: none;">standard</td><td style="display: none;"></td><td style="display: none;"></td><td style="display: none;"></td><td style="display: none;"></td><td style="display: none;"><a class="recipeLink" href="/recipe_ingredient_search_results.php?query=(_QU5E__1__________1151__[]_1_1)">Recipes with English muffins</a></td></tr><tr role="row" class="odd"><td tabindex="0"><i class="fa fa-thumbs-up"></i></td><td class=" not_printable"><div class="addToGL" data-soscuisine-aisle="22" data-soscuisine-sip="3938251"><i class="fa fa-cart-plus" title="Add to My Grocery List"></i><div></div></div></td><td><img class="storeItemImage" itemprop="image" alt="English muffins" src="/media/images/store_item/1151.jpg"></td><td>English muffins</td><td class="not_printable sorting_1">bakery</td><td><img style="width:50%;" src="/media/images/logos/marchands/2.png" alt="Provigo"></td><td><span itemprop="price">$3.00</span><span itemprop="eligibleQuantity" itemscope="" itemtype="http://schema.org/QuantitativeValue">/<span itemprop="value">2</span>x <span itemprop="unitText">6-pack</span></span>s</td><td>$4.17/kg</td><td style="display: none;">2020-02-26</td><td style="display: none;"></td><td style="display: none;">house brand</td><td style="display: none;">standard</td><td style="display: none;"></td><td style="display: none;"></td><td style="display: none;"></td><td style="display: none;"></td><td style="display: none;"><a class="recipeLink" href="/recipe_ingredient_search_results.php?query=(_QU5E__1__________1151__[]_1_1)">Recipes with English muffins</a></td></tr><tr role="row" class="even"><td tabindex="0"><i class="fa fa-thumbs-up"></i></td><td class=" not_printable"><div class="addToGL" data-soscuisine-aisle="22" data-soscuisine-sip="3938249"><i class="fa fa-cart-plus" title="Add to My Grocery List"></i><div></div></div></td><td><img class="storeItemImage" itemprop="image" alt="English muffins" src="/media/images/store_item/1151.jpg"></td><td>English muffins</td><td class="not_printable sorting_1">bakery</td><td><img style="width:50%;" src="/media/images/logos/marchands/2.png" alt="Provigo"></td><td><span itemprop="price">$1.79</span><span itemprop="eligibleQuantity" itemscope="" itemtype="http://schema.org/QuantitativeValue">/<span itemprop="unitText">6-pack</span></span></td><td>$4.97/kg</td><td style="display: none;">2020-02-26</td><td style="display: none;"></td><td style="display: none;">house brand</td><td style="display: none;">standard</td><td style="display: none;"></td><td style="display: none;"></td><td style="display: none;"></td><td style="display: none;"></td><td style="display: none;"><a class="recipeLink" href="/recipe_ingredient_search_results.php?query=(_QU5E__1__________1151__[]_1_1)">Recipes with English muffins</a></td></tr><tr role="row" class="odd"><td tabindex="0"><i class="fa fa-thumbs-up"></i></td><td class=" not_printable"><div class="addToGL" data-soscuisine-aisle="22" data-soscuisine-sip="3937931"><i class="fa fa-cart-plus" title="Add to My Grocery List"></i><div></div></div></td><td><img class="storeItemImage" itemprop="image" alt="hamburger buns" src="/media/images/store_item/512.jpg"></td><td>hamburger buns</td><td class="not_printable sorting_1">bakery</td><td><img style="width:50%;" src="/media/images/logos/marchands/1.png" alt="Metro"></td><td><span itemprop="price">$4.00</span><span itemprop="eligibleQuantity" itemscope="" itemtype="http://schema.org/QuantitativeValue">/<span itemprop="value">2</span>x <span itemprop="unitText">12-pack</span></span>s</td><td>$3.47/kg</td><td style="display: none;">2020-02-26</td><td style="display: none;">Quebec</td><td style="display: none;">house brand</td><td style="display: none;">standard</td><td style="display: none;"></td><td style="display: none;"></td><td style="display: none;"></td><td style="display: none;"></td><td style="display: none;"><a class="recipeLink" href="/recipe_ingredient_search_results.php?query=(_QU5E__1__________512__[]_1_1)">Recipes with hamburger buns</a></td></tr><tr role="row" class="even"><td tabindex="0"><i class="fa fa-thumbs-up"></i></td><td class=" not_printable"><div class="addToGL" data-soscuisine-aisle="22" data-soscuisine-sip="3940961"><i class="fa fa-cart-plus" title="Add to My Grocery List"></i><div></div></div></td><td><img class="storeItemImage" itemprop="image" alt="hamburger buns" src="/media/images/store_item/512.jpg"></td><td>hamburger buns</td><td class="not_printable sorting_1">bakery</td><td><img style="width:50%;" src="/media/images/logos/marchands/12.png" alt="Richelieu"></td><td><span itemprop="price">$4.00</span><span itemprop="eligibleQuantity" itemscope="" itemtype="http://schema.org/QuantitativeValue">/<span itemprop="value">2</span>x <span itemprop="unitText">12-pack</span></span>s</td><td>$3.47/kg</td><td style="display: none;">2020-02-26</td><td style="display: none;"></td><td style="display: none;">house brand</td><td style="display: none;">standard</td><td style="display: none;"></td><td style="display: none;"></td><td style="display: none;"></td><td style="display: none;"></td><td style="display: none;"><a class="recipeLink" href="/recipe_ingredient_search_results.php?query=(_QU5E__1__________512__[]_1_1)">Recipes with hamburger buns</a></td></tr><tr role="row" class="odd"><td tabindex="0"><i class="fa fa-thumbs-up"></i></td><td class=" not_printable"><div class="addToGL" data-soscuisine-aisle="22" data-soscuisine-sip="3937929"><i class="fa fa-cart-plus" title="Add to My Grocery List"></i><div></div></div></td><td><img class="storeItemImage" itemprop="image" alt="hot dog bun" src="/media/images/store_item/962.jpg"></td><td>hot dog bun</td><td class="not_printable sorting_1">bakery</td><td><img style="width:50%;" src="/media/images/logos/marchands/1.png" alt="Metro"></td><td><span itemprop="price">$4.00</span><span itemprop="eligibleQuantity" itemscope="" itemtype="http://schema.org/QuantitativeValue">/<span itemprop="value">2</span>x <span itemprop="unitText">12-pack</span></span>s</td><td>$2.38/kg</td><td style="display: none;">2020-02-26</td><td style="display: none;">Quebec</td><td style="display: none;">house brand</td><td style="display: none;">standard</td><td style="display: none;"></td><td style="display: none;"></td><td style="display: none;"></td><td style="display: none;"></td><td style="display: none;"></td></tr><tr role="row" class="even"><td tabindex="0"><i class="fa fa-thumbs-up"></i></td><td class=" not_printable"><div class="addToGL" data-soscuisine-aisle="22" data-soscuisine-sip="3940963"><i class="fa fa-cart-plus" title="Add to My Grocery List"></i><div></div></div></td><td><img class="storeItemImage" itemprop="image" alt="hot dog bun" src="/media/images/store_item/962.jpg"></td><td>hot dog bun</td><td class="not_printable sorting_1">bakery</td><td><img style="width:50%;" src="/media/images/logos/marchands/12.png" alt="Richelieu"></td><td><span itemprop="price">$4.00</span><span itemprop="eligibleQuantity" itemscope="" itemtype="http://schema.org/QuantitativeValue">/<span itemprop="value">2</span>x <span itemprop="unitText">12-pack</span></span>s</td><td>$2.38/kg</td><td style="display: none;">2020-02-26</td><td style="display: none;"></td><td style="display: none;">house brand</td><td style="display: none;">standard</td><td style="display: none;"></td><td style="display: none;"></td><td style="display: none;"></td><td style="display: none;"></td><td style="display: none;"></td></tr><tr role="row" class="odd"><td tabindex="0"><i class="fa fa-thumbs-up"></i></td><td class=" not_printable"><div class="addToGL" data-soscuisine-aisle="22" data-soscuisine-sip="3939577"><i class="fa fa-cart-plus" title="Add to My Grocery List"></i><div></div></div></td><td><img class="storeItemImage" alt="paninis" src="/media/images/store_item/blank.jpg"></td><td>paninis</td><td class="not_printable sorting_1">bakery</td><td><img style="width:50%;" src="/media/images/logos/marchands/10.png" alt="Bonichoix"></td><td><span itemprop="price">$2.49</span><span itemprop="eligibleQuantity" itemscope="" itemtype="http://schema.org/QuantitativeValue">/<span itemprop="unitText">6-pack</span></span></td><td>$0.42/100g</td><td style="display: none;">2020-02-26</td><td style="display: none;"></td><td style="display: none;"></td><td style="display: none;">standard</td><td style="display: none;"></td><td style="display: none;"></td><td style="display: none;"></td><td style="display: none;">plain or wheat</td><td style="display: none;"><a class="recipeLink" href="/recipe_ingredient_search_results.php?query=(_QU5E__1__________617__[]_1_1)">Recipes with paninis</a></td></tr><tr role="row" class="even"><td tabindex="0"><i class="fa fa-thumbs-down"></i></td><td class=" not_printable"><div class="addToGL" data-soscuisine-aisle="22" data-soscuisine-sip="3940925"><i class="fa fa-cart-plus" title="Add to My Grocery List"></i><div></div></div></td><td><img class="storeItemImage" alt="paninis" src="/media/images/store_item/blank.jpg"></td><td>paninis</td><td class="not_printable sorting_1">bakery</td><td><img style="width:50%;" src="/media/images/logos/marchands/12.png" alt="Richelieu"></td><td><span itemprop="price">$2.99</span><span itemprop="eligibleQuantity" itemscope="" itemtype="http://schema.org/QuantitativeValue">/<span itemprop="value">6</span></span></td><td>$0.50/100g</td><td style="display: none;">2020-02-26</td><td style="display: none;"></td><td style="display: none;"></td><td style="display: none;">standard</td><td style="display: none;"></td><td style="display: none;"></td><td style="display: none;"></td><td style="display: none;"></td><td style="display: none;"><a class="recipeLink" href="/recipe_ingredient_search_results.php?query=(_QU5E__1__________617__[]_1_1)">Recipes with paninis</a></td></tr><tr role="row" class="odd"><td tabindex="0"><i class="fas fa-hand-rock"></i></td><td class=" not_printable"><div class="addToGL" data-soscuisine-aisle="22" data-soscuisine-sip="3939699"><i class="fa fa-cart-plus" title="Add to My Grocery List"></i><div></div></div></td><td><img class="storeItemImage" itemprop="image" alt="raisin bread" src="/media/images/store_item/1111.jpg"></td><td>raisin bread</td><td class="not_printable sorting_1">bakery</td><td><img style="width:50%;" src="/media/images/logos/marchands/10.png" alt="Bonichoix"></td><td><span itemprop="price">$6.00</span><span itemprop="eligibleQuantity" itemscope="" itemtype="http://schema.org/QuantitativeValue">/<span itemprop="value">2</span>x<span itemprop="unitText">450g</span></span></td><td>$0.67/100g</td><td style="display: none;">2020-02-26</td><td style="display: none;">Quebec</td><td style="display: none;">Sun-Maid</td><td style="display: none;"></td><td style="display: none;"></td><td style="display: none;"></td><td style="display: none;"></td><td style="display: none;"></td><td style="display: none;"><a class="recipeLink" href="/recipe_ingredient_search_results.php?query=(_QU5E__1__________1111__[]_1_1)">Recipes with raisin bread</a></td></tr><tr role="row" class="even"><td tabindex="0"><i class="fas fa-hand-rock"></i></td><td class=" not_printable"><div class="addToGL" data-soscuisine-aisle="22" data-soscuisine-sip="3939371"><i class="fa fa-cart-plus" title="Add to My Grocery List"></i><div></div></div></td><td><img class="storeItemImage" itemprop="image" alt="raisin bread" src="/media/images/store_item/1111.jpg"></td><td>raisin bread</td><td class="not_printable sorting_1">bakery</td><td><img style="width:50%;" src="/media/images/logos/marchands/63.png" alt="Marché Adonis"></td><td><span itemprop="price">$2.99</span><span itemprop="eligibleQuantity" itemscope="" itemtype="http://schema.org/QuantitativeValue">/<span itemprop="unitText">450g</span></span></td><td>$0.66/100g</td><td style="display: none;">2020-02-26</td><td style="display: none;"></td><td style="display: none;">Sun-Maid</td><td style="display: none;"></td><td style="display: none;"></td><td style="display: none;"></td><td style="display: none;"></td><td style="display: none;"></td><td style="display: none;"><a class="recipeLink" href="/recipe_ingredient_search_results.php?query=(_QU5E__1__________1111__[]_1_1)">Recipes with raisin bread</a></td></tr><tr role="row" class="odd"><td tabindex="0"><i class="fas fa-hand-rock"></i></td><td class=" not_printable"><div class="addToGL" data-soscuisine-aisle="22" data-soscuisine-sip="3940397"><i class="fa fa-cart-plus" title="Add to My Grocery List"></i><div></div></div></td><td><img class="storeItemImage" itemprop="image" alt="raisin bread" src="/media/images/store_item/1111.jpg"></td><td>raisin bread</td><td class="not_printable sorting_1">bakery</td><td><img style="width:50%;" src="/media/images/logos/marchands/5.png" alt="Super C"></td><td><span itemprop="price">$2.88</span><span itemprop="eligibleQuantity" itemscope="" itemtype="http://schema.org/QuantitativeValue">/<span itemprop="unitText">450g</span></span></td><td>$0.64/100g</td><td style="display: none;">2020-02-26</td><td style="display: none;"></td><td style="display: none;">Sun-Maid</td><td style="display: none;"></td><td style="display: none;"></td><td style="display: none;"></td><td style="display: none;"></td><td style="display: none;"></td><td style="display: none;"><a class="recipeLink" href="/recipe_ingredient_search_results.php?query=(_QU5E__1__________1111__[]_1_1)">Recipes with raisin bread</a></td></tr><tr role="row" class="even"><td tabindex="0"><i class="fas fa-hand-rock"></i></td><td class=" not_printable"><div class="addToGL" data-soscuisine-aisle="22" data-soscuisine-sip="3940793"><i class="fa fa-cart-plus" title="Add to My Grocery List"></i><div></div></div></td><td><img class="storeItemImage" itemprop="image" alt="raisin bread" src="/media/images/store_item/1111.jpg"></td><td>raisin bread</td><td class="not_printable sorting_1">bakery</td><td><img style="width:50%;" src="/media/images/logos/marchands/11.png" alt="Tradition"></td><td><span itemprop="price">$6.00</span><span itemprop="eligibleQuantity" itemscope="" itemtype="http://schema.org/QuantitativeValue">/<span itemprop="value">2</span>x<span itemprop="unitText">450g</span></span></td><td>$0.67/100g</td><td style="display: none;">2020-02-26</td><td style="display: none;">Quebec</td><td style="display: none;">Sun-Maid</td><td style="display: none;"></td><td style="display: none;"></td><td style="display: none;"></td><td style="display: none;"></td><td style="display: none;"></td><td style="display: none;"><a class="recipeLink" href="/recipe_ingredient_search_results.php?query=(_QU5E__1__________1111__[]_1_1)">Recipes with raisin bread</a></td></tr><tr role="row" class="odd"><td tabindex="0"><i class="fas fa-hand-rock"></i></td><td class=" not_printable"><div class="addToGL" data-soscuisine-aisle="22" data-soscuisine-sip="3939771"><i class="fa fa-cart-plus" title="Add to My Grocery List"></i><div></div></div></td><td><img class="storeItemImage" itemprop="image" alt="rice cakes" src="/media/images/store_item/987.jpg"></td><td>rice cakes</td><td class="not_printable sorting_1">bakery</td><td><img style="width:50%;" src="/media/images/logos/marchands/10.png" alt="Bonichoix"></td><td><span itemprop="price">$4.00</span><span itemprop="eligibleQuantity" itemscope="" itemtype="http://schema.org/QuantitativeValue">/<span itemprop="value">2</span>x<span itemprop="unitText">127g</span></span></td><td>$1.57/100g</td><td style="display: none;">2020-02-26</td><td style="display: none;"></td><td style="display: none;">Quaker</td><td style="display: none;"></td><td style="display: none;"></td><td style="display: none;"></td><td style="display: none;"></td><td style="display: none;"></td><td style="display: none;"><a class="recipeLink" href="/recipe_ingredient_search_results.php?query=(_QU5E__1__________987__[]_1_1)">Recipes with rice cakes</a></td></tr><tr role="row" class="even"><td tabindex="0"><i class="fas fa-hand-rock"></i></td><td class=" not_printable"><div class="addToGL" data-soscuisine-aisle="22" data-soscuisine-sip="3938739"><i class="fa fa-cart-plus" title="Add to My Grocery List"></i><div></div></div></td><td><img class="storeItemImage" itemprop="image" alt="rice cakes" src="/media/images/store_item/987.jpg"></td><td>rice cakes</td><td class="not_printable sorting_1">bakery</td><td><img style="width:50%;" src="/media/images/logos/marchands/69.png" alt="Intermarche (Provincial)"></td><td><span itemprop="price">$2.00</span><span itemprop="eligibleQuantity" itemscope="" itemtype="http://schema.org/QuantitativeValue">/<span itemprop="unitText">127g</span></span></td><td>$1.57/100g</td><td style="display: none;">2020-02-26</td><td style="display: none;"></td><td style="display: none;">Quaker</td><td style="display: none;"></td><td style="display: none;"></td><td style="display: none;"></td><td style="display: none;"></td><td style="display: none;"></td><td style="display: none;"><a class="recipeLink" href="/recipe_ingredient_search_results.php?query=(_QU5E__1__________987__[]_1_1)">Recipes with rice cakes</a></td></tr><tr role="row" class="odd"><td tabindex="0"><i class="fas fa-hand-rock"></i></td><td class=" not_printable"><div class="addToGL" data-soscuisine-aisle="22" data-soscuisine-sip="3938475"><i class="fa fa-cart-plus" title="Add to My Grocery List"></i><div></div></div></td><td><img class="storeItemImage" itemprop="image" alt="rice cakes" src="/media/images/store_item/987.jpg"></td><td>rice cakes</td><td class="not_printable sorting_1">bakery</td><td><img style="width:50%;" src="/media/images/logos/marchands/7.png" alt="Intermarché (Saveurs intl.)"></td><td><span itemprop="price">$2.00</span><span itemprop="eligibleQuantity" itemscope="" itemtype="http://schema.org/QuantitativeValue">/<span itemprop="unitText">127g</span></span></td><td>$1.57/100g</td><td style="display: none;">2020-02-26</td><td style="display: none;"></td><td style="display: none;">Quaker</td><td style="display: none;"></td><td style="display: none;"></td><td style="display: none;"></td><td style="display: none;"></td><td style="display: none;"></td><td style="display: none;"><a class="recipeLink" href="/recipe_ingredient_search_results.php?query=(_QU5E__1__________987__[]_1_1)">Recipes with rice cakes</a></td></tr><tr role="row" class="even"><td tabindex="0"><i class="fas fa-hand-rock"></i></td><td class=" not_printable"><div class="addToGL" data-soscuisine-aisle="22" data-soscuisine-sip="3939069"><i class="fa fa-cart-plus" title="Add to My Grocery List"></i><div></div></div></td><td><img class="storeItemImage" itemprop="image" alt="rye bread" src="/media/images/store_item/519.jpg"></td><td>rye bread</td><td class="not_printable sorting_1">bakery</td><td><img style="width:50%;" src="/media/images/logos/marchands/64.png" alt="Mourelatos"></td><td><span itemprop="price">$5.00</span><span itemprop="eligibleQuantity" itemscope="" itemtype="http://schema.org/QuantitativeValue">/<span itemprop="value">2</span>x<span itemprop="unitText">1lb (454g)</span></span></td><td>$5.51/kg</td><td style="display: none;">2020-02-25</td><td style="display: none;"></td><td style="display: none;">Rubschlager</td><td style="display: none;"></td><td style="display: none;"></td><td style="display: none;"></td><td style="display: none;"></td><td style="display: none;"></td><td style="display: none;"><a class="recipeLink" href="/recipe_ingredient_search_results.php?query=(_QU5E__1__________519__[]_1_1)">Recipes with rye bread</a></td></tr><tr role="row" class="odd"><td tabindex="0"><i class="fas fa-hand-rock"></i></td><td class=" not_printable"><div class="addToGL" data-soscuisine-aisle="22" data-soscuisine-sip="3939417"><i class="fa fa-cart-plus" title="Add to My Grocery List"></i><div></div></div></td><td><img class="storeItemImage" itemprop="image" alt="tortillas" src="/media/images/store_item/244.jpg"></td><td>tortillas</td><td class="not_printable sorting_1">bakery</td><td><img style="width:50%;" src="/media/images/logos/marchands/3.png" alt="IGA"></td><td><span itemprop="price">$5.00</span><span itemprop="eligibleQuantity" itemscope="" itemtype="http://schema.org/QuantitativeValue">/<span itemprop="value">2</span>x<span itemprop="unitText">340g</span></span></td><td>$0.74/100g</td><td style="display: none;">2020-02-26</td><td style="display: none;"></td><td style="display: none;">house brand</td><td style="display: none;"></td><td style="display: none;"></td><td style="display: none;"></td><td style="display: none;"></td><td style="display: none;"></td><td style="display: none;"><a class="recipeLink" href="/recipe_ingredient_search_results.php?query=(_QU5E__1__________244__[]_1_1)">Recipes with tortillas</a></td></tr><tr role="row" class="even"><td tabindex="0"><i class="fa fa-thumbs-down"></i></td><td class=" not_printable"><div class="addToGL" data-soscuisine-aisle="22" data-soscuisine-sip="3939727"><i class="fa fa-cart-plus" title="Add to My Grocery List"></i><div></div></div></td><td><img class="storeItemImage" itemprop="image" alt="tortillas" src="/media/images/store_item/244.jpg"></td><td>tortillas</td><td class="not_printable sorting_1">bakery</td><td><img style="width:50%;" src="/media/images/logos/marchands/3.png" alt="IGA"></td><td><span itemprop="price">$5.00</span><span itemprop="eligibleQuantity" itemscope="" itemtype="http://schema.org/QuantitativeValue">/<span itemprop="value">2</span>x<span itemprop="unitText">297g</span></span></td><td>$0.84/100g</td><td style="display: none;">2020-02-26</td><td style="display: none;"></td><td style="display: none;">Old el Paso</td><td style="display: none;"></td><td style="display: none;"></td><td style="display: none;"></td><td style="display: none;"></td><td style="display: none;"></td><td style="display: none;"><a class="recipeLink" href="/recipe_ingredient_search_results.php?query=(_QU5E__1__________244__[]_1_1)">Recipes with tortillas</a></td></tr><tr role="row" class="odd"><td tabindex="0"><i class="fas fa-hand-rock"></i></td><td class=" not_printable"><div class="addToGL" data-soscuisine-aisle="22" data-soscuisine-sip="3938683"><i class="fa fa-cart-plus" title="Add to My Grocery List"></i><div></div></div></td><td><img class="storeItemImage" itemprop="image" alt="tortillas" src="/media/images/store_item/244.jpg"></td><td>tortillas</td><td class="not_printable sorting_1">bakery</td><td><img style="width:50%;" src="/media/images/logos/marchands/69.png" alt="Intermarche (Provincial)"></td><td><span itemprop="price">$2.49</span><span itemprop="eligibleQuantity" itemscope="" itemtype="http://schema.org/QuantitativeValue">/<span itemprop="unitText">340g</span></span></td><td>$0.73/100g</td><td style="display: none;">2020-02-26</td><td style="display: none;"></td><td style="display: none;">Gadoua</td><td style="display: none;"></td><td style="display: none;"></td><td style="display: none;"></td><td style="display: none;"></td><td style="display: none;"></td><td style="display: none;"><a class="recipeLink" href="/recipe_ingredient_search_results.php?query=(_QU5E__1__________244__[]_1_1)">Recipes with tortillas</a></td></tr><tr role="row" class="even"><td tabindex="0"><i class="fas fa-hand-rock"></i></td><td class=" not_printable"><div class="addToGL" data-soscuisine-aisle="22" data-soscuisine-sip="3938397"><i class="fa fa-cart-plus" title="Add to My Grocery List"></i><div></div></div></td><td><img class="storeItemImage" itemprop="image" alt="tortillas" src="/media/images/store_item/244.jpg"></td><td>tortillas</td><td class="not_printable sorting_1">bakery</td><td><img style="width:50%;" src="/media/images/logos/marchands/7.png" alt="Intermarché (Saveurs intl.)"></td><td><span itemprop="price">$2.79</span><span itemprop="eligibleQuantity" itemscope="" itemtype="http://schema.org/QuantitativeValue">/<span itemprop="unitText">340g</span></span></td><td>$0.82/100g</td><td style="display: none;">2020-02-26</td><td style="display: none;"></td><td style="display: none;">Gadoua</td><td style="display: none;"></td><td style="display: none;"></td><td style="display: none;"></td><td style="display: none;"></td><td style="display: none;"></td><td style="display: none;"><a class="recipeLink" href="/recipe_ingredient_search_results.php?query=(_QU5E__1__________244__[]_1_1)">Recipes with tortillas</a></td></tr><tr role="row" class="odd"><td tabindex="0"><i class="fas fa-hand-rock"></i></td><td class=" not_printable"><div class="addToGL" data-soscuisine-aisle="22" data-soscuisine-sip="3940673"><i class="fa fa-cart-plus" title="Add to My Grocery List"></i><div></div></div></td><td><img class="storeItemImage" itemprop="image" alt="tortillas" src="/media/images/store_item/244.jpg"></td><td>tortillas</td><td class="not_printable sorting_1">bakery</td><td><img style="width:50%;" src="/media/images/logos/marchands/5.png" alt="Super C"></td><td><span itemprop="price">$2.49</span><span itemprop="eligibleQuantity" itemscope="" itemtype="http://schema.org/QuantitativeValue">/<span itemprop="unitText">340g</span></span></td><td>$0.73/100g</td><td style="display: none;">2020-02-26</td><td style="display: none;"></td><td style="display: none;">house brand</td><td style="display: none;"></td><td style="display: none;"></td><td style="display: none;"></td><td style="display: none;"></td><td style="display: none;"></td><td style="display: none;"><a class="recipeLink" href="/recipe_ingredient_search_results.php?query=(_QU5E__1__________244__[]_1_1)">Recipes with tortillas</a></td></tr><tr role="row" class="even"><td tabindex="0"><i class="fas fa-circle"></i></td><td class=" not_printable"><div class="addToGL" data-soscuisine-aisle="22" data-soscuisine-sip="3941027"><i class="fa fa-cart-plus" title="Add to My Grocery List"></i><div></div></div></td><td><img class="storeItemImage" itemprop="image" alt="tortillas" src="/media/images/store_item/244.jpg"></td><td>tortillas</td><td class="not_printable sorting_1">bakery</td><td><img style="width:50%;" src="/media/images/logos/marchands/73.png" alt="Walmart"></td><td><span itemprop="price">$3.77</span><span itemprop="eligibleQuantity" itemscope="" itemtype="http://schema.org/QuantitativeValue">/<span itemprop="unitText">10-pack</span></span></td><td>N/A</td><td style="display: none;">2020-02-26</td><td style="display: none;"></td><td style="display: none;">Pom</td><td style="display: none;">10 inches</td><td style="display: none;"></td><td style="display: none;"></td><td style="display: none;"></td><td style="display: none;"></td><td style="display: none;"><a class="recipeLink" href="/recipe_ingredient_search_results.php?query=(_QU5E__1__________244__[]_1_1)">Recipes with tortillas</a></td></tr><tr role="row" class="odd"><td tabindex="0"><i class="fas fa-exclamation"></i></td><td class=" not_printable"><div class="addToGL" data-soscuisine-aisle="24" data-soscuisine-sip="3937383"><i class="fa fa-cart-plus" title="Add to My Grocery List"></i><div></div></div></td><td><img class="storeItemImage" alt="almond flour/meal" src="/media/images/store_item/blank.jpg"></td><td>almond flour/meal</td><td class="not_printable sorting_1">baking products</td><td><img style="width:50%;" src="/media/images/logos/marchands/95.png" alt="Marchés Tau"></td><td><span itemprop="price">$8.99</span><span itemprop="eligibleQuantity" itemscope="" itemtype="http://schema.org/QuantitativeValue">/<span itemprop="unitText">284g</span></span></td><td>$3.17/100g</td><td style="display: none;">2020-03-29</td><td style="display: none;"></td><td style="display: none;">Now Real Food</td><td style="display: none;"></td><td style="display: none;"></td><td style="display: none;"></td><td style="display: none;"></td><td style="display: none;"></td><td style="display: none;"><a class="recipeLink" href="/recipe_ingredient_search_results.php?query=(_QU5E__1__________1092__[]_1_1)">Recipes with almond flour/meal</a></td></tr><tr role="row" class="even"><td tabindex="0"><i class="fa fa-thumbs-up"></i><i class="fa fa-thumbs-up"></i></td><td class=" not_printable"><div class="addToGL" data-soscuisine-aisle="24" data-soscuisine-sip="3938453"><i class="fa fa-cart-plus" title="Add to My Grocery List"></i><div></div></div></td><td><img class="storeItemImage" alt="bread crumbs" src="/media/images/store_item/blank.jpg"></td><td>bread crumbs</td><td class="not_printable sorting_1">baking products</td><td><img style="width:50%;" src="/media/images/logos/marchands/7.png" alt="Intermarché (Saveurs intl.)"></td><td><span itemprop="price">$2.50</span><span itemprop="eligibleQuantity" itemscope="" itemtype="http://schema.org/QuantitativeValue">/<span itemprop="unitText">24oz (680g)</span></span></td><td>$0.37/100g</td><td style="display: none;">2020-02-26</td><td style="display: none;"></td><td style="display: none;">Aurora</td><td style="display: none;"></td><td style="display: none;"></td><td style="display: none;"></td><td style="display: none;"></td><td style="display: none;"></td><td style="display: none;"><a class="recipeLink" href="/recipe_ingredient_search_results.php?query=(_QU5E__1__________204__[]_1_1)">Recipes with bread crumbs</a></td></tr><tr role="row" class="odd"><td tabindex="0"><i class="fas fa-exclamation"></i></td><td class=" not_printable"><div class="addToGL" data-soscuisine-aisle="24" data-soscuisine-sip="3912939"><i class="fa fa-cart-plus" title="Add to My Grocery List"></i><div></div></div></td><td><img class="storeItemImage" alt="coconut flour" src="/media/images/store_item/blank.jpg"></td><td>coconut flour</td><td class="not_printable sorting_1">baking products</td><td><img style="width:50%;" src="/media/images/logos/marchands/94.png" alt="Avril"></td><td><span itemprop="price">$6.99</span><span itemprop="eligibleQuantity" itemscope="" itemtype="http://schema.org/QuantitativeValue">/<span itemprop="unitText">700g</span></span></td><td>$9.99/kg</td><td style="display: none;">2020-03-03</td><td style="display: none;"></td><td style="display: none;">Cuisine Soleil</td><td style="display: none;"></td><td style="display: none;">gluten-free</td><td style="display: none;">Organic</td><td style="display: none;"></td><td style="display: none;"></td><td style="display: none;"><a class="recipeLink" href="/recipe_ingredient_search_results.php?query=(_QU5E__1__________1098__[]_1_1)">Recipes with coconut flour</a></td></tr><tr role="row" class="even"><td tabindex="0"><i class="fa fa-thumbs-down"></i></td><td class=" not_printable"><div class="addToGL" data-soscuisine-aisle="24" data-soscuisine-sip="3938713"><i class="fa fa-cart-plus" title="Add to My Grocery List"></i><div></div></div></td><td><img class="storeItemImage" alt="condensed milk, sweetened" src="/media/images/store_item/blank.jpg"></td><td>condensed milk, sweetened</td><td class="not_printable sorting_1">baking products</td><td><img style="width:50%;" src="/media/images/logos/marchands/69.png" alt="Intermarche (Provincial)"></td><td><span itemprop="price">$3.49</span><span itemprop="eligibleQuantity" itemscope="" itemtype="http://schema.org/QuantitativeValue">/<span itemprop="unitText">300mL</span></span></td><td>$0.90/100g</td><td style="display: none;">2020-02-26</td><td style="display: none;"></td><td style="display: none;">Eagle Brand</td><td style="display: none;"></td><td style="display: none;"></td><td style="display: none;"></td><td style="display: none;"></td><td style="display: none;"></td><td style="display: none;"><a class="recipeLink" href="/recipe_ingredient_search_results.php?query=(_QU5E__1__________401__[]_1_1)">Recipes with condensed milk, sweetened</a></td></tr><tr role="row" class="odd"><td tabindex="0"><i class="fa fa-thumbs-up"></i><i class="fa fa-thumbs-up"></i></td><td class=" not_printable"><div class="addToGL" data-soscuisine-aisle="24" data-soscuisine-sip="3937427"><i class="fa fa-cart-plus" title="Add to My Grocery List"></i><div></div></div></td><td><img class="storeItemImage" alt="evaporated milk" src="/media/images/store_item/blank.jpg"></td><td>evaporated milk</td><td class="not_printable sorting_1">baking products</td><td><img style="width:50%;" src="/media/images/logos/marchands/6.png" alt="Maxi"></td><td><span itemprop="price">$1.00</span><span itemprop="eligibleQuantity" itemscope="" itemtype="http://schema.org/QuantitativeValue">/<span itemprop="unitText">353mL</span></span></td><td>$2.83/L</td><td style="display: none;">2020-02-26</td><td style="display: none;"></td><td style="display: none;">Carnation</td><td style="display: none;"></td><td style="display: none;"></td><td style="display: none;"></td><td style="display: none;"></td><td style="display: none;"></td><td style="display: none;"><a class="recipeLink" href="/recipe_ingredient_search_results.php?query=(_QU5E__1__________528__[]_1_1)">Recipes with evaporated milk</a></td></tr><tr role="row" class="even"><td tabindex="0"><i class="fas fa-hand-rock"></i></td><td class=" not_printable"><div class="addToGL" data-soscuisine-aisle="24" data-soscuisine-sip="3912927"><i class="fa fa-cart-plus" title="Add to My Grocery List"></i><div></div></div></td><td><img class="storeItemImage" alt="honey" src="/media/images/store_item/blank.jpg"></td><td>honey</td><td class="not_printable sorting_1">baking products</td><td><img style="width:50%;" src="/media/images/logos/marchands/94.png" alt="Avril"></td><td><span itemprop="price">$4.49</span><span itemprop="eligibleQuantity" itemscope="" itemtype="http://schema.org/QuantitativeValue">/<span itemprop="unitText">375g</span></span></td><td>$1.20/100g</td><td style="display: none;">2020-03-03</td><td style="display: none;"></td><td style="display: none;">Naturoney</td><td style="display: none;"></td><td style="display: none;"></td><td style="display: none;"></td><td style="display: none;"></td><td style="display: none;"></td><td style="display: none;"><a class="recipeLink" href="/recipe_ingredient_search_results.php?query=(_QU5E__1__________273__[]_1_1)">Recipes with honey</a></td></tr><tr role="row" class="odd"><td tabindex="0"><i class="fa fa-thumbs-up"></i></td><td class=" not_printable"><div class="addToGL" data-soscuisine-aisle="24" data-soscuisine-sip="3939817"><i class="fa fa-cart-plus" title="Add to My Grocery List"></i><div></div></div></td><td><img class="storeItemImage" alt="honey" src="/media/images/store_item/blank.jpg"></td><td>honey</td><td class="not_printable sorting_1">baking products</td><td><img style="width:50%;" src="/media/images/logos/marchands/3.png" alt="IGA"></td><td><span itemprop="price">$8.99</span><span itemprop="eligibleQuantity" itemscope="" itemtype="http://schema.org/QuantitativeValue">/<span itemprop="unitText">1kg</span></span></td><td>$0.90/100g</td><td style="display: none;">2020-02-26</td><td style="display: none;"></td><td style="display: none;">house brand</td><td style="display: none;"></td><td style="display: none;"></td><td style="display: none;"></td><td style="display: none;"></td><td style="display: none;"></td><td style="display: none;"><a class="recipeLink" href="/recipe_ingredient_search_results.php?query=(_QU5E__1__________273__[]_1_1)">Recipes with honey</a></td></tr><tr role="row" class="even"><td tabindex="0"><i class="fa fa-thumbs-down"></i></td><td class=" not_printable"><div class="addToGL" data-soscuisine-aisle="24" data-soscuisine-sip="3939673"><i class="fa fa-cart-plus" title="Add to My Grocery List"></i><div></div></div></td><td><img class="storeItemImage" alt="honey" src="/media/images/store_item/blank.jpg"></td><td>honey</td><td class="not_printable sorting_1">baking products</td><td><img style="width:50%;" src="/media/images/logos/marchands/3.png" alt="IGA"></td><td><span itemprop="price">$4.99</span><span itemprop="eligibleQuantity" itemscope="" itemtype="http://schema.org/QuantitativeValue">/<span itemprop="unitText">375g</span></span></td><td>$1.33/100g</td><td style="display: none;">2020-02-26</td><td style="display: none;"></td><td style="display: none;">Le miel d'Émilie</td><td style="display: none;"></td><td style="display: none;"></td><td style="display: none;"></td><td style="display: none;"></td><td style="display: none;"></td><td style="display: none;"><a class="recipeLink" href="/recipe_ingredient_search_results.php?query=(_QU5E__1__________273__[]_1_1)">Recipes with honey</a></td></tr><tr role="row" class="odd"><td tabindex="0"><i class="fa fa-thumbs-up"></i></td><td class=" not_printable"><div class="addToGL" data-soscuisine-aisle="24" data-soscuisine-sip="3942031"><i class="fa fa-cart-plus" title="Add to My Grocery List"></i><div></div></div></td><td><img class="storeItemImage" alt="honey" src="/media/images/store_item/blank.jpg"></td><td>honey</td><td class="not_printable sorting_1">baking products</td><td><img style="width:50%;" src="/media/images/logos/marchands/13.png" alt="Jardin Mobile"></td><td><span itemprop="price">$3.99</span><span itemprop="eligibleQuantity" itemscope="" itemtype="http://schema.org/QuantitativeValue">/<span itemprop="unitText">500g</span></span></td><td>$0.80/100g</td><td style="display: none;">2020-02-26</td><td style="display: none;"></td><td style="display: none;">Dubreuil</td><td style="display: none;"></td><td style="display: none;"></td><td style="display: none;"></td><td style="display: none;"></td><td style="display: none;"></td><td style="display: none;"><a class="recipeLink" href="/recipe_ingredient_search_results.php?query=(_QU5E__1__________273__[]_1_1)">Recipes with honey</a></td></tr><tr role="row" class="even"><td tabindex="0"><i class="fa fa-thumbs-down"></i></td><td class=" not_printable"><div class="addToGL" data-soscuisine-aisle="24" data-soscuisine-sip="3937793"><i class="fa fa-cart-plus" title="Add to My Grocery List"></i><div></div></div></td><td><img class="storeItemImage" alt="honey" src="/media/images/store_item/blank.jpg"></td><td>honey</td><td class="not_printable sorting_1">baking products</td><td><img style="width:50%;" src="/media/images/logos/marchands/1.png" alt="Metro"></td><td><span itemprop="price">$4.99</span><span itemprop="eligibleQuantity" itemscope="" itemtype="http://schema.org/QuantitativeValue">/<span itemprop="unitText">375g</span></span></td><td>$1.33/100g</td><td style="display: none;">2020-02-26</td><td style="display: none;">Quebec</td><td style="display: none;">Le miel d'Émilie</td><td style="display: none;"></td><td style="display: none;"></td><td style="display: none;"></td><td style="display: none;"></td><td style="display: none;"></td><td style="display: none;"><a class="recipeLink" href="/recipe_ingredient_search_results.php?query=(_QU5E__1__________273__[]_1_1)">Recipes with honey</a></td></tr><tr role="row" class="odd"><td tabindex="0"><i class="fas fa-hand-rock"></i></td><td class=" not_printable"><div class="addToGL" data-soscuisine-aisle="24" data-soscuisine-sip="3940941"><i class="fa fa-cart-plus" title="Add to My Grocery List"></i><div></div></div></td><td><img class="storeItemImage" alt="honey" src="/media/images/store_item/blank.jpg"></td><td>honey</td><td class="not_printable sorting_1">baking products</td><td><img style="width:50%;" src="/media/images/logos/marchands/12.png" alt="Richelieu"></td><td><span itemprop="price">$5.99</span><span itemprop="eligibleQuantity" itemscope="" itemtype="http://schema.org/QuantitativeValue">/<span itemprop="unitText">500g</span></span></td><td>$1.20/100g</td><td style="display: none;">2020-02-26</td><td style="display: none;"></td><td style="display: none;">Le miel d'Émilie</td><td style="display: none;"></td><td style="display: none;"></td><td style="display: none;"></td><td style="display: none;"></td><td style="display: none;"></td><td style="display: none;"><a class="recipeLink" href="/recipe_ingredient_search_results.php?query=(_QU5E__1__________273__[]_1_1)">Recipes with honey</a></td></tr><tr role="row" class="even"><td tabindex="0"><i class="fas fa-hand-rock"></i></td><td class=" not_printable"><div class="addToGL" data-soscuisine-aisle="24" data-soscuisine-sip="3939375"><i class="fa fa-cart-plus" title="Add to My Grocery List"></i><div></div></div></td><td><img class="storeItemImage" alt="maple syrup" src="/media/images/store_item/blank.jpg"></td><td>maple syrup</td><td class="not_printable sorting_1">baking products</td><td><img style="width:50%;" src="/media/images/logos/marchands/3.png" alt="IGA"></td><td><span itemprop="price">$13.99</span><span itemprop="eligibleQuantity" itemscope="" itemtype="http://schema.org/QuantitativeValue">/<span itemprop="unitText">1L</span></span></td><td>$1.40/100mL</td><td style="display: none;">2020-02-26</td><td style="display: none;"></td><td style="display: none;">house brand</td><td style="display: none;"></td><td style="display: none;"></td><td style="display: none;"></td><td style="display: none;"></td><td style="display: none;"></td><td style="display: none;"><a class="recipeLink" href="/recipe_ingredient_search_results.php?query=(_QU5E__1__________272__[]_1_1)">Recipes with maple syrup</a></td></tr><tr role="row" class="odd"><td tabindex="0"><i class="fa fa-thumbs-up"></i><i class="fa fa-thumbs-up"></i></td><td class=" not_printable"><div class="addToGL" data-soscuisine-aisle="24" data-soscuisine-sip="3938021"><i class="fa fa-cart-plus" title="Add to My Grocery List"></i><div></div></div></td><td><img class="storeItemImage" alt="maple syrup" src="/media/images/store_item/blank.jpg"></td><td>maple syrup</td><td class="not_printable sorting_1">baking products</td><td><img style="width:50%;" src="/media/images/logos/marchands/2.png" alt="Provigo"></td><td><span itemprop="price">$4.99</span><span itemprop="eligibleQuantity" itemscope="" itemtype="http://schema.org/QuantitativeValue">/<span itemprop="unitText">540mL</span></span></td><td>$0.92/100mL</td><td style="display: none;">2020-02-26</td><td style="display: none;">Quebec</td><td style="display: none;">Bernard</td><td style="display: none;"></td><td style="display: none;"></td><td style="display: none;"></td><td style="display: none;"></td><td style="display: none;"></td><td style="display: none;"><a class="recipeLink" href="/recipe_ingredient_search_results.php?query=(_QU5E__1__________272__[]_1_1)">Recipes with maple syrup</a></td></tr><tr role="row" class="even"><td tabindex="0"><i class="fa fa-thumbs-up"></i><i class="fa fa-thumbs-up"></i></td><td class=" not_printable"><div class="addToGL" data-soscuisine-aisle="24" data-soscuisine-sip="3940441"><i class="fa fa-cart-plus" title="Add to My Grocery List"></i><div></div></div></td><td><img class="storeItemImage" alt="maple syrup" src="/media/images/store_item/blank.jpg"></td><td>maple syrup</td><td class="not_printable sorting_1">baking products</td><td><img style="width:50%;" src="/media/images/logos/marchands/5.png" alt="Super C"></td><td><span itemprop="price">$4.99</span><span itemprop="eligibleQuantity" itemscope="" itemtype="http://schema.org/QuantitativeValue">/<span itemprop="unitText">540mL</span></span></td><td>$0.92/100mL</td><td style="display: none;">2020-02-26</td><td style="display: none;"></td><td style="display: none;">house brand</td><td style="display: none;"></td><td style="display: none;"></td><td style="display: none;"></td><td style="display: none;"></td><td style="display: none;"></td><td style="display: none;"><a class="recipeLink" href="/recipe_ingredient_search_results.php?query=(_QU5E__1__________272__[]_1_1)">Recipes with maple syrup</a></td></tr><tr role="row" class="odd"><td tabindex="0"><i class="fas fa-hand-rock"></i></td><td class=" not_printable"><div class="addToGL" data-soscuisine-aisle="24" data-soscuisine-sip="3940531"><i class="fa fa-cart-plus" title="Add to My Grocery List"></i><div></div></div></td><td><img class="storeItemImage" alt="maple syrup" src="/media/images/store_item/blank.jpg"></td><td>maple syrup</td><td class="not_printable sorting_1">baking products</td><td><img style="width:50%;" src="/media/images/logos/marchands/11.png" alt="Tradition"></td><td><span itemprop="price">$5.99</span><span itemprop="eligibleQuantity" itemscope="" itemtype="http://schema.org/QuantitativeValue">/<span itemprop="unitText">540mL</span></span></td><td>$1.11/100mL</td><td style="display: none;">2020-02-26</td><td style="display: none;"></td><td style="display: none;">Beaurivage</td><td style="display: none;"></td><td style="display: none;"></td><td style="display: none;"></td><td style="display: none;"></td><td style="display: none;"></td><td style="display: none;"><a class="recipeLink" href="/recipe_ingredient_search_results.php?query=(_QU5E__1__________272__[]_1_1)">Recipes with maple syrup</a></td></tr><tr role="row" class="even"><td tabindex="0"><i class="fas fa-exclamation"></i></td><td class=" not_printable"><div class="addToGL" data-soscuisine-aisle="24" data-soscuisine-sip="3912955"><i class="fa fa-cart-plus" title="Add to My Grocery List"></i><div></div></div></td><td><img class="storeItemImage" alt="nutritional yeast" src="/media/images/store_item/blank.jpg"></td><td>nutritional yeast</td><td class="not_printable sorting_1">baking products</td><td><img style="width:50%;" src="/media/images/logos/marchands/94.png" alt="Avril"></td><td><span itemprop="price">$5.99</span><span itemprop="eligibleQuantity" itemscope="" itemtype="http://schema.org/QuantitativeValue">/125g</span></td><td>$4.79/100g</td><td style="display: none;">2020-03-03</td><td style="display: none;"></td><td style="display: none;"></td><td style="display: none;"></td><td style="display: none;">gluten-free</td><td style="display: none;"></td><td style="display: none;"></td><td style="display: none;">Novae Nutrition</td><td style="display: none;"><a class="recipeLink" href="/recipe_ingredient_search_results.php?query=(_QU5E__1__________1096__[]_1_1)">Recipes with nutritional yeast</a></td></tr><tr role="row" class="odd"><td tabindex="0"><i class="fas fa-exclamation"></i></td><td class=" not_printable"><div class="addToGL" data-soscuisine-aisle="24" data-soscuisine-sip="3912953"><i class="fa fa-cart-plus" title="Add to My Grocery List"></i><div></div></div></td><td><img class="storeItemImage" alt="nutritional yeast" src="/media/images/store_item/blank.jpg"></td><td>nutritional yeast</td><td class="not_printable sorting_1">baking products</td><td><img style="width:50%;" src="/media/images/logos/marchands/94.png" alt="Avril"></td><td><span itemprop="price">$5.49</span><span itemprop="eligibleQuantity" itemscope="" itemtype="http://schema.org/QuantitativeValue">/<span itemprop="unitText">100g</span></span></td><td>$5.49/100g</td><td style="display: none;">2020-03-03</td><td style="display: none;"></td><td style="display: none;"></td><td style="display: none;"></td><td style="display: none;">gluten-free</td><td style="display: none;"></td><td style="display: none;"></td><td style="display: none;">Novae Nutrition</td><td style="display: none;"><a class="recipeLink" href="/recipe_ingredient_search_results.php?query=(_QU5E__1__________1096__[]_1_1)">Recipes with nutritional yeast</a></td></tr><tr role="row" class="even"><td tabindex="0"><i class="fas fa-exclamation"></i></td><td class=" not_printable"><div class="addToGL" data-soscuisine-aisle="24" data-soscuisine-sip="3937299"><i class="fa fa-cart-plus" title="Add to My Grocery List"></i><div></div></div></td><td><img class="storeItemImage" alt="nutritional yeast" src="/media/images/store_item/blank.jpg"></td><td>nutritional yeast</td><td class="not_printable sorting_1">baking products</td><td><img style="width:50%;" src="/media/images/logos/marchands/95.png" alt="Marchés Tau"></td><td><span itemprop="price">$11.99</span><span itemprop="eligibleQuantity" itemscope="" itemtype="http://schema.org/QuantitativeValue">/<span itemprop="unitText">284g</span></span></td><td>$4.22/100g</td><td style="display: none;">2020-03-29</td><td style="display: none;"></td><td style="display: none;"></td><td style="display: none;"></td><td style="display: none;"></td><td style="display: none;"></td><td style="display: none;"></td><td style="display: none;">Now Real Food</td><td style="display: none;"><a class="recipeLink" href="/recipe_ingredient_search_results.php?query=(_QU5E__1__________1096__[]_1_1)">Recipes with nutritional yeast</a></td></tr><tr role="row" class="odd"><td tabindex="0"><i class="fas fa-hand-rock"></i></td><td class=" not_printable"><div class="addToGL" data-soscuisine-aisle="24" data-soscuisine-sip="3939663"><i class="fa fa-cart-plus" title="Add to My Grocery List"></i><div></div></div></td><td><img class="storeItemImage" alt="rolled oats" src="/media/images/store_item/blank.jpg"></td><td>rolled oats</td><td class="not_printable sorting_1">baking products</td><td><img style="width:50%;" src="/media/images/logos/marchands/3.png" alt="IGA"></td><td><span itemprop="price">$2.79</span><span itemprop="eligibleQuantity" itemscope="" itemtype="http://schema.org/QuantitativeValue">/<span itemprop="unitText">1kg</span></span></td><td>$0.28/100g</td><td style="display: none;">2020-02-26</td><td style="display: none;"></td><td style="display: none;">Robin Hood</td><td style="display: none;"></td><td style="display: none;"></td><td style="display: none;"></td><td style="display: none;"></td><td style="display: none;"></td><td style="display: none;"><a class="recipeLink" href="/recipe_ingredient_search_results.php?query=(_QU5E__1__________221__[]_1_1)">Recipes with rolled oats</a></td></tr><tr role="row" class="even"><td tabindex="0"><i class="fa fa-thumbs-down"></i></td><td class=" not_printable"><div class="addToGL" data-soscuisine-aisle="24" data-soscuisine-sip="3937337"><i class="fa fa-cart-plus" title="Add to My Grocery List"></i><div></div></div></td><td><img class="storeItemImage" alt="rolled oats" src="/media/images/store_item/blank.jpg"></td><td>rolled oats</td><td class="not_printable sorting_1">baking products</td><td><img style="width:50%;" src="/media/images/logos/marchands/95.png" alt="Marchés Tau"></td><td><span itemprop="price">$5.99</span><span itemprop="eligibleQuantity" itemscope="" itemtype="http://schema.org/QuantitativeValue">/<span itemprop="unitText">2lb (907g)</span></span></td><td>$0.66/100g</td><td style="display: none;">2020-03-29</td><td style="display: none;"></td><td style="display: none;">Bob's Red Mill</td><td style="display: none;"></td><td style="display: none;"></td><td style="display: none;">Organic</td><td style="display: none;"></td><td style="display: none;"></td><td style="display: none;"><a class="recipeLink" href="/recipe_ingredient_search_results.php?query=(_QU5E__1__________221__[]_1_1)">Recipes with rolled oats</a></td></tr><tr role="row" class="odd"><td tabindex="0"><i class="fas fa-hand-rock"></i></td><td class=" not_printable"><div class="addToGL" data-soscuisine-aisle="24" data-soscuisine-sip="3939027"><i class="fa fa-cart-plus" title="Add to My Grocery List"></i><div></div></div></td><td><img class="storeItemImage" alt="rolled oats" src="/media/images/store_item/blank.jpg"></td><td>rolled oats</td><td class="not_printable sorting_1">baking products</td><td><img style="width:50%;" src="/media/images/logos/marchands/64.png" alt="Mourelatos"></td><td><span itemprop="price">$3.49</span><span itemprop="eligibleQuantity" itemscope="" itemtype="http://schema.org/QuantitativeValue">/<span itemprop="unitText">1kg</span></span></td><td>$0.35/100g</td><td style="display: none;">2020-02-25</td><td style="display: none;"></td><td style="display: none;">Robin Hood</td><td style="display: none;"></td><td style="display: none;">quick</td><td style="display: none;"></td><td style="display: none;"></td><td style="display: none;"></td><td style="display: none;"><a class="recipeLink" href="/recipe_ingredient_search_results.php?query=(_QU5E__1__________221__[]_1_1)">Recipes with rolled oats</a></td></tr><tr role="row" class="even"><td tabindex="0"><i class="fas fa-hand-rock"></i></td><td class=" not_printable"><div class="addToGL" data-soscuisine-aisle="24" data-soscuisine-sip="3939775"><i class="fa fa-cart-plus" title="Add to My Grocery List"></i><div></div></div></td><td><img class="storeItemImage" alt="sugar" src="/media/images/store_item/blank.jpg"></td><td>sugar</td><td class="not_printable sorting_1">baking products</td><td><img style="width:50%;" src="/media/images/logos/marchands/10.png" alt="Bonichoix"></td><td><span itemprop="price">$2.49</span><span itemprop="eligibleQuantity" itemscope="" itemtype="http://schema.org/QuantitativeValue">/<span itemprop="unitText">4.4lb (2kg)</span></span></td><td>$1.25/kg</td><td style="display: none;">2020-02-26</td><td style="display: none;"></td><td style="display: none;">Lantic</td><td style="display: none;"></td><td style="display: none;"></td><td style="display: none;"></td><td style="display: none;"></td><td style="display: none;"></td><td style="display: none;"><a class="recipeLink" href="/recipe_ingredient_search_results.php?query=(_QU5E__1__________271__[]_1_1)">Recipes with sugar</a></td></tr><tr role="row" class="odd"><td tabindex="0"><i class="fas fa-hand-rock"></i></td><td class=" not_printable"><div class="addToGL" data-soscuisine-aisle="24" data-soscuisine-sip="3938961"><i class="fa fa-cart-plus" title="Add to My Grocery List"></i><div></div></div></td><td><img class="storeItemImage" alt="sugar" src="/media/images/store_item/blank.jpg"></td><td>sugar</td><td class="not_printable sorting_1">baking products</td><td><img style="width:50%;" src="/media/images/logos/marchands/3.png" alt="IGA"></td><td><span itemprop="price">$1.99</span><span itemprop="eligibleQuantity" itemscope="" itemtype="http://schema.org/QuantitativeValue">/<span itemprop="unitText">4.4lb (2kg)</span></span></td><td>$1.00/kg</td><td style="display: none;">2020-02-26</td><td style="display: none;"></td><td style="display: none;">Lantic</td><td style="display: none;"></td><td style="display: none;"></td><td style="display: none;"></td><td style="display: none;"></td><td style="display: none;"></td><td style="display: none;"><a class="recipeLink" href="/recipe_ingredient_search_results.php?query=(_QU5E__1__________271__[]_1_1)">Recipes with sugar</a></td></tr><tr role="row" class="even"><td tabindex="0"><i class="fas fa-hand-rock"></i></td><td class=" not_printable"><div class="addToGL" data-soscuisine-aisle="24" data-soscuisine-sip="3939457"><i class="fa fa-cart-plus" title="Add to My Grocery List"></i><div></div></div></td><td><img class="storeItemImage" alt="white flour (all purpose)" src="/media/images/store_item/blank.jpg"></td><td>white flour (all purpose)</td><td class="not_printable sorting_1">baking products</td><td><img style="width:50%;" src="/media/images/logos/marchands/3.png" alt="IGA"></td><td><span itemprop="price">$4.99</span><span itemprop="eligibleQuantity" itemscope="" itemtype="http://schema.org/QuantitativeValue">/<span itemprop="unitText">2,5kg</span></span></td><td>$2.00/kg</td><td style="display: none;">2020-02-26</td><td style="display: none;"></td><td style="display: none;">Five Roses, Robin Hood</td><td style="display: none;"></td><td style="display: none;"></td><td style="display: none;"></td><td style="display: none;"></td><td style="display: none;">or Brodie</td><td style="display: none;"><a class="recipeLink" href="/recipe_ingredient_search_results.php?query=(_QU5E__1__________198__[]_1_1)">Recipes with white flour (all purpose)</a></td></tr><tr role="row" class="odd"><td tabindex="0"><i class="fa fa-thumbs-up"></i></td><td class=" not_printable"><div class="addToGL" data-soscuisine-aisle="24" data-soscuisine-sip="3939233"><i class="fa fa-cart-plus" title="Add to My Grocery List"></i><div></div></div></td><td><img class="storeItemImage" alt="white flour (all purpose)" src="/media/images/store_item/blank.jpg"></td><td>white flour (all purpose)</td><td class="not_printable sorting_1">baking products</td><td><img style="width:50%;" src="/media/images/logos/marchands/63.png" alt="Marché Adonis"></td><td><span itemprop="price">$9.99</span><span itemprop="eligibleQuantity" itemscope="" itemtype="http://schema.org/QuantitativeValue">/<span itemprop="unitText">10kg</span></span></td><td>$1.00/kg</td><td style="display: none;">2020-02-26</td><td style="display: none;"></td><td style="display: none;">Five Roses</td><td style="display: none;"></td><td style="display: none;"></td><td style="display: none;"></td><td style="display: none;"></td><td style="display: none;"></td><td style="display: none;"><a class="recipeLink" href="/recipe_ingredient_search_results.php?query=(_QU5E__1__________198__[]_1_1)">Recipes with white flour (all purpose)</a></td></tr><tr role="row" class="even"><td tabindex="0"><i class="fa fa-thumbs-down"></i></td><td class=" not_printable"><div class="addToGL" data-soscuisine-aisle="24" data-soscuisine-sip="3937333"><i class="fa fa-cart-plus" title="Add to My Grocery List"></i><div></div></div></td><td><img class="storeItemImage" alt="white flour (all purpose)" src="/media/images/store_item/blank.jpg"></td><td>white flour (all purpose)</td><td class="not_printable sorting_1">baking products</td><td><img style="width:50%;" src="/media/images/logos/marchands/95.png" alt="Marchés Tau"></td><td><span itemprop="price">$3.29</span><span itemprop="eligibleQuantity" itemscope="" itemtype="http://schema.org/QuantitativeValue">/<span itemprop="unitText">1kg</span></span></td><td>$3.29/kg</td><td style="display: none;">2020-03-29</td><td style="display: none;"></td><td style="display: none;">Milanaise</td><td style="display: none;"></td><td style="display: none;"></td><td style="display: none;">Organic</td><td style="display: none;"></td><td style="display: none;"></td><td style="display: none;"><a class="recipeLink" href="/recipe_ingredient_search_results.php?query=(_QU5E__1__________198__[]_1_1)">Recipes with white flour (all purpose)</a></td></tr><tr role="row" class="odd"><td tabindex="0"><i class="fas fa-exclamation"></i></td><td class=" not_printable"><div class="addToGL" data-soscuisine-aisle="18" data-soscuisine-sip="3937329"><i class="fa fa-cart-plus" title="Add to My Grocery List"></i><div></div></div></td><td><img class="storeItemImage" alt="turmeric" src="/media/images/store_item/blank.jpg"></td><td>turmeric</td><td class="not_printable sorting_1">spices &amp; dried herbs</td><td><img style="width:50%;" src="/media/images/logos/marchands/95.png" alt="Marchés Tau"></td><td><span itemprop="price">$6.99</span><span itemprop="eligibleQuantity" itemscope="" itemtype="http://schema.org/QuantitativeValue">/<span itemprop="unitText">200g</span></span></td><td>$3.49/100g</td><td style="display: none;">2020-03-29</td><td style="display: none;"></td><td style="display: none;"></td><td style="display: none;"></td><td style="display: none;"></td><td style="display: none;"></td><td style="display: none;"></td><td style="display: none;">Organic Traditions</td><td style="display: none;"><a class="recipeLink" href="/recipe_ingredient_search_results.php?query=(_QU5E__1__________367__[]_1_1)">Recipes with turmeric</a></td></tr><tr role="row" class="even"><td tabindex="0"><i class="fas fa-exclamation"></i></td><td class=" not_printable"><div class="addToGL" data-soscuisine-aisle="19" data-soscuisine-sip="3938367"><i class="fa fa-cart-plus" title="Add to My Grocery List"></i><div></div></div></td><td><img class="storeItemImage" alt="avocado oil" src="/media/images/store_item/blank.jpg"></td><td>avocado oil</td><td class="not_printable sorting_1">oil &amp; vinegar</td><td><img style="width:50%;" src="/media/images/logos/marchands/7.png" alt="Intermarché (Saveurs intl.)"></td><td><span itemprop="price">$14.49</span><span itemprop="eligibleQuantity" itemscope="" itemtype="http://schema.org/QuantitativeValue">/<span itemprop="unitText">750mL</span></span></td><td>$19.32/L</td><td style="display: none;">2020-02-26</td><td style="display: none;"></td><td style="display: none;">Chosen Foods</td><td style="display: none;"></td><td style="display: none;"></td><td style="display: none;"></td><td style="display: none;"></td><td style="display: none;"></td><td style="display: none;"><a class="recipeLink" href="/recipe_ingredient_search_results.php?query=(_QU5E__1__________1275__[]_1_1)">Recipes with avocado oil</a></td></tr><tr role="row" class="odd"><td tabindex="0"><i class="fa fa-thumbs-down"></i></td><td class=" not_printable"><div class="addToGL" data-soscuisine-aisle="19" data-soscuisine-sip="3939691"><i class="fa fa-cart-plus" title="Add to My Grocery List"></i><div></div></div></td><td><img class="storeItemImage" alt="canola oil" src="/media/images/store_item/blank.jpg"></td><td>canola oil</td><td class="not_printable sorting_1">oil &amp; vinegar</td><td><img style="width:50%;" src="/media/images/logos/marchands/10.png" alt="Bonichoix"></td><td><span itemprop="price">$5.49</span><span itemprop="eligibleQuantity" itemscope="" itemtype="http://schema.org/QuantitativeValue">/<span itemprop="unitText">1.18L</span></span></td><td>$4.65/L</td><td style="display: none;">2020-02-26</td><td style="display: none;"></td><td style="display: none;">Mazola</td><td style="display: none;"></td><td style="display: none;"></td><td style="display: none;"></td><td style="display: none;"></td><td style="display: none;"></td><td style="display: none;"><a class="recipeLink" href="/recipe_ingredient_search_results.php?query=(_QU5E__1__________225__[]_1_1)">Recipes with canola oil</a></td></tr><tr role="row" class="even"><td tabindex="0"><i class="fas fa-hand-rock"></i></td><td class=" not_printable"><div class="addToGL" data-soscuisine-aisle="19" data-soscuisine-sip="3938459"><i class="fa fa-cart-plus" title="Add to My Grocery List"></i><div></div></div></td><td><img class="storeItemImage" alt="canola oil" src="/media/images/store_item/blank.jpg"></td><td>canola oil</td><td class="not_printable sorting_1">oil &amp; vinegar</td><td><img style="width:50%;" src="/media/images/logos/marchands/7.png" alt="Intermarché (Saveurs intl.)"></td><td><span itemprop="price">$6.00</span><span itemprop="eligibleQuantity" itemscope="" itemtype="http://schema.org/QuantitativeValue">/<span itemprop="unitText">2.84L</span></span></td><td>$2.11/L</td><td style="display: none;">2020-02-26</td><td style="display: none;"></td><td style="display: none;">Aurora</td><td style="display: none;"></td><td style="display: none;"></td><td style="display: none;"></td><td style="display: none;"></td><td style="display: none;"></td><td style="display: none;"><a class="recipeLink" href="/recipe_ingredient_search_results.php?query=(_QU5E__1__________225__[]_1_1)">Recipes with canola oil</a></td></tr><tr role="row" class="odd"><td tabindex="0"><i class="fas fa-hand-rock"></i></td><td class=" not_printable"><div class="addToGL" data-soscuisine-aisle="19" data-soscuisine-sip="3912993"><i class="fa fa-cart-plus" title="Add to My Grocery List"></i><div></div></div></td><td><img class="storeItemImage" alt="coconut oil ORGANIC" src="/media/images/store_item/blank.jpg"></td><td>coconut oil ORGANIC</td><td class="not_printable sorting_1">oil &amp; vinegar</td><td><img style="width:50%;" src="/media/images/logos/marchands/94.png" alt="Avril"></td><td><span itemprop="price">$13.99</span><span itemprop="eligibleQuantity" itemscope="" itemtype="http://schema.org/QuantitativeValue">/<span itemprop="unitText">857mL</span></span></td><td>$16.32/L</td><td style="display: none;">2020-03-03</td><td style="display: none;"></td><td style="display: none;">Naked Coconuts</td><td style="display: none;"></td><td style="display: none;"></td><td style="display: none;"></td><td style="display: none;"></td><td style="display: none;"></td><td style="display: none;"><a class="recipeLink" href="/recipe_ingredient_search_results.php?query=(_QU5E__1__________1231__[]_1_1)">Recipes with coconut oil ORGANIC</a></td></tr><tr role="row" class="even"><td tabindex="0"><i class="fas fa-hand-rock"></i></td><td class=" not_printable"><div class="addToGL" data-soscuisine-aisle="19" data-soscuisine-sip="3937335"><i class="fa fa-cart-plus" title="Add to My Grocery List"></i><div></div></div></td><td><img class="storeItemImage" alt="coconut oil ORGANIC" src="/media/images/store_item/blank.jpg"></td><td>coconut oil ORGANIC</td><td class="not_printable sorting_1">oil &amp; vinegar</td><td><img style="width:50%;" src="/media/images/logos/marchands/95.png" alt="Marchés Tau"></td><td><span itemprop="price">$16.99</span><span itemprop="eligibleQuantity" itemscope="" itemtype="http://schema.org/QuantitativeValue">/<span itemprop="unitText">860mL</span></span></td><td>$19.76/L</td><td style="display: none;">2020-03-29</td><td style="display: none;"></td><td style="display: none;">Nutiva</td><td style="display: none;"></td><td style="display: none;"></td><td style="display: none;"></td><td style="display: none;"></td><td style="display: none;"></td><td style="display: none;"><a class="recipeLink" href="/recipe_ingredient_search_results.php?query=(_QU5E__1__________1231__[]_1_1)">Recipes with coconut oil ORGANIC</a></td></tr><tr role="row" class="odd"><td tabindex="0"><i class="fas fa-hand-rock"></i></td><td class=" not_printable"><div class="addToGL" data-soscuisine-aisle="19" data-soscuisine-sip="3938345"><i class="fa fa-cart-plus" title="Add to My Grocery List"></i><div></div></div></td><td><img class="storeItemImage" alt="coconut oil ORGANIC" src="/media/images/store_item/blank.jpg"></td><td>coconut oil ORGANIC</td><td class="not_printable sorting_1">oil &amp; vinegar</td><td><img style="width:50%;" src="/media/images/logos/marchands/2.png" alt="Provigo"></td><td><span itemprop="price">$13.99</span><span itemprop="eligibleQuantity" itemscope="" itemtype="http://schema.org/QuantitativeValue">/<span itemprop="unitText">860mL</span></span></td><td>$16.27/L</td><td style="display: none;">2020-02-26</td><td style="display: none;"></td><td style="display: none;">house brand</td><td style="display: none;"></td><td style="display: none;"></td><td style="display: none;"></td><td style="display: none;"></td><td style="display: none;"></td><td style="display: none;"><a class="recipeLink" href="/recipe_ingredient_search_results.php?query=(_QU5E__1__________1231__[]_1_1)">Recipes with coconut oil ORGANIC</a></td></tr><tr role="row" class="even"><td tabindex="0"><i class="fa fa-thumbs-down"></i></td><td class=" not_printable"><div class="addToGL" data-soscuisine-aisle="19" data-soscuisine-sip="3939693"><i class="fa fa-cart-plus" title="Add to My Grocery List"></i><div></div></div></td><td><img class="storeItemImage" alt="corn oil" src="/media/images/store_item/blank.jpg"></td><td>corn oil</td><td class="not_printable sorting_1">oil &amp; vinegar</td><td><img style="width:50%;" src="/media/images/logos/marchands/10.png" alt="Bonichoix"></td><td><span itemprop="price">$5.49</span><span itemprop="eligibleQuantity" itemscope="" itemtype="http://schema.org/QuantitativeValue">/<span itemprop="unitText">1.18L</span></span></td><td>$4.65/L</td><td style="display: none;">2020-02-26</td><td style="display: none;"></td><td style="display: none;">Mazola</td><td style="display: none;"></td><td style="display: none;"></td><td style="display: none;"></td><td style="display: none;"></td><td style="display: none;"></td><td style="display: none;"><a class="recipeLink" href="/recipe_ingredient_search_results.php?query=(_QU5E__1__________787__[]_1_1)">Recipes with corn oil</a></td></tr><tr role="row" class="odd"><td tabindex="0"><i class="fas fa-hand-rock"></i></td><td class=" not_printable"><div class="addToGL" data-soscuisine-aisle="19" data-soscuisine-sip="3939023"><i class="fa fa-cart-plus" title="Add to My Grocery List"></i><div></div></div></td><td><img class="storeItemImage" alt="corn oil" src="/media/images/store_item/blank.jpg"></td><td>corn oil</td><td class="not_printable sorting_1">oil &amp; vinegar</td><td><img style="width:50%;" src="/media/images/logos/marchands/64.png" alt="Mourelatos"></td><td><span itemprop="price">$6.99</span><span itemprop="eligibleQuantity" itemscope="" itemtype="http://schema.org/QuantitativeValue">/<span itemprop="unitText">2.84L</span></span></td><td>$2.46/L</td><td style="display: none;">2020-02-25</td><td style="display: none;"></td><td style="display: none;">Mazola</td><td style="display: none;"></td><td style="display: none;"></td><td style="display: none;"></td><td style="display: none;"></td><td style="display: none;"></td><td style="display: none;"><a class="recipeLink" href="/recipe_ingredient_search_results.php?query=(_QU5E__1__________787__[]_1_1)">Recipes with corn oil</a></td></tr><tr role="row" class="even"><td tabindex="0"><i class="fa fa-thumbs-down"></i></td><td class=" not_printable"><div class="addToGL" data-soscuisine-aisle="19" data-soscuisine-sip="3937363"><i class="fa fa-cart-plus" title="Add to My Grocery List"></i><div></div></div></td><td><img class="storeItemImage" alt="olive oil" src="/media/images/store_item/blank.jpg"></td><td>olive oil</td><td class="not_printable sorting_1">oil &amp; vinegar</td><td><img style="width:50%;" src="/media/images/logos/marchands/95.png" alt="Marchés Tau"></td><td><span itemprop="price">$9.99</span><span itemprop="eligibleQuantity" itemscope="" itemtype="http://schema.org/QuantitativeValue">/<span itemprop="unitText">500mL</span></span></td><td>$19.98/L</td><td style="display: none;">2020-03-29</td><td style="display: none;"></td><td style="display: none;">Maison d'Orphée</td><td style="display: none;"></td><td style="display: none;"></td><td style="display: none;">Organic</td><td style="display: none;"></td><td style="display: none;"></td><td style="display: none;"><a class="recipeLink" href="/recipe_ingredient_search_results.php?query=(_QU5E__1__________14__[]_1_1)">Recipes with olive oil</a></td></tr><tr role="row" class="odd"><td tabindex="0"><i class="fas fa-hand-rock"></i></td><td class=" not_printable"><div class="addToGL" data-soscuisine-aisle="19" data-soscuisine-sip="3937823"><i class="fa fa-cart-plus" title="Add to My Grocery List"></i><div></div></div></td><td><img class="storeItemImage" alt="olive oil" src="/media/images/store_item/blank.jpg"></td><td>olive oil</td><td class="not_printable sorting_1">oil &amp; vinegar</td><td><img style="width:50%;" src="/media/images/logos/marchands/1.png" alt="Metro"></td><td><span itemprop="price">$9.99</span><span itemprop="eligibleQuantity" itemscope="" itemtype="http://schema.org/QuantitativeValue">/<span itemprop="unitText">1L</span></span></td><td>$9.99/L</td><td style="display: none;">2020-02-26</td><td style="display: none;"></td><td style="display: none;">Bertolli</td><td style="display: none;"></td><td style="display: none;"></td><td style="display: none;"></td><td style="display: none;"></td><td style="display: none;"></td><td style="display: none;"><a class="recipeLink" href="/recipe_ingredient_search_results.php?query=(_QU5E__1__________14__[]_1_1)">Recipes with olive oil</a></td></tr><tr role="row" class="even"><td tabindex="0"><i class="fa fa-thumbs-down"></i></td><td class=" not_printable"><div class="addToGL" data-soscuisine-aisle="19" data-soscuisine-sip="3937821"><i class="fa fa-cart-plus" title="Add to My Grocery List"></i><div></div></div></td><td><img class="storeItemImage" alt="olive oil" src="/media/images/store_item/blank.jpg"></td><td>olive oil</td><td class="not_printable sorting_1">oil &amp; vinegar</td><td><img style="width:50%;" src="/media/images/logos/marchands/1.png" alt="Metro"></td><td><span itemprop="price">$9.99</span><span itemprop="eligibleQuantity" itemscope="" itemtype="http://schema.org/QuantitativeValue">/<span itemprop="unitText">500mL</span></span></td><td>$19.98/L</td><td style="display: none;">2020-02-26</td><td style="display: none;"></td><td style="display: none;">Carapelli</td><td style="display: none;"></td><td style="display: none;"></td><td style="display: none;"></td><td style="display: none;"></td><td style="display: none;"></td><td style="display: none;"><a class="recipeLink" href="/recipe_ingredient_search_results.php?query=(_QU5E__1__________14__[]_1_1)">Recipes with olive oil</a></td></tr><tr role="row" class="odd"><td tabindex="0"><i class="fa fa-thumbs-up"></i></td><td class=" not_printable"><div class="addToGL" data-soscuisine-aisle="19" data-soscuisine-sip="3938327"><i class="fa fa-cart-plus" title="Add to My Grocery List"></i><div></div></div></td><td><img class="storeItemImage" alt="olive oil" src="/media/images/store_item/blank.jpg"></td><td>olive oil</td><td class="not_printable sorting_1">oil &amp; vinegar</td><td><img style="width:50%;" src="/media/images/logos/marchands/2.png" alt="Provigo"></td><td><span itemprop="price">$7.99</span><span itemprop="eligibleQuantity" itemscope="" itemtype="http://schema.org/QuantitativeValue">/<span itemprop="unitText">1L</span></span></td><td>$7.99/L</td><td style="display: none;">2020-02-26</td><td style="display: none;"></td><td style="display: none;">Bertolli</td><td style="display: none;"></td><td style="display: none;"></td><td style="display: none;"></td><td style="display: none;"></td><td style="display: none;"></td><td style="display: none;"><a class="recipeLink" href="/recipe_ingredient_search_results.php?query=(_QU5E__1__________14__[]_1_1)">Recipes with olive oil</a></td></tr><tr role="row" class="even"><td tabindex="0"><i class="fas fa-hand-rock"></i></td><td class=" not_printable"><div class="addToGL" data-soscuisine-aisle="19" data-soscuisine-sip="3938331"><i class="fa fa-cart-plus" title="Add to My Grocery List"></i><div></div></div></td><td><img class="storeItemImage" alt="olive oil" src="/media/images/store_item/blank.jpg"></td><td>olive oil</td><td class="not_printable sorting_1">oil &amp; vinegar</td><td><img style="width:50%;" src="/media/images/logos/marchands/2.png" alt="Provigo"></td><td><span itemprop="price">$7.99</span><span itemprop="eligibleQuantity" itemscope="" itemtype="http://schema.org/QuantitativeValue">/<span itemprop="unitText">750mL</span></span></td><td>$10.65/L</td><td style="display: none;">2020-02-26</td><td style="display: none;"></td><td style="display: none;">Bertolli</td><td style="display: none;"></td><td style="display: none;"></td><td style="display: none;">Organic</td><td style="display: none;"></td><td style="display: none;"></td><td style="display: none;"><a class="recipeLink" href="/recipe_ingredient_search_results.php?query=(_QU5E__1__________14__[]_1_1)">Recipes with olive oil</a></td></tr><tr role="row" class="odd"><td tabindex="0"><i class="fa fa-thumbs-down"></i></td><td class=" not_printable"><div class="addToGL" data-soscuisine-aisle="19" data-soscuisine-sip="3938333"><i class="fa fa-cart-plus" title="Add to My Grocery List"></i><div></div></div></td><td><img class="storeItemImage" alt="olive oil" src="/media/images/store_item/blank.jpg"></td><td>olive oil</td><td class="not_printable sorting_1">oil &amp; vinegar</td><td><img style="width:50%;" src="/media/images/logos/marchands/2.png" alt="Provigo"></td><td><span itemprop="price">$7.99</span><span itemprop="eligibleQuantity" itemscope="" itemtype="http://schema.org/QuantitativeValue">/<span itemprop="unitText">500mL</span></span></td><td>$15.98/L</td><td style="display: none;">2020-02-26</td><td style="display: none;"></td><td style="display: none;">Carapelli</td><td style="display: none;"></td><td style="display: none;"></td><td style="display: none;"></td><td style="display: none;"></td><td style="display: none;"></td><td style="display: none;"><a class="recipeLink" href="/recipe_ingredient_search_results.php?query=(_QU5E__1__________14__[]_1_1)">Recipes with olive oil</a></td></tr><tr role="row" class="even"><td tabindex="0"><i class="fa fa-thumbs-up"></i><i class="fa fa-thumbs-up"></i></td><td class=" not_printable"><div class="addToGL" data-soscuisine-aisle="19" data-soscuisine-sip="3940723"><i class="fa fa-cart-plus" title="Add to My Grocery List"></i><div></div></div></td><td><img class="storeItemImage" alt="olive oil" src="/media/images/store_item/blank.jpg"></td><td>olive oil</td><td class="not_printable sorting_1">oil &amp; vinegar</td><td><img style="width:50%;" src="/media/images/logos/marchands/5.png" alt="Super C"></td><td><span itemprop="price">$6.99</span><span itemprop="eligibleQuantity" itemscope="" itemtype="http://schema.org/QuantitativeValue">/<span itemprop="unitText">1L</span></span></td><td>$6.99/L</td><td style="display: none;">2020-02-26</td><td style="display: none;"></td><td style="display: none;">house brand</td><td style="display: none;"></td><td style="display: none;"></td><td style="display: none;"></td><td style="display: none;"></td><td style="display: none;"></td><td style="display: none;"><a class="recipeLink" href="/recipe_ingredient_search_results.php?query=(_QU5E__1__________14__[]_1_1)">Recipes with olive oil</a></td></tr><tr role="row" class="odd"><td tabindex="0"><i class="fas fa-hand-rock"></i></td><td class=" not_printable"><div class="addToGL" data-soscuisine-aisle="19" data-soscuisine-sip="3938455"><i class="fa fa-cart-plus" title="Add to My Grocery List"></i><div></div></div></td><td><img class="storeItemImage" alt="olive oil, extra virgin" src="/media/images/store_item/blank.jpg"></td><td>olive oil, extra virgin</td><td class="not_printable sorting_1">oil &amp; vinegar</td><td><img style="width:50%;" src="/media/images/logos/marchands/7.png" alt="Intermarché (Saveurs intl.)"></td><td><span itemprop="price">$6.00</span><span itemprop="eligibleQuantity" itemscope="" itemtype="http://schema.org/QuantitativeValue">/<span itemprop="unitText">750mL</span></span></td><td>$8.00/L</td><td style="display: none;">2020-02-26</td><td style="display: none;"></td><td style="display: none;">Aurora</td><td style="display: none;"></td><td style="display: none;"></td><td style="display: none;"></td><td style="display: none;"></td><td style="display: none;"></td><td style="display: none;"><a class="recipeLink" href="/recipe_ingredient_search_results.php?query=(_QU5E__1__________344__[]_1_1)">Recipes with olive oil, extra virgin</a></td></tr><tr role="row" class="even"><td tabindex="0"><i class="fa fa-thumbs-up"></i></td><td class=" not_printable"><div class="addToGL" data-soscuisine-aisle="19" data-soscuisine-sip="3939077"><i class="fa fa-cart-plus" title="Add to My Grocery List"></i><div></div></div></td><td><img class="storeItemImage" alt="olive oil, extra virgin" src="/media/images/store_item/blank.jpg"></td><td>olive oil, extra virgin</td><td class="not_printable sorting_1">oil &amp; vinegar</td><td><img style="width:50%;" src="/media/images/logos/marchands/63.png" alt="Marché Adonis"></td><td><span itemprop="price">$18.95</span><span itemprop="eligibleQuantity" itemscope="" itemtype="http://schema.org/QuantitativeValue">/<span itemprop="unitText">3L</span></span></td><td>$6.32/L</td><td style="display: none;">2020-02-26</td><td style="display: none;"></td><td style="display: none;">Solon</td><td style="display: none;"></td><td style="display: none;"></td><td style="display: none;"></td><td style="display: none;"></td><td style="display: none;"></td><td style="display: none;"><a class="recipeLink" href="/recipe_ingredient_search_results.php?query=(_QU5E__1__________344__[]_1_1)">Recipes with olive oil, extra virgin</a></td></tr><tr role="row" class="odd"><td tabindex="0"><i class="fa fa-thumbs-down"></i></td><td class=" not_printable"><div class="addToGL" data-soscuisine-aisle="19" data-soscuisine-sip="3937359"><i class="fa fa-cart-plus" title="Add to My Grocery List"></i><div></div></div></td><td><img class="storeItemImage" alt="olive oil, extra virgin" src="/media/images/store_item/blank.jpg"></td><td>olive oil, extra virgin</td><td class="not_printable sorting_1">oil &amp; vinegar</td><td><img style="width:50%;" src="/media/images/logos/marchands/95.png" alt="Marchés Tau"></td><td><span itemprop="price">$9.99</span><span itemprop="eligibleQuantity" itemscope="" itemtype="http://schema.org/QuantitativeValue">/<span itemprop="unitText">500mL</span></span></td><td>$19.98/L</td><td style="display: none;">2020-03-29</td><td style="display: none;"></td><td style="display: none;">Maison d'Orphée</td><td style="display: none;"></td><td style="display: none;"></td><td style="display: none;">Organic</td><td style="display: none;"></td><td style="display: none;"></td><td style="display: none;"><a class="recipeLink" href="/recipe_ingredient_search_results.php?query=(_QU5E__1__________344__[]_1_1)">Recipes with olive oil, extra virgin</a></td></tr><tr role="row" class="even"><td tabindex="0"><i class="fa fa-thumbs-up"></i><i class="fa fa-thumbs-up"></i></td><td class=" not_printable"><div class="addToGL" data-soscuisine-aisle="19" data-soscuisine-sip="3939033"><i class="fa fa-cart-plus" title="Add to My Grocery List"></i><div></div></div></td><td><img class="storeItemImage" alt="olive oil, extra virgin" src="/media/images/store_item/blank.jpg"></td><td>olive oil, extra virgin</td><td class="not_printable sorting_1">oil &amp; vinegar</td><td><img style="width:50%;" src="/media/images/logos/marchands/64.png" alt="Mourelatos"></td><td><span itemprop="price">$15.99</span><span itemprop="eligibleQuantity" itemscope="" itemtype="http://schema.org/QuantitativeValue">/<span itemprop="unitText">3L</span></span></td><td>$5.33/L</td><td style="display: none;">2020-02-26</td><td style="display: none;">Greece</td><td style="display: none;"></td><td style="display: none;"></td><td style="display: none;"></td><td style="display: none;"></td><td style="display: none;"></td><td style="display: none;">Ariston, valid from 24 to 26 only</td><td style="display: none;"><a class="recipeLink" href="/recipe_ingredient_search_results.php?query=(_QU5E__1__________344__[]_1_1)">Recipes with olive oil, extra virgin</a></td></tr><tr role="row" class="odd"><td tabindex="0"><i class="fa fa-thumbs-up"></i><i class="fa fa-thumbs-up"></i></td><td class=" not_printable"><div class="addToGL" data-soscuisine-aisle="19" data-soscuisine-sip="3939025"><i class="fa fa-cart-plus" title="Add to My Grocery List"></i><div></div></div></td><td><img class="storeItemImage" alt="olive oil, extra virgin" src="/media/images/store_item/blank.jpg"></td><td>olive oil, extra virgin</td><td class="not_printable sorting_1">oil &amp; vinegar</td><td><img style="width:50%;" src="/media/images/logos/marchands/64.png" alt="Mourelatos"></td><td><span itemprop="price">$5.49</span><span itemprop="eligibleQuantity" itemscope="" itemtype="http://schema.org/QuantitativeValue">/<span itemprop="unitText">1L</span></span></td><td>$5.49/L</td><td style="display: none;">2020-02-25</td><td style="display: none;"></td><td style="display: none;">Mastro</td><td style="display: none;"></td><td style="display: none;"></td><td style="display: none;"></td><td style="display: none;"></td><td style="display: none;"></td><td style="display: none;"><a class="recipeLink" href="/recipe_ingredient_search_results.php?query=(_QU5E__1__________344__[]_1_1)">Recipes with olive oil, extra virgin</a></td></tr><tr role="row" class="even"><td tabindex="0"><i class="fas fa-hand-rock"></i></td><td class=" not_printable"><div class="addToGL" data-soscuisine-aisle="19" data-soscuisine-sip="3938329"><i class="fa fa-cart-plus" title="Add to My Grocery List"></i><div></div></div></td><td><img class="storeItemImage" alt="olive oil, extra virgin" src="/media/images/store_item/blank.jpg"></td><td>olive oil, extra virgin</td><td class="not_printable sorting_1">oil &amp; vinegar</td><td><img style="width:50%;" src="/media/images/logos/marchands/2.png" alt="Provigo"></td><td><span itemprop="price">$7.99</span><span itemprop="eligibleQuantity" itemscope="" itemtype="http://schema.org/QuantitativeValue">/<span itemprop="unitText">1L</span></span></td><td>$7.99/L</td><td style="display: none;">2020-02-26</td><td style="display: none;"></td><td style="display: none;">Bertolli</td><td style="display: none;"></td><td style="display: none;"></td><td style="display: none;"></td><td style="display: none;"></td><td style="display: none;"></td><td style="display: none;"><a class="recipeLink" href="/recipe_ingredient_search_results.php?query=(_QU5E__1__________344__[]_1_1)">Recipes with olive oil, extra virgin</a></td></tr><tr role="row" class="odd"><td tabindex="0"><i class="fa fa-thumbs-up"></i><i class="fa fa-thumbs-up"></i></td><td class=" not_printable"><div class="addToGL" data-soscuisine-aisle="19" data-soscuisine-sip="3935919"><i class="fa fa-cart-plus" title="Add to My Grocery List"></i><div></div></div></td><td><img class="storeItemImage" alt="olive oil, extra virgin" src="/media/images/store_item/blank.jpg"></td><td>olive oil, extra virgin</td><td class="not_printable sorting_1">oil &amp; vinegar</td><td><img style="width:50%;" src="/media/images/logos/marchands/62.png" alt="Supermarché PA"></td><td><span itemprop="price">$3.99</span><span itemprop="eligibleQuantity" itemscope="" itemtype="http://schema.org/QuantitativeValue">/<span itemprop="unitText">750mL</span></span></td><td>$5.32/L</td><td style="display: none;">2020-02-23</td><td style="display: none;"></td><td style="display: none;"></td><td style="display: none;"></td><td style="display: none;"></td><td style="display: none;"></td><td style="display: none;"></td><td style="display: none;">Don Camillo</td><td style="display: none;"><a class="recipeLink" href="/recipe_ingredient_search_results.php?query=(_QU5E__1__________344__[]_1_1)">Recipes with olive oil, extra virgin</a></td></tr><tr role="row" class="even"><td tabindex="0"><i class="fas fa-hand-rock"></i></td><td class=" not_printable"><div class="addToGL" data-soscuisine-aisle="19" data-soscuisine-sip="3940779"><i class="fa fa-cart-plus" title="Add to My Grocery List"></i><div></div></div></td><td><img class="storeItemImage" alt="olive oil, extra virgin" src="/media/images/store_item/blank.jpg"></td><td>olive oil, extra virgin</td><td class="not_printable sorting_1">oil &amp; vinegar</td><td><img style="width:50%;" src="/media/images/logos/marchands/11.png" alt="Tradition"></td><td><span itemprop="price">$8.49</span><span itemprop="eligibleQuantity" itemscope="" itemtype="http://schema.org/QuantitativeValue">/<span itemprop="unitText">1L</span></span></td><td>$8.49/L</td><td style="display: none;">2020-02-26</td><td style="display: none;"></td><td style="display: none;">Emma</td><td style="display: none;"></td><td style="display: none;"></td><td style="display: none;"></td><td style="display: none;"></td><td style="display: none;"></td><td style="display: none;"><a class="recipeLink" href="/recipe_ingredient_search_results.php?query=(_QU5E__1__________344__[]_1_1)">Recipes with olive oil, extra virgin</a></td></tr><tr role="row" class="odd"><td tabindex="0"><i class="fa fa-thumbs-down"></i></td><td class=" not_printable"><div class="addToGL" data-soscuisine-aisle="19" data-soscuisine-sip="3940777"><i class="fa fa-cart-plus" title="Add to My Grocery List"></i><div></div></div></td><td><img class="storeItemImage" alt="olive oil, extra virgin" src="/media/images/store_item/blank.jpg"></td><td>olive oil, extra virgin</td><td class="not_printable sorting_1">oil &amp; vinegar</td><td><img style="width:50%;" src="/media/images/logos/marchands/11.png" alt="Tradition"></td><td><span itemprop="price">$8.49</span><span itemprop="eligibleQuantity" itemscope="" itemtype="http://schema.org/QuantitativeValue">/<span itemprop="unitText">500mL</span></span></td><td>$16.98/L</td><td style="display: none;">2020-02-26</td><td style="display: none;"></td><td style="display: none;">Maison d'Orphée</td><td style="display: none;"></td><td style="display: none;"></td><td style="display: none;"></td><td style="display: none;"></td><td style="display: none;"></td><td style="display: none;"><a class="recipeLink" href="/recipe_ingredient_search_results.php?query=(_QU5E__1__________344__[]_1_1)">Recipes with olive oil, extra virgin</a></td></tr><tr role="row" class="even"><td tabindex="0"><i class="fa fa-thumbs-down"></i></td><td class=" not_printable"><div class="addToGL" data-soscuisine-aisle="19" data-soscuisine-sip="3939695"><i class="fa fa-cart-plus" title="Add to My Grocery List"></i><div></div></div></td><td><img class="storeItemImage" alt="vegetable oil" src="/media/images/store_item/blank.jpg"></td><td>vegetable oil</td><td class="not_printable sorting_1">oil &amp; vinegar</td><td><img style="width:50%;" src="/media/images/logos/marchands/10.png" alt="Bonichoix"></td><td><span itemprop="price">$5.49</span><span itemprop="eligibleQuantity" itemscope="" itemtype="http://schema.org/QuantitativeValue">/<span itemprop="unitText">1.18L</span></span></td><td>$4.65/L</td><td style="display: none;">2020-02-26</td><td style="display: none;"></td><td style="display: none;">Mazola</td><td style="display: none;"></td><td style="display: none;"></td><td style="display: none;"></td><td style="display: none;"></td><td style="display: none;"></td><td style="display: none;"><a class="recipeLink" href="/recipe_ingredient_search_results.php?query=(_QU5E__1__________751__[]_1_1)">Recipes with vegetable oil</a></td></tr><tr role="row" class="odd"><td tabindex="0"><i class="fas fa-hand-rock"></i></td><td class=" not_printable"><div class="addToGL" data-soscuisine-aisle="19" data-soscuisine-sip="3938457"><i class="fa fa-cart-plus" title="Add to My Grocery List"></i><div></div></div></td><td><img class="storeItemImage" alt="vegetable oil" src="/media/images/store_item/blank.jpg"></td><td>vegetable oil</td><td class="not_printable sorting_1">oil &amp; vinegar</td><td><img style="width:50%;" src="/media/images/logos/marchands/7.png" alt="Intermarché (Saveurs intl.)"></td><td><span itemprop="price">$6.00</span><span itemprop="eligibleQuantity" itemscope="" itemtype="http://schema.org/QuantitativeValue">/<span itemprop="unitText">2.84L</span></span></td><td>$2.11/L</td><td style="display: none;">2020-02-26</td><td style="display: none;"></td><td style="display: none;">Aurora</td><td style="display: none;"></td><td style="display: none;"></td><td style="display: none;"></td><td style="display: none;"></td><td style="display: none;"></td><td style="display: none;"><a class="recipeLink" href="/recipe_ingredient_search_results.php?query=(_QU5E__1__________751__[]_1_1)">Recipes with vegetable oil</a></td></tr><tr role="row" class="even"><td tabindex="0"><i class="fa fa-thumbs-up"></i><i class="fa fa-thumbs-up"></i></td><td class=" not_printable"><div class="addToGL" data-soscuisine-aisle="19" data-soscuisine-sip="3939083"><i class="fa fa-cart-plus" title="Add to My Grocery List"></i><div></div></div></td><td><img class="storeItemImage" alt="vegetable oil" src="/media/images/store_item/blank.jpg"></td><td>vegetable oil</td><td class="not_printable sorting_1">oil &amp; vinegar</td><td><img style="width:50%;" src="/media/images/logos/marchands/63.png" alt="Marché Adonis"></td><td><span itemprop="price">$3.99</span><span itemprop="eligibleQuantity" itemscope="" itemtype="http://schema.org/QuantitativeValue">/<span itemprop="unitText">2.84L</span></span></td><td>$1.40/L</td><td style="display: none;">2020-02-26</td><td style="display: none;"></td><td style="display: none;">Cedar</td><td style="display: none;"></td><td style="display: none;"></td><td style="display: none;"></td><td style="display: none;"></td><td style="display: none;"></td><td style="display: none;"><a class="recipeLink" href="/recipe_ingredient_search_results.php?query=(_QU5E__1__________751__[]_1_1)">Recipes with vegetable oil</a></td></tr><tr role="row" class="odd"><td tabindex="0"><i class="fa fa-thumbs-down"></i></td><td class=" not_printable"><div class="addToGL" data-soscuisine-aisle="19" data-soscuisine-sip="3938849"><i class="fa fa-cart-plus" title="Add to My Grocery List"></i><div></div></div></td><td><img class="storeItemImage" alt="vinegar, apple" src="/media/images/store_item/blank.jpg"></td><td>vinegar, apple</td><td class="not_printable sorting_1">oil &amp; vinegar</td><td><img style="width:50%;" src="/media/images/logos/marchands/93.png" alt="Rachelle Béry"></td><td><span itemprop="price">$3.69</span><span itemprop="eligibleQuantity" itemscope="" itemtype="http://schema.org/QuantitativeValue">/<span itemprop="unitText">355mL</span></span></td><td>$1.04/100g</td><td style="display: none;">2020-03-04</td><td style="display: none;"></td><td style="display: none;">Omega Nutrition</td><td style="display: none;"></td><td style="display: none;"></td><td style="display: none;">Organic</td><td style="display: none;"></td><td style="display: none;"></td><td style="display: none;"><a class="recipeLink" href="/recipe_ingredient_search_results.php?query=(_QU5E__1__________51__[]_1_1)">Recipes with vinegar, apple</a></td></tr><tr role="row" class="even"><td tabindex="0"><i class="fa fa-thumbs-up"></i><i class="fa fa-thumbs-up"></i></td><td class=" not_printable"><div class="addToGL" data-soscuisine-aisle="19" data-soscuisine-sip="3938445"><i class="fa fa-cart-plus" title="Add to My Grocery List"></i><div></div></div></td><td><img class="storeItemImage" alt="vinegar, balsamic" src="/media/images/store_item/blank.jpg"></td><td>vinegar, balsamic</td><td class="not_printable sorting_1">oil &amp; vinegar</td><td><img style="width:50%;" src="/media/images/logos/marchands/7.png" alt="Intermarché (Saveurs intl.)"></td><td><span itemprop="price">$2.00</span><span itemprop="eligibleQuantity" itemscope="" itemtype="http://schema.org/QuantitativeValue">/<span itemprop="unitText">500mL</span></span></td><td>$0.40/100g</td><td style="display: none;">2020-02-26</td><td style="display: none;"></td><td style="display: none;">Emma</td><td style="display: none;"></td><td style="display: none;"></td><td style="display: none;"></td><td style="display: none;"></td><td style="display: none;"></td><td style="display: none;"><a class="recipeLink" href="/recipe_ingredient_search_results.php?query=(_QU5E__1__________49__[]_1_1)">Recipes with vinegar, balsamic</a></td></tr><tr role="row" class="odd"><td tabindex="0"><i class="fa fa-thumbs-down"></i></td><td class=" not_printable"><div class="addToGL" data-soscuisine-aisle="19" data-soscuisine-sip="3937899"><i class="fa fa-cart-plus" title="Add to My Grocery List"></i><div></div></div></td><td><img class="storeItemImage" alt="vinegar, balsamic" src="/media/images/store_item/blank.jpg"></td><td>vinegar, balsamic</td><td class="not_printable sorting_1">oil &amp; vinegar</td><td><img style="width:50%;" src="/media/images/logos/marchands/1.png" alt="Metro"></td><td><span itemprop="price">$6.99</span><span itemprop="eligibleQuantity" itemscope="" itemtype="http://schema.org/QuantitativeValue">/<span itemprop="unitText">500mL</span></span></td><td>$1.40/100g</td><td style="display: none;">2020-02-26</td><td style="display: none;"></td><td style="display: none;">Maille</td><td style="display: none;"></td><td style="display: none;"></td><td style="display: none;"></td><td style="display: none;"></td><td style="display: none;"></td><td style="display: none;"><a class="recipeLink" href="/recipe_ingredient_search_results.php?query=(_QU5E__1__________49__[]_1_1)">Recipes with vinegar, balsamic</a></td></tr><tr role="row" class="even"><td tabindex="0"><i class="fa fa-thumbs-up"></i><i class="fa fa-thumbs-up"></i></td><td class=" not_printable"><div class="addToGL" data-soscuisine-aisle="19" data-soscuisine-sip="3937565"><i class="fa fa-cart-plus" title="Add to My Grocery List"></i><div></div></div></td><td><img class="storeItemImage" alt="vinegar, white" src="/media/images/store_item/blank.jpg"></td><td>vinegar, white</td><td class="not_printable sorting_1">oil &amp; vinegar</td><td><img style="width:50%;" src="/media/images/logos/marchands/6.png" alt="Maxi"></td><td><span itemprop="price">$2.00</span><span itemprop="eligibleQuantity" itemscope="" itemtype="http://schema.org/QuantitativeValue">/<span itemprop="unitText">4L</span></span></td><td>$0.05/100g</td><td style="display: none;">2020-02-26</td><td style="display: none;"></td><td style="display: none;">house brand</td><td style="display: none;"></td><td style="display: none;"></td><td style="display: none;"></td><td style="display: none;"></td><td style="display: none;"></td><td style="display: none;"><a class="recipeLink" href="/recipe_ingredient_search_results.php?query=(_QU5E__1__________364__[]_1_1)">Recipes with vinegar, white</a></td></tr><tr role="row" class="odd"><td tabindex="0"><i class="fa fa-thumbs-up"></i></td><td class=" not_printable"><div class="addToGL" data-soscuisine-aisle="19" data-soscuisine-sip="3938441"><i class="fa fa-cart-plus" title="Add to My Grocery List"></i><div></div></div></td><td><img class="storeItemImage" alt="vinegar, wine" src="/media/images/store_item/blank.jpg"></td><td>vinegar, wine</td><td class="not_printable sorting_1">oil &amp; vinegar</td><td><img style="width:50%;" src="/media/images/logos/marchands/7.png" alt="Intermarché (Saveurs intl.)"></td><td><span itemprop="price">$1.50</span><span itemprop="eligibleQuantity" itemscope="" itemtype="http://schema.org/QuantitativeValue">/<span itemprop="unitText">500mL</span></span></td><td>$0.30/100g</td><td style="display: none;">2020-02-26</td><td style="display: none;"></td><td style="display: none;">Emma</td><td style="display: none;"></td><td style="display: none;"></td><td style="display: none;"></td><td style="display: none;"></td><td style="display: none;"></td><td style="display: none;"><a class="recipeLink" href="/recipe_ingredient_search_results.php?query=(_QU5E__1__________48__[]_1_1)">Recipes with vinegar, wine</a></td></tr><tr role="row" class="even"><td tabindex="0"><i class="fas fa-exclamation"></i></td><td class=" not_printable"><div class="addToGL" data-soscuisine-aisle="20" data-soscuisine-sip="3939085"><i class="fa fa-cart-plus" title="Add to My Grocery List"></i><div></div></div></td><td><img class="storeItemImage" alt="capers" src="/media/images/store_item/blank.jpg"></td><td>capers</td><td class="not_printable sorting_1">condiments</td><td><img style="width:50%;" src="/media/images/logos/marchands/63.png" alt="Marché Adonis"></td><td><span itemprop="price">$0.99</span><span itemprop="eligibleQuantity" itemscope="" itemtype="http://schema.org/QuantitativeValue">/<span itemprop="unitText">105mL</span></span></td><td>$1.57/100g</td><td style="display: none;">2020-02-26</td><td style="display: none;"></td><td style="display: none;"></td><td style="display: none;"></td><td style="display: none;"></td><td style="display: none;"></td><td style="display: none;"></td><td style="display: none;">Cedar</td><td style="display: none;"><a class="recipeLink" href="/recipe_ingredient_search_results.php?query=(_QU5E__1__________56__[]_1_1)">Recipes with capers</a></td></tr><tr role="row" class="odd"><td tabindex="0"><i class="fas fa-exclamation"></i></td><td class=" not_printable"><div class="addToGL" data-soscuisine-aisle="20" data-soscuisine-sip="3935973"><i class="fa fa-cart-plus" title="Add to My Grocery List"></i><div></div></div></td><td><img class="storeItemImage" alt="Hoisin sauce" src="/media/images/store_item/blank.jpg"></td><td>Hoisin sauce</td><td class="not_printable sorting_1">condiments</td><td><img style="width:50%;" src="/media/images/logos/marchands/62.png" alt="Supermarché PA"></td><td><span itemprop="price">$2.99</span><span itemprop="eligibleQuantity" itemscope="" itemtype="http://schema.org/QuantitativeValue">/<span itemprop="unitText">15fl.oz (443mL)</span></span></td><td>$0.60/100g</td><td style="display: none;">2020-02-23</td><td style="display: none;"></td><td style="display: none;">Lee Kum Kee</td><td style="display: none;"></td><td style="display: none;"></td><td style="display: none;"></td><td style="display: none;"></td><td style="display: none;"></td><td style="display: none;"><a class="recipeLink" href="/recipe_ingredient_search_results.php?query=(_QU5E__1__________380__[]_1_1)">Recipes with Hoisin sauce</a></td></tr><tr role="row" class="even"><td tabindex="0"><i class="fa fa-thumbs-down"></i></td><td class=" not_printable"><div class="addToGL" data-soscuisine-aisle="20" data-soscuisine-sip="3913001"><i class="fa fa-cart-plus" title="Add to My Grocery List"></i><div></div></div></td><td><img class="storeItemImage" alt="ketchup" src="/media/images/store_item/blank.jpg"></td><td>ketchup</td><td class="not_printable sorting_1">condiments</td><td><img style="width:50%;" src="/media/images/logos/marchands/94.png" alt="Avril"></td><td><span itemprop="price">$4.99</span><span itemprop="eligibleQuantity" itemscope="" itemtype="http://schema.org/QuantitativeValue">/<span itemprop="unitText">575mL</span></span></td><td>$0.85/100g</td><td style="display: none;">2020-03-03</td><td style="display: none;"></td><td style="display: none;">Heinz</td><td style="display: none;"></td><td style="display: none;"></td><td style="display: none;">Organic</td><td style="display: none;"></td><td style="display: none;"></td><td style="display: none;"><a class="recipeLink" href="/recipe_ingredient_search_results.php?query=(_QU5E__1__________45__[]_1_1)">Recipes with ketchup</a></td></tr><tr role="row" class="odd"><td tabindex="0"><i class="fas fa-hand-rock"></i></td><td class=" not_printable"><div class="addToGL" data-soscuisine-aisle="20" data-soscuisine-sip="3939681"><i class="fa fa-cart-plus" title="Add to My Grocery List"></i><div></div></div></td><td><img class="storeItemImage" alt="ketchup" src="/media/images/store_item/blank.jpg"></td><td>ketchup</td><td class="not_printable sorting_1">condiments</td><td><img style="width:50%;" src="/media/images/logos/marchands/10.png" alt="Bonichoix"></td><td><span itemprop="price">$5.99</span><span itemprop="eligibleQuantity" itemscope="" itemtype="http://schema.org/QuantitativeValue">/<span itemprop="unitText">1,5L</span></span></td><td>$0.39/100g</td><td style="display: none;">2020-02-26</td><td style="display: none;"></td><td style="display: none;">Heinz</td><td style="display: none;"></td><td style="display: none;"></td><td style="display: none;"></td><td style="display: none;"></td><td style="display: none;"></td><td style="display: none;"><a class="recipeLink" href="/recipe_ingredient_search_results.php?query=(_QU5E__1__________45__[]_1_1)">Recipes with ketchup</a></td></tr><tr role="row" class="even"><td tabindex="0"><i class="fas fa-hand-rock"></i></td><td class=" not_printable"><div class="addToGL" data-soscuisine-aisle="20" data-soscuisine-sip="3939679"><i class="fa fa-cart-plus" title="Add to My Grocery List"></i><div></div></div></td><td><img class="storeItemImage" alt="ketchup" src="/media/images/store_item/blank.jpg"></td><td>ketchup</td><td class="not_printable sorting_1">condiments</td><td><img style="width:50%;" src="/media/images/logos/marchands/3.png" alt="IGA"></td><td><span itemprop="price">$5.49</span><span itemprop="eligibleQuantity" itemscope="" itemtype="http://schema.org/QuantitativeValue">/<span itemprop="unitText">1,5L</span></span></td><td>$0.36/100g</td><td style="display: none;">2020-02-26</td><td style="display: none;"></td><td style="display: none;">Heinz</td><td style="display: none;"></td><td style="display: none;"></td><td style="display: none;"></td><td style="display: none;"></td><td style="display: none;"></td><td style="display: none;"><a class="recipeLink" href="/recipe_ingredient_search_results.php?query=(_QU5E__1__________45__[]_1_1)">Recipes with ketchup</a></td></tr><tr role="row" class="odd"><td tabindex="0"><i class="fas fa-hand-rock"></i></td><td class=" not_printable"><div class="addToGL" data-soscuisine-aisle="20" data-soscuisine-sip="3937859"><i class="fa fa-cart-plus" title="Add to My Grocery List"></i><div></div></div></td><td><img class="storeItemImage" alt="ketchup" src="/media/images/store_item/blank.jpg"></td><td>ketchup</td><td class="not_printable sorting_1">condiments</td><td><img style="width:50%;" src="/media/images/logos/marchands/1.png" alt="Metro"></td><td><span itemprop="price">$3.00</span><span itemprop="eligibleQuantity" itemscope="" itemtype="http://schema.org/QuantitativeValue">/<span itemprop="unitText">1L</span></span></td><td>$0.30/100g</td><td style="display: none;">2020-02-26</td><td style="display: none;"></td><td style="display: none;">French's</td><td style="display: none;"></td><td style="display: none;"></td><td style="display: none;"></td><td style="display: none;"></td><td style="display: none;"></td><td style="display: none;"><a class="recipeLink" href="/recipe_ingredient_search_results.php?query=(_QU5E__1__________45__[]_1_1)">Recipes with ketchup</a></td></tr><tr role="row" class="even"><td tabindex="0"><i class="fa fa-thumbs-up"></i><i class="fa fa-thumbs-up"></i></td><td class=" not_printable"><div class="addToGL" data-soscuisine-aisle="20" data-soscuisine-sip="3938009"><i class="fa fa-cart-plus" title="Add to My Grocery List"></i><div></div></div></td><td><img class="storeItemImage" alt="ketchup" src="/media/images/store_item/blank.jpg"></td><td>ketchup</td><td class="not_printable sorting_1">condiments</td><td><img style="width:50%;" src="/media/images/logos/marchands/2.png" alt="Provigo"></td><td><span itemprop="price">$2.99</span><span itemprop="eligibleQuantity" itemscope="" itemtype="http://schema.org/QuantitativeValue">/<span itemprop="unitText">1L</span></span></td><td>$0.29/100g</td><td style="display: none;">2020-02-26</td><td style="display: none;"></td><td style="display: none;">Heinz</td><td style="display: none;"></td><td style="display: none;"></td><td style="display: none;"></td><td style="display: none;"></td><td style="display: none;"></td><td style="display: none;"><a class="recipeLink" href="/recipe_ingredient_search_results.php?query=(_QU5E__1__________45__[]_1_1)">Recipes with ketchup</a></td></tr><tr role="row" class="odd"><td tabindex="0"><i class="fas fa-hand-rock"></i></td><td class=" not_printable"><div class="addToGL" data-soscuisine-aisle="20" data-soscuisine-sip="3938323"><i class="fa fa-cart-plus" title="Add to My Grocery List"></i><div></div></div></td><td><img class="storeItemImage" alt="ketchup" src="/media/images/store_item/blank.jpg"></td><td>ketchup</td><td class="not_printable sorting_1">condiments</td><td><img style="width:50%;" src="/media/images/logos/marchands/2.png" alt="Provigo"></td><td><span itemprop="price">$3.49</span><span itemprop="eligibleQuantity" itemscope="" itemtype="http://schema.org/QuantitativeValue">/<span itemprop="unitText">1L</span></span></td><td>$0.34/100g</td><td style="display: none;">2020-02-26</td><td style="display: none;"></td><td style="display: none;">French's</td><td style="display: none;"></td><td style="display: none;"></td><td style="display: none;"></td><td style="display: none;"></td><td style="display: none;"></td><td style="display: none;"><a class="recipeLink" href="/recipe_ingredient_search_results.php?query=(_QU5E__1__________45__[]_1_1)">Recipes with ketchup</a></td></tr><tr role="row" class="even"><td tabindex="0"><i class="fas fa-hand-rock"></i></td><td class=" not_printable"><div class="addToGL" data-soscuisine-aisle="20" data-soscuisine-sip="3940927"><i class="fa fa-cart-plus" title="Add to My Grocery List"></i><div></div></div></td><td><img class="storeItemImage" alt="ketchup" src="/media/images/store_item/blank.jpg"></td><td>ketchup</td><td class="not_printable sorting_1">condiments</td><td><img style="width:50%;" src="/media/images/logos/marchands/12.png" alt="Richelieu"></td><td><span itemprop="price">$3.99</span><span itemprop="eligibleQuantity" itemscope="" itemtype="http://schema.org/QuantitativeValue">/<span itemprop="unitText">1L</span></span></td><td>$0.39/100g</td><td style="display: none;">2020-02-26</td><td style="display: none;"></td><td style="display: none;">Heinz</td><td style="display: none;"></td><td style="display: none;"></td><td style="display: none;"></td><td style="display: none;"></td><td style="display: none;"></td><td style="display: none;"><a class="recipeLink" href="/recipe_ingredient_search_results.php?query=(_QU5E__1__________45__[]_1_1)">Recipes with ketchup</a></td></tr><tr role="row" class="odd"><td tabindex="0"><i class="fa fa-thumbs-up"></i><i class="fa fa-thumbs-up"></i></td><td class=" not_printable"><div class="addToGL" data-soscuisine-aisle="20" data-soscuisine-sip="3940649"><i class="fa fa-cart-plus" title="Add to My Grocery List"></i><div></div></div></td><td><img class="storeItemImage" alt="ketchup" src="/media/images/store_item/blank.jpg"></td><td>ketchup</td><td class="not_printable sorting_1">condiments</td><td><img style="width:50%;" src="/media/images/logos/marchands/5.png" alt="Super C"></td><td><span itemprop="price">$2.99</span><span itemprop="eligibleQuantity" itemscope="" itemtype="http://schema.org/QuantitativeValue">/<span itemprop="unitText">1L</span></span></td><td>$0.29/100g</td><td style="display: none;">2020-02-26</td><td style="display: none;"></td><td style="display: none;">house brand</td><td style="display: none;"></td><td style="display: none;"></td><td style="display: none;"></td><td style="display: none;"></td><td style="display: none;"></td><td style="display: none;"><a class="recipeLink" href="/recipe_ingredient_search_results.php?query=(_QU5E__1__________45__[]_1_1)">Recipes with ketchup</a></td></tr><tr role="row" class="even"><td tabindex="0"><i class="fas fa-hand-rock"></i></td><td class=" not_printable"><div class="addToGL" data-soscuisine-aisle="20" data-soscuisine-sip="3940537"><i class="fa fa-cart-plus" title="Add to My Grocery List"></i><div></div></div></td><td><img class="storeItemImage" alt="ketchup" src="/media/images/store_item/blank.jpg"></td><td>ketchup</td><td class="not_printable sorting_1">condiments</td><td><img style="width:50%;" src="/media/images/logos/marchands/11.png" alt="Tradition"></td><td><span itemprop="price">$3.99</span><span itemprop="eligibleQuantity" itemscope="" itemtype="http://schema.org/QuantitativeValue">/<span itemprop="unitText">1L</span></span></td><td>$0.39/100g</td><td style="display: none;">2020-02-26</td><td style="display: none;"></td><td style="display: none;">Heinz</td><td style="display: none;"></td><td style="display: none;"></td><td style="display: none;"></td><td style="display: none;"></td><td style="display: none;"></td><td style="display: none;"><a class="recipeLink" href="/recipe_ingredient_search_results.php?query=(_QU5E__1__________45__[]_1_1)">Recipes with ketchup</a></td></tr><tr role="row" class="odd"><td tabindex="0"><i class="fa fa-thumbs-up"></i></td><td class=" not_printable"><div class="addToGL" data-soscuisine-aisle="20" data-soscuisine-sip="3939459"><i class="fa fa-cart-plus" title="Add to My Grocery List"></i><div></div></div></td><td><img class="storeItemImage" alt="mayonnaise" src="/media/images/store_item/blank.jpg"></td><td>mayonnaise</td><td class="not_printable sorting_1">condiments</td><td><img style="width:50%;" src="/media/images/logos/marchands/3.png" alt="IGA"></td><td><span itemprop="price">$5.99</span><span itemprop="eligibleQuantity" itemscope="" itemtype="http://schema.org/QuantitativeValue">/<span itemprop="unitText">48oz (1.42L)</span></span></td><td>$4.54/kg</td><td style="display: none;">2020-02-26</td><td style="display: none;"></td><td style="display: none;">Hellmann's</td><td style="display: none;"></td><td style="display: none;"></td><td style="display: none;"></td><td style="display: none;"></td><td style="display: none;"></td><td style="display: none;"><a class="recipeLink" href="/recipe_ingredient_search_results.php?query=(_QU5E__1__________44__[]_1_1)">Recipes with mayonnaise</a></td></tr><tr role="row" class="even"><td tabindex="0"><i class="fa fa-thumbs-down"></i></td><td class=" not_printable"><div class="addToGL" data-soscuisine-aisle="20" data-soscuisine-sip="3939685"><i class="fa fa-cart-plus" title="Add to My Grocery List"></i><div></div></div></td><td><img class="storeItemImage" alt="mayonnaise" src="/media/images/store_item/blank.jpg"></td><td>mayonnaise</td><td class="not_printable sorting_1">condiments</td><td><img style="width:50%;" src="/media/images/logos/marchands/3.png" alt="IGA"></td><td><span itemprop="price">$3.99</span><span itemprop="eligibleQuantity" itemscope="" itemtype="http://schema.org/QuantitativeValue">/<span itemprop="unitText">675mL</span></span></td><td>$6.36/kg</td><td style="display: none;">2020-02-26</td><td style="display: none;"></td><td style="display: none;">Heinz</td><td style="display: none;"></td><td style="display: none;"></td><td style="display: none;"></td><td style="display: none;"></td><td style="display: none;"></td><td style="display: none;"><a class="recipeLink" href="/recipe_ingredient_search_results.php?query=(_QU5E__1__________44__[]_1_1)">Recipes with mayonnaise</a></td></tr><tr role="row" class="odd"><td tabindex="0"><i class="fa fa-thumbs-up"></i><i class="fa fa-thumbs-up"></i></td><td class=" not_printable"><div class="addToGL" data-soscuisine-aisle="20" data-soscuisine-sip="3938723"><i class="fa fa-cart-plus" title="Add to My Grocery List"></i><div></div></div></td><td><img class="storeItemImage" alt="mayonnaise" src="/media/images/store_item/blank.jpg"></td><td>mayonnaise</td><td class="not_printable sorting_1">condiments</td><td><img style="width:50%;" src="/media/images/logos/marchands/69.png" alt="Intermarche (Provincial)"></td><td><span itemprop="price">$2.99</span><span itemprop="eligibleQuantity" itemscope="" itemtype="http://schema.org/QuantitativeValue">/<span itemprop="unitText">890mL</span></span></td><td>$3.61/kg</td><td style="display: none;">2020-02-26</td><td style="display: none;"></td><td style="display: none;">house brand</td><td style="display: none;"></td><td style="display: none;"></td><td style="display: none;"></td><td style="display: none;"></td><td style="display: none;"></td><td style="display: none;"><a class="recipeLink" href="/recipe_ingredient_search_results.php?query=(_QU5E__1__________44__[]_1_1)">Recipes with mayonnaise</a></td></tr><tr role="row" class="even"><td tabindex="0"><i class="fa fa-thumbs-down"></i></td><td class=" not_printable"><div class="addToGL" data-soscuisine-aisle="20" data-soscuisine-sip="3938511"><i class="fa fa-cart-plus" title="Add to My Grocery List"></i><div></div></div></td><td><img class="storeItemImage" alt="mayonnaise" src="/media/images/store_item/blank.jpg"></td><td>mayonnaise</td><td class="not_printable sorting_1">condiments</td><td><img style="width:50%;" src="/media/images/logos/marchands/6.png" alt="Maxi"></td><td><span itemprop="price">$2.00</span><span itemprop="eligibleQuantity" itemscope="" itemtype="http://schema.org/QuantitativeValue">/<span itemprop="unitText">340mL</span></span></td><td>$6.33/kg</td><td style="display: none;">2020-02-26</td><td style="display: none;"></td><td style="display: none;">Hellmann's</td><td style="display: none;"></td><td style="display: none;"></td><td style="display: none;"></td><td style="display: none;"></td><td style="display: none;"></td><td style="display: none;"><a class="recipeLink" href="/recipe_ingredient_search_results.php?query=(_QU5E__1__________44__[]_1_1)">Recipes with mayonnaise</a></td></tr><tr role="row" class="odd"><td tabindex="0"><i class="fa fa-thumbs-up"></i><i class="fa fa-thumbs-up"></i></td><td class=" not_printable"><div class="addToGL" data-soscuisine-aisle="20" data-soscuisine-sip="3940733"><i class="fa fa-cart-plus" title="Add to My Grocery List"></i><div></div></div></td><td><img class="storeItemImage" alt="mayonnaise" src="/media/images/store_item/blank.jpg"></td><td>mayonnaise</td><td class="not_printable sorting_1">condiments</td><td><img style="width:50%;" src="/media/images/logos/marchands/5.png" alt="Super C"></td><td><span itemprop="price">$2.99</span><span itemprop="eligibleQuantity" itemscope="" itemtype="http://schema.org/QuantitativeValue">/<span itemprop="unitText">890mL</span></span></td><td>$3.61/kg</td><td style="display: none;">2020-02-26</td><td style="display: none;"></td><td style="display: none;">house brand</td><td style="display: none;"></td><td style="display: none;"></td><td style="display: none;"></td><td style="display: none;"></td><td style="display: none;"></td><td style="display: none;"><a class="recipeLink" href="/recipe_ingredient_search_results.php?query=(_QU5E__1__________44__[]_1_1)">Recipes with mayonnaise</a></td></tr><tr role="row" class="even"><td tabindex="0"><i class="fa fa-thumbs-up"></i><i class="fa fa-thumbs-up"></i></td><td class=" not_printable"><div class="addToGL" data-soscuisine-aisle="20" data-soscuisine-sip="3939153"><i class="fa fa-cart-plus" title="Add to My Grocery List"></i><div></div></div></td><td><img class="storeItemImage" alt="olives" src="/media/images/store_item/blank.jpg"></td><td>olives</td><td class="not_printable sorting_1">condiments</td><td><img style="width:50%;" src="/media/images/logos/marchands/63.png" alt="Marché Adonis"></td><td><span itemprop="price">$2.99</span><span itemprop="eligibleQuantity" itemscope="" itemtype="http://schema.org/QuantitativeValue">/<span itemprop="unitText">lb</span></span></td><td>$0.66/100g</td><td style="display: none;">2020-02-26</td><td style="display: none;">Greece</td><td style="display: none;"></td><td style="display: none;"></td><td style="display: none;">green</td><td style="display: none;"></td><td style="display: none;"></td><td style="display: none;">Naupilium</td><td style="display: none;"><a class="recipeLink" href="/recipe_ingredient_search_results.php?query=(_QU5E__1__________54__[]_1_1)">Recipes with olives</a></td></tr><tr role="row" class="odd"><td tabindex="0"><i class="fas fa-hand-rock"></i></td><td class=" not_printable"><div class="addToGL" data-soscuisine-aisle="20" data-soscuisine-sip="3938985"><i class="fa fa-cart-plus" title="Add to My Grocery List"></i><div></div></div></td><td><img class="storeItemImage" alt="olives" src="/media/images/store_item/blank.jpg"></td><td>olives</td><td class="not_printable sorting_1">condiments</td><td><img style="width:50%;" src="/media/images/logos/marchands/64.png" alt="Mourelatos"></td><td><span itemprop="price">$3.99</span><span itemprop="eligibleQuantity" itemscope="" itemtype="http://schema.org/QuantitativeValue">/<span itemprop="unitText">lb</span></span></td><td>$0.88/100g</td><td style="display: none;">2020-02-25</td><td style="display: none;"></td><td style="display: none;"></td><td style="display: none;"></td><td style="display: none;">Kalamata</td><td style="display: none;"></td><td style="display: none;"></td><td style="display: none;">large</td><td style="display: none;"><a class="recipeLink" href="/recipe_ingredient_search_results.php?query=(_QU5E__1__________54__[]_1_1)">Recipes with olives</a></td></tr><tr role="row" class="even"><td tabindex="0"><i class="fa fa-thumbs-up"></i><i class="fa fa-thumbs-up"></i></td><td class=" not_printable"><div class="addToGL" data-soscuisine-aisle="20" data-soscuisine-sip="3935959"><i class="fa fa-cart-plus" title="Add to My Grocery List"></i><div></div></div></td><td><img class="storeItemImage" alt="olives" src="/media/images/store_item/blank.jpg"></td><td>olives</td><td class="not_printable sorting_1">condiments</td><td><img style="width:50%;" src="/media/images/logos/marchands/62.png" alt="Supermarché PA"></td><td><span itemprop="price">$2.99</span><span itemprop="eligibleQuantity" itemscope="" itemtype="http://schema.org/QuantitativeValue">/<span itemprop="unitText">lb</span></span></td><td>$0.66/100g</td><td style="display: none;">2020-02-23</td><td style="display: none;">Greece</td><td style="display: none;"></td><td style="display: none;"></td><td style="display: none;">Kalamata</td><td style="display: none;"></td><td style="display: none;"></td><td style="display: none;"></td><td style="display: none;"><a class="recipeLink" href="/recipe_ingredient_search_results.php?query=(_QU5E__1__________54__[]_1_1)">Recipes with olives</a></td></tr><tr role="row" class="odd"><td tabindex="0"><i class="fas fa-hand-rock"></i></td><td class=" not_printable"><div class="addToGL" data-soscuisine-aisle="20" data-soscuisine-sip="3912895"><i class="fa fa-cart-plus" title="Add to My Grocery List"></i><div></div></div></td><td><img class="storeItemImage" alt="pesto sauce" src="/media/images/store_item/blank.jpg"></td><td>pesto sauce</td><td class="not_printable sorting_1">condiments</td><td><img style="width:50%;" src="/media/images/logos/marchands/94.png" alt="Avril"></td><td><span itemprop="price">$4.99</span><span itemprop="eligibleQuantity" itemscope="" itemtype="http://schema.org/QuantitativeValue">/<span itemprop="unitText">6oz (171g)</span></span></td><td>$2.92/100g</td><td style="display: none;">2020-03-03</td><td style="display: none;"></td><td style="display: none;">LeGrand</td><td style="display: none;"></td><td style="display: none;"></td><td style="display: none;"></td><td style="display: none;"></td><td style="display: none;"></td><td style="display: none;"><a class="recipeLink" href="/recipe_ingredient_search_results.php?query=(_QU5E__1__________322__[]_1_1)">Recipes with pesto sauce</a></td></tr><tr role="row" class="even"><td tabindex="0"><i class="fas fa-hand-rock"></i></td><td class=" not_printable"><div class="addToGL" data-soscuisine-aisle="20" data-soscuisine-sip="3939355"><i class="fa fa-cart-plus" title="Add to My Grocery List"></i><div></div></div></td><td><img class="storeItemImage" alt="pesto sauce" src="/media/images/store_item/blank.jpg"></td><td>pesto sauce</td><td class="not_printable sorting_1">condiments</td><td><img style="width:50%;" src="/media/images/logos/marchands/3.png" alt="IGA"></td><td><span itemprop="price">$3.99</span><span itemprop="eligibleQuantity" itemscope="" itemtype="http://schema.org/QuantitativeValue">/<span itemprop="unitText">190g (6,67oz)</span></span></td><td>$2.10/100g</td><td style="display: none;">2020-02-26</td><td style="display: none;"></td><td style="display: none;"></td><td style="display: none;"></td><td style="display: none;"></td><td style="display: none;"></td><td style="display: none;"></td><td style="display: none;">Derlea</td><td style="display: none;"><a class="recipeLink" href="/recipe_ingredient_search_results.php?query=(_QU5E__1__________322__[]_1_1)">Recipes with pesto sauce</a></td></tr><tr role="row" class="odd"><td tabindex="0"><i class="fas fa-hand-rock"></i></td><td class=" not_printable"><div class="addToGL" data-soscuisine-aisle="20" data-soscuisine-sip="3942117"><i class="fa fa-cart-plus" title="Add to My Grocery List"></i><div></div></div></td><td><img class="storeItemImage" alt="pesto sauce" src="/media/images/store_item/blank.jpg"></td><td>pesto sauce</td><td class="not_printable sorting_1">condiments</td><td><img style="width:50%;" src="/media/images/logos/marchands/13.png" alt="Jardin Mobile"></td><td><span itemprop="price">$10.00</span><span itemprop="eligibleQuantity" itemscope="" itemtype="http://schema.org/QuantitativeValue">/<span itemprop="value">2</span>x<span itemprop="unitText">6oz (171g)</span></span></td><td>$2.92/100g</td><td style="display: none;">2020-02-26</td><td style="display: none;"></td><td style="display: none;">LeGrand</td><td style="display: none;"></td><td style="display: none;"></td><td style="display: none;"></td><td style="display: none;"></td><td style="display: none;"></td><td style="display: none;"><a class="recipeLink" href="/recipe_ingredient_search_results.php?query=(_QU5E__1__________322__[]_1_1)">Recipes with pesto sauce</a></td></tr><tr role="row" class="even"><td tabindex="0"><i class="fas fa-hand-rock"></i></td><td class=" not_printable"><div class="addToGL" data-soscuisine-aisle="20" data-soscuisine-sip="3938799"><i class="fa fa-cart-plus" title="Add to My Grocery List"></i><div></div></div></td><td><img class="storeItemImage" alt="pesto sauce" src="/media/images/store_item/blank.jpg"></td><td>pesto sauce</td><td class="not_printable sorting_1">condiments</td><td><img style="width:50%;" src="/media/images/logos/marchands/93.png" alt="Rachelle Béry"></td><td><span itemprop="price">$3.99</span><span itemprop="eligibleQuantity" itemscope="" itemtype="http://schema.org/QuantitativeValue">/<span itemprop="unitText">190g (6,67oz)</span></span></td><td>$2.10/100g</td><td style="display: none;">2020-03-04</td><td style="display: none;"></td><td style="display: none;"></td><td style="display: none;"></td><td style="display: none;"></td><td style="display: none;"></td><td style="display: none;"></td><td style="display: none;">Derlea</td><td style="display: none;"><a class="recipeLink" href="/recipe_ingredient_search_results.php?query=(_QU5E__1__________322__[]_1_1)">Recipes with pesto sauce</a></td></tr><tr role="row" class="odd"><td tabindex="0"><i class="fa fa-thumbs-up"></i></td><td class=" not_printable"><div class="addToGL" data-soscuisine-aisle="20" data-soscuisine-sip="3939687"><i class="fa fa-cart-plus" title="Add to My Grocery List"></i><div></div></div></td><td><img class="storeItemImage" alt="pickled onions" src="/media/images/store_item/blank.jpg"></td><td>pickled onions</td><td class="not_printable sorting_1">condiments</td><td><img style="width:50%;" src="/media/images/logos/marchands/10.png" alt="Bonichoix"></td><td><span itemprop="price">$1.79</span><span itemprop="eligibleQuantity" itemscope="" itemtype="http://schema.org/QuantitativeValue">/<span itemprop="unitText">375mL</span></span></td><td>$0.72/100g</td><td style="display: none;">2020-02-26</td><td style="display: none;"></td><td style="display: none;">house brand</td><td style="display: none;"></td><td style="display: none;"></td><td style="display: none;"></td><td style="display: none;"></td><td style="display: none;"></td><td style="display: none;"><a class="recipeLink" href="/recipe_ingredient_search_results.php?query=(_QU5E__1__________317__[]_1_1)">Recipes with pickled onions</a></td></tr><tr role="row" class="even"><td tabindex="0"><i class="fas fa-hand-rock"></i></td><td class=" not_printable"><div class="addToGL" data-soscuisine-aisle="20" data-soscuisine-sip="3937839"><i class="fa fa-cart-plus" title="Add to My Grocery List"></i><div></div></div></td><td><img class="storeItemImage" alt="pickled onions" src="/media/images/store_item/blank.jpg"></td><td>pickled onions</td><td class="not_printable sorting_1">condiments</td><td><img style="width:50%;" src="/media/images/logos/marchands/1.png" alt="Metro"></td><td><span itemprop="price">$5.00</span><span itemprop="eligibleQuantity" itemscope="" itemtype="http://schema.org/QuantitativeValue">/<span itemprop="value">2</span>x<span itemprop="unitText">375mL</span></span></td><td>$1.00/100g</td><td style="display: none;">2020-02-26</td><td style="display: none;"></td><td style="display: none;">Habitant</td><td style="display: none;"></td><td style="display: none;"></td><td style="display: none;"></td><td style="display: none;"></td><td style="display: none;"></td><td style="display: none;"><a class="recipeLink" href="/recipe_ingredient_search_results.php?query=(_QU5E__1__________317__[]_1_1)">Recipes with pickled onions</a></td></tr><tr role="row" class="odd"><td tabindex="0"><i class="fa fa-thumbs-up"></i></td><td class=" not_printable"><div class="addToGL" data-soscuisine-aisle="20" data-soscuisine-sip="3940773"><i class="fa fa-cart-plus" title="Add to My Grocery List"></i><div></div></div></td><td><img class="storeItemImage" alt="pickled onions" src="/media/images/store_item/blank.jpg"></td><td>pickled onions</td><td class="not_printable sorting_1">condiments</td><td><img style="width:50%;" src="/media/images/logos/marchands/11.png" alt="Tradition"></td><td><span itemprop="price">$3.50</span><span itemprop="eligibleQuantity" itemscope="" itemtype="http://schema.org/QuantitativeValue">/<span itemprop="value">2</span>x<span itemprop="unitText">375mL</span></span></td><td>$0.70/100g</td><td style="display: none;">2020-02-26</td><td style="display: none;"></td><td style="display: none;">house brand</td><td style="display: none;"></td><td style="display: none;"></td><td style="display: none;"></td><td style="display: none;"></td><td style="display: none;"></td><td style="display: none;"><a class="recipeLink" href="/recipe_ingredient_search_results.php?query=(_QU5E__1__________317__[]_1_1)">Recipes with pickled onions</a></td></tr><tr role="row" class="even"><td tabindex="0"><i class="fa fa-thumbs-down"></i></td><td class=" not_printable"><div class="addToGL" data-soscuisine-aisle="20" data-soscuisine-sip="3942137"><i class="fa fa-cart-plus" title="Add to My Grocery List"></i><div></div></div></td><td><img class="storeItemImage" alt="prepared mustard" src="/media/images/store_item/blank.jpg"></td><td>prepared mustard</td><td class="not_printable sorting_1">condiments</td><td><img style="width:50%;" src="/media/images/logos/marchands/13.png" alt="Jardin Mobile"></td><td><span itemprop="price">$4.99</span><span itemprop="eligibleQuantity" itemscope="" itemtype="http://schema.org/QuantitativeValue">/<span itemprop="unitText">375mL</span></span></td><td>$1.28/100g</td><td style="display: none;">2020-02-26</td><td style="display: none;"></td><td style="display: none;">Maille</td><td style="display: none;"></td><td style="display: none;"></td><td style="display: none;"></td><td style="display: none;"></td><td style="display: none;"></td><td style="display: none;"><a class="recipeLink" href="/recipe_ingredient_search_results.php?query=(_QU5E__1__________41__[]_1_1)">Recipes with prepared mustard</a></td></tr><tr role="row" class="odd"><td tabindex="0"><i class="fa fa-thumbs-down"></i></td><td class=" not_printable"><div class="addToGL" data-soscuisine-aisle="20" data-soscuisine-sip="3937901"><i class="fa fa-cart-plus" title="Add to My Grocery List"></i><div></div></div></td><td><img class="storeItemImage" alt="prepared mustard" src="/media/images/store_item/blank.jpg"></td><td>prepared mustard</td><td class="not_printable sorting_1">condiments</td><td><img style="width:50%;" src="/media/images/logos/marchands/1.png" alt="Metro"></td><td><span itemprop="price">$5.00</span><span itemprop="eligibleQuantity" itemscope="" itemtype="http://schema.org/QuantitativeValue">/<span itemprop="unitText">500mL</span></span></td><td>$0.96/100g</td><td style="display: none;">2020-02-26</td><td style="display: none;"></td><td style="display: none;">Maille</td><td style="display: none;"></td><td style="display: none;">Dijon</td><td style="display: none;"></td><td style="display: none;"></td><td style="display: none;"></td><td style="display: none;"><a class="recipeLink" href="/recipe_ingredient_search_results.php?query=(_QU5E__1__________41__[]_1_1)">Recipes with prepared mustard</a></td></tr><tr role="row" class="even"><td tabindex="0"><i class="fas fa-hand-rock"></i></td><td class=" not_printable"><div class="addToGL" data-soscuisine-aisle="20" data-soscuisine-sip="3938443"><i class="fa fa-cart-plus" title="Add to My Grocery List"></i><div></div></div></td><td><img class="storeItemImage" alt="salt" src="/media/images/store_item/blank.jpg"></td><td>salt</td><td class="not_printable sorting_1">condiments</td><td><img style="width:50%;" src="/media/images/logos/marchands/7.png" alt="Intermarché (Saveurs intl.)"></td><td><span itemprop="price">$1.50</span><span itemprop="eligibleQuantity" itemscope="" itemtype="http://schema.org/QuantitativeValue">/<span itemprop="unitText">1kg</span></span></td><td>$1.50/kg</td><td style="display: none;">2020-02-26</td><td style="display: none;"></td><td style="display: none;">Windsor</td><td style="display: none;"></td><td style="display: none;"></td><td style="display: none;"></td><td style="display: none;"></td><td style="display: none;"></td><td style="display: none;"><a class="recipeLink" href="/recipe_ingredient_search_results.php?query=(_QU5E__1__________560__[]_1_1)">Recipes with salt</a></td></tr><tr role="row" class="odd"><td tabindex="0"><i class="fas fa-hand-rock"></i></td><td class=" not_printable"><div class="addToGL" data-soscuisine-aisle="20" data-soscuisine-sip="3939031"><i class="fa fa-cart-plus" title="Add to My Grocery List"></i><div></div></div></td><td><img class="storeItemImage" alt="salt" src="/media/images/store_item/blank.jpg"></td><td>salt</td><td class="not_printable sorting_1">condiments</td><td><img style="width:50%;" src="/media/images/logos/marchands/64.png" alt="Mourelatos"></td><td><span itemprop="price">$0.89</span><span itemprop="eligibleQuantity" itemscope="" itemtype="http://schema.org/QuantitativeValue">/<span itemprop="unitText">750g</span></span></td><td>$1.19/kg</td><td style="display: none;">2020-02-26</td><td style="display: none;"></td><td style="display: none;">Xion</td><td style="display: none;"></td><td style="display: none;">sea</td><td style="display: none;"></td><td style="display: none;"></td><td style="display: none;">valid from 24 to 26 only</td><td style="display: none;"><a class="recipeLink" href="/recipe_ingredient_search_results.php?query=(_QU5E__1__________560__[]_1_1)">Recipes with salt</a></td></tr><tr role="row" class="even"><td tabindex="0"><i class="fa fa-thumbs-down"></i></td><td class=" not_printable"><div class="addToGL" data-soscuisine-aisle="20" data-soscuisine-sip="3937919"><i class="fa fa-cart-plus" title="Add to My Grocery List"></i><div></div></div></td><td><img class="storeItemImage" alt="soy sauce" src="/media/images/store_item/blank.jpg"></td><td>soy sauce</td><td class="not_printable sorting_1">condiments</td><td><img style="width:50%;" src="/media/images/logos/marchands/1.png" alt="Metro"></td><td><span itemprop="price">$5.00</span><span itemprop="eligibleQuantity" itemscope="" itemtype="http://schema.org/QuantitativeValue">/<span itemprop="value">2</span>x<span itemprop="unitText">380mL</span></span></td><td>$0.66/100mL</td><td style="display: none;">2020-02-26</td><td style="display: none;"></td><td style="display: none;">VH</td><td style="display: none;"></td><td style="display: none;"></td><td style="display: none;"></td><td style="display: none;"></td><td style="display: none;"></td><td style="display: none;"><a class="recipeLink" href="/recipe_ingredient_search_results.php?query=(_QU5E__1__________47__[]_1_1)">Recipes with soy sauce</a></td></tr><tr role="row" class="odd"><td tabindex="0"><i class="fa fa-thumbs-down"></i></td><td class=" not_printable"><div class="addToGL" data-soscuisine-aisle="20" data-soscuisine-sip="3940697"><i class="fa fa-cart-plus" title="Add to My Grocery List"></i><div></div></div></td><td><img class="storeItemImage" alt="soy sauce" src="/media/images/store_item/blank.jpg"></td><td>soy sauce</td><td class="not_printable sorting_1">condiments</td><td><img style="width:50%;" src="/media/images/logos/marchands/5.png" alt="Super C"></td><td><span itemprop="price">$5.00</span><span itemprop="eligibleQuantity" itemscope="" itemtype="http://schema.org/QuantitativeValue">/<span itemprop="value">2</span>x<span itemprop="unitText">380mL</span></span></td><td>$0.66/100mL</td><td style="display: none;">2020-02-26</td><td style="display: none;"></td><td style="display: none;">VH</td><td style="display: none;"></td><td style="display: none;"></td><td style="display: none;"></td><td style="display: none;"></td><td style="display: none;"></td><td style="display: none;"><a class="recipeLink" href="/recipe_ingredient_search_results.php?query=(_QU5E__1__________47__[]_1_1)">Recipes with soy sauce</a></td></tr><tr role="row" class="even"><td tabindex="0"><i class="fa fa-thumbs-down"></i></td><td class=" not_printable"><div class="addToGL" data-soscuisine-aisle="20" data-soscuisine-sip="3935977"><i class="fa fa-cart-plus" title="Add to My Grocery List"></i><div></div></div></td><td><img class="storeItemImage" alt="soy sauce" src="/media/images/store_item/blank.jpg"></td><td>soy sauce</td><td class="not_printable sorting_1">condiments</td><td><img style="width:50%;" src="/media/images/logos/marchands/62.png" alt="Supermarché PA"></td><td><span itemprop="price">$2.99</span><span itemprop="eligibleQuantity" itemscope="" itemtype="http://schema.org/QuantitativeValue">/<span itemprop="unitText">10oz (296mL)</span></span></td><td>$1.01/100mL</td><td style="display: none;">2020-02-23</td><td style="display: none;"></td><td style="display: none;">Kikkoman</td><td style="display: none;"></td><td style="display: none;"></td><td style="display: none;"></td><td style="display: none;"></td><td style="display: none;"></td><td style="display: none;"><a class="recipeLink" href="/recipe_ingredient_search_results.php?query=(_QU5E__1__________47__[]_1_1)">Recipes with soy sauce</a></td></tr><tr role="row" class="odd"><td tabindex="0"><i class="fa fa-thumbs-down"></i></td><td class=" not_printable"><div class="addToGL" data-soscuisine-aisle="20" data-soscuisine-sip="3939239"><i class="fa fa-cart-plus" title="Add to My Grocery List"></i><div></div></div></td><td><img class="storeItemImage" alt="Tahini paste" src="/media/images/store_item/blank.jpg"></td><td>Tahini paste</td><td class="not_printable sorting_1">condiments</td><td><img style="width:50%;" src="/media/images/logos/marchands/63.png" alt="Marché Adonis"></td><td><span itemprop="price">$7.00</span><span itemprop="eligibleQuantity" itemscope="" itemtype="http://schema.org/QuantitativeValue">/<span itemprop="value">2</span>x<span itemprop="unitText">454g (1lb)</span></span></td><td>$0.77/100g</td><td style="display: none;">2020-02-26</td><td style="display: none;"></td><td style="display: none;">Al-Rabih</td><td style="display: none;"></td><td style="display: none;"></td><td style="display: none;"></td><td style="display: none;"></td><td style="display: none;"></td><td style="display: none;"><a class="recipeLink" href="/recipe_ingredient_search_results.php?query=(_QU5E__1__________335__[]_1_1)">Recipes with Tahini paste</a></td></tr><tr role="row" class="even"><td tabindex="0"><i class="fa fa-thumbs-down"></i></td><td class=" not_printable"><div class="addToGL" data-soscuisine-aisle="20" data-soscuisine-sip="3939021"><i class="fa fa-cart-plus" title="Add to My Grocery List"></i><div></div></div></td><td><img class="storeItemImage" alt="Tahini paste" src="/media/images/store_item/blank.jpg"></td><td>Tahini paste</td><td class="not_printable sorting_1">condiments</td><td><img style="width:50%;" src="/media/images/logos/marchands/64.png" alt="Mourelatos"></td><td><span itemprop="price">$3.99</span><span itemprop="eligibleQuantity" itemscope="" itemtype="http://schema.org/QuantitativeValue">/<span itemprop="unitText">454g (1lb)</span></span></td><td>$0.88/100g</td><td style="display: none;">2020-02-25</td><td style="display: none;"></td><td style="display: none;">Cortas</td><td style="display: none;"></td><td style="display: none;"></td><td style="display: none;"></td><td style="display: none;"></td><td style="display: none;"></td><td style="display: none;"><a class="recipeLink" href="/recipe_ingredient_search_results.php?query=(_QU5E__1__________335__[]_1_1)">Recipes with Tahini paste</a></td></tr><tr role="row" class="odd"><td tabindex="0"><i class="fas fa-hand-rock"></i></td><td class=" not_printable"><div class="addToGL" data-soscuisine-aisle="20" data-soscuisine-sip="3939089"><i class="fa fa-cart-plus" title="Add to My Grocery List"></i><div></div></div></td><td><img class="storeItemImage" alt="tomato paste" src="/media/images/store_item/blank.jpg"></td><td>tomato paste</td><td class="not_printable sorting_1">condiments</td><td><img style="width:50%;" src="/media/images/logos/marchands/63.png" alt="Marché Adonis"></td><td><span itemprop="price">$3.00</span><span itemprop="eligibleQuantity" itemscope="" itemtype="http://schema.org/QuantitativeValue">/<span itemprop="value">5</span>x<span itemprop="unitText">156mL</span></span></td><td>$0.32/100g</td><td style="display: none;">2020-02-26</td><td style="display: none;"></td><td style="display: none;">Unico</td><td style="display: none;"></td><td style="display: none;"></td><td style="display: none;"></td><td style="display: none;"></td><td style="display: none;"></td><td style="display: none;"><a class="recipeLink" href="/recipe_ingredient_search_results.php?query=(_QU5E__1__________46__[]_1_1)">Recipes with tomato paste</a></td></tr><tr role="row" class="even"><td tabindex="0"><i class="fas fa-hand-rock"></i></td><td class=" not_printable"><div class="addToGL" data-soscuisine-aisle="20" data-soscuisine-sip="3937829"><i class="fa fa-cart-plus" title="Add to My Grocery List"></i><div></div></div></td><td><img class="storeItemImage" alt="tomato paste" src="/media/images/store_item/blank.jpg"></td><td>tomato paste</td><td class="not_printable sorting_1">condiments</td><td><img style="width:50%;" src="/media/images/logos/marchands/1.png" alt="Metro"></td><td><span itemprop="price">$3.00</span><span itemprop="eligibleQuantity" itemscope="" itemtype="http://schema.org/QuantitativeValue">/<span itemprop="value">4</span>x<span itemprop="unitText">156mL</span></span></td><td>$0.40/100g</td><td style="display: none;">2020-02-26</td><td style="display: none;"></td><td style="display: none;">Hunt's</td><td style="display: none;"></td><td style="display: none;"></td><td style="display: none;"></td><td style="display: none;"></td><td style="display: none;"></td><td style="display: none;"><a class="recipeLink" href="/recipe_ingredient_search_results.php?query=(_QU5E__1__________46__[]_1_1)">Recipes with tomato paste</a></td></tr><tr role="row" class="odd"><td tabindex="0"><i class="fas fa-hand-rock"></i></td><td class=" not_printable"><div class="addToGL" data-soscuisine-aisle="20" data-soscuisine-sip="3938083"><i class="fa fa-cart-plus" title="Add to My Grocery List"></i><div></div></div></td><td><img class="storeItemImage" alt="tomato paste" src="/media/images/store_item/blank.jpg"></td><td>tomato paste</td><td class="not_printable sorting_1">condiments</td><td><img style="width:50%;" src="/media/images/logos/marchands/2.png" alt="Provigo"></td><td><span itemprop="price">$4.98</span><span itemprop="eligibleQuantity" itemscope="" itemtype="http://schema.org/QuantitativeValue">/<span itemprop="value">3</span>x<span itemprop="unitText">369mL</span></span></td><td>$0.37/100g</td><td style="display: none;">2020-02-26</td><td style="display: none;"></td><td style="display: none;">Hunt's</td><td style="display: none;"></td><td style="display: none;"></td><td style="display: none;"></td><td style="display: none;"></td><td style="display: none;"></td><td style="display: none;"><a class="recipeLink" href="/recipe_ingredient_search_results.php?query=(_QU5E__1__________46__[]_1_1)">Recipes with tomato paste</a></td></tr><tr role="row" class="even"><td tabindex="0"><i class="fa fa-thumbs-down"></i></td><td class=" not_printable"><div class="addToGL" data-soscuisine-aisle="20" data-soscuisine-sip="3938081"><i class="fa fa-cart-plus" title="Add to My Grocery List"></i><div></div></div></td><td><img class="storeItemImage" alt="tomato paste" src="/media/images/store_item/blank.jpg"></td><td>tomato paste</td><td class="not_printable sorting_1">condiments</td><td><img style="width:50%;" src="/media/images/logos/marchands/2.png" alt="Provigo"></td><td><span itemprop="price">$1.99</span><span itemprop="eligibleQuantity" itemscope="" itemtype="http://schema.org/QuantitativeValue">/<span itemprop="unitText">369mL</span></span></td><td>$0.45/100g</td><td style="display: none;">2020-02-26</td><td style="display: none;"></td><td style="display: none;">Hunt's</td><td style="display: none;"></td><td style="display: none;"></td><td style="display: none;"></td><td style="display: none;"></td><td style="display: none;"></td><td style="display: none;"><a class="recipeLink" href="/recipe_ingredient_search_results.php?query=(_QU5E__1__________46__[]_1_1)">Recipes with tomato paste</a></td></tr><tr role="row" class="odd"><td tabindex="0"><i class="fas fa-hand-rock"></i></td><td class=" not_printable"><div class="addToGL" data-soscuisine-aisle="20" data-soscuisine-sip="3940713"><i class="fa fa-cart-plus" title="Add to My Grocery List"></i><div></div></div></td><td><img class="storeItemImage" alt="tomato paste" src="/media/images/store_item/blank.jpg"></td><td>tomato paste</td><td class="not_printable sorting_1">condiments</td><td><img style="width:50%;" src="/media/images/logos/marchands/5.png" alt="Super C"></td><td><span itemprop="price">$0.69</span><span itemprop="eligibleQuantity" itemscope="" itemtype="http://schema.org/QuantitativeValue">/<span itemprop="unitText">156mL</span></span></td><td>$0.37/100g</td><td style="display: none;">2020-02-26</td><td style="display: none;"></td><td style="display: none;">house brand</td><td style="display: none;"></td><td style="display: none;"></td><td style="display: none;"></td><td style="display: none;"></td><td style="display: none;"></td><td style="display: none;"><a class="recipeLink" href="/recipe_ingredient_search_results.php?query=(_QU5E__1__________46__[]_1_1)">Recipes with tomato paste</a></td></tr><tr role="row" class="even"><td tabindex="0"><i class="fas fa-exclamation"></i></td><td class=" not_printable"><div class="addToGL" data-soscuisine-aisle="20" data-soscuisine-sip="3938325"><i class="fa fa-cart-plus" title="Add to My Grocery List"></i><div></div></div></td><td><img class="storeItemImage" alt="Worcestershire sauce" src="/media/images/store_item/blank.jpg"></td><td>Worcestershire sauce</td><td class="not_printable sorting_1">condiments</td><td><img style="width:50%;" src="/media/images/logos/marchands/2.png" alt="Provigo"></td><td><span itemprop="price">$3.49</span><span itemprop="eligibleQuantity" itemscope="" itemtype="http://schema.org/QuantitativeValue">/<span itemprop="unitText">284mL</span></span></td><td>$1.23/100mL</td><td style="display: none;">2020-02-26</td><td style="display: none;"></td><td style="display: none;">Lea &amp; Perrins</td><td style="display: none;"></td><td style="display: none;"></td><td style="display: none;"></td><td style="display: none;"></td><td style="display: none;"></td><td style="display: none;"><a class="recipeLink" href="/recipe_ingredient_search_results.php?query=(_QU5E__1__________42__[]_1_1)">Recipes with Worcestershire sauce</a></td></tr><tr role="row" class="odd"><td tabindex="0"><i class="fa fa-thumbs-up"></i><i class="fa fa-thumbs-up"></i></td><td class=" not_printable"><div class="addToGL" data-soscuisine-aisle="21" data-soscuisine-sip="3939101"><i class="fa fa-cart-plus" title="Add to My Grocery List"></i><div></div></div></td><td><img class="storeItemImage" alt="almonds, shelled" src="/media/images/store_item/blank.jpg"></td><td>almonds, shelled</td><td class="not_printable sorting_1">nuts &amp; dried fruits</td><td><img style="width:50%;" src="/media/images/logos/marchands/63.png" alt="Marché Adonis"></td><td><span itemprop="price">$5.99</span><span itemprop="eligibleQuantity" itemscope="" itemtype="http://schema.org/QuantitativeValue">/<span itemprop="unitText">454g (1lb)</span></span></td><td>$1.32/100g</td><td style="display: none;">2020-02-26</td><td style="display: none;"></td><td style="display: none;">Cedar</td><td style="display: none;"></td><td style="display: none;"></td><td style="display: none;"></td><td style="display: none;"></td><td style="display: none;"></td><td style="display: none;"><a class="recipeLink" href="/recipe_ingredient_search_results.php?query=(_QU5E__1__________137__[]_1_1)">Recipes with almonds, shelled</a></td></tr><tr role="row" class="even"><td tabindex="0"><i class="fas fa-exclamation"></i></td><td class=" not_printable"><div class="addToGL" data-soscuisine-aisle="21" data-soscuisine-sip="3939151"><i class="fa fa-cart-plus" title="Add to My Grocery List"></i><div></div></div></td><td><img class="storeItemImage" alt="Brazil nuts" src="/media/images/store_item/blank.jpg"></td><td>Brazil nuts</td><td class="not_printable sorting_1">nuts &amp; dried fruits</td><td><img style="width:50%;" src="/media/images/logos/marchands/63.png" alt="Marché Adonis"></td><td><span itemprop="price">$9.99</span><span itemprop="eligibleQuantity" itemscope="" itemtype="http://schema.org/QuantitativeValue">/<span itemprop="unitText">lb</span></span></td><td>$2.20/100g</td><td style="display: none;">2020-02-26</td><td style="display: none;"></td><td style="display: none;"></td><td style="display: none;"></td><td style="display: none;"></td><td style="display: none;"></td><td style="display: none;"></td><td style="display: none;">roasted</td><td style="display: none;"><a class="recipeLink" href="/recipe_ingredient_search_results.php?query=(_QU5E__1__________142__[]_1_1)">Recipes with Brazil nuts</a></td></tr><tr role="row" class="odd"><td tabindex="0"><i class="fas fa-hand-rock"></i></td><td class=" not_printable"><div class="addToGL" data-soscuisine-aisle="21" data-soscuisine-sip="3939801"><i class="fa fa-cart-plus" title="Add to My Grocery List"></i><div></div></div></td><td><img class="storeItemImage" alt="cashew nuts" src="/media/images/store_item/blank.jpg"></td><td>cashew nuts</td><td class="not_printable sorting_1">nuts &amp; dried fruits</td><td><img style="width:50%;" src="/media/images/logos/marchands/3.png" alt="IGA"></td><td><span itemprop="price">$5.49</span><span itemprop="eligibleQuantity" itemscope="" itemtype="http://schema.org/QuantitativeValue">/<span itemprop="unitText">200g</span></span></td><td>$2.74/100g</td><td style="display: none;">2020-02-26</td><td style="display: none;"></td><td style="display: none;">Planters</td><td style="display: none;"></td><td style="display: none;"></td><td style="display: none;"></td><td style="display: none;"></td><td style="display: none;"></td><td style="display: none;"><a class="recipeLink" href="/recipe_ingredient_search_results.php?query=(_QU5E__1__________140__[]_1_1)">Recipes with cashew nuts</a></td></tr><tr role="row" class="even"><td tabindex="0"><i class="fa fa-thumbs-down"></i></td><td class=" not_printable"><div class="addToGL" data-soscuisine-aisle="21" data-soscuisine-sip="3937677"><i class="fa fa-cart-plus" title="Add to My Grocery List"></i><div></div></div></td><td><img class="storeItemImage" alt="cashew nuts" src="/media/images/store_item/blank.jpg"></td><td>cashew nuts</td><td class="not_printable sorting_1">nuts &amp; dried fruits</td><td><img style="width:50%;" src="/media/images/logos/marchands/1.png" alt="Metro"></td><td><span itemprop="price">$8.99</span><span itemprop="eligibleQuantity" itemscope="" itemtype="http://schema.org/QuantitativeValue">/<span itemprop="unitText">195g</span></span></td><td>$4.61/100g</td><td style="display: none;">2020-02-26</td><td style="display: none;"></td><td style="display: none;">Royal Nuts</td><td style="display: none;"></td><td style="display: none;"></td><td style="display: none;">Organic</td><td style="display: none;"></td><td style="display: none;"></td><td style="display: none;"><a class="recipeLink" href="/recipe_ingredient_search_results.php?query=(_QU5E__1__________140__[]_1_1)">Recipes with cashew nuts</a></td></tr><tr role="row" class="odd"><td tabindex="0"><i class="fa fa-thumbs-up"></i><i class="fa fa-thumbs-up"></i></td><td class=" not_printable"><div class="addToGL" data-soscuisine-aisle="21" data-soscuisine-sip="3936009"><i class="fa fa-cart-plus" title="Add to My Grocery List"></i><div></div></div></td><td><img class="storeItemImage" alt="cashew nuts" src="/media/images/store_item/blank.jpg"></td><td>cashew nuts</td><td class="not_printable sorting_1">nuts &amp; dried fruits</td><td><img style="width:50%;" src="/media/images/logos/marchands/62.png" alt="Supermarché PA"></td><td><span itemprop="price">$6.99</span><span itemprop="eligibleQuantity" itemscope="" itemtype="http://schema.org/QuantitativeValue">/<span itemprop="unitText">lb</span></span></td><td>$1.54/100g</td><td style="display: none;">2020-02-23</td><td style="display: none;"></td><td style="display: none;"></td><td style="display: none;"></td><td style="display: none;"></td><td style="display: none;"></td><td style="display: none;"></td><td style="display: none;"></td><td style="display: none;"><a class="recipeLink" href="/recipe_ingredient_search_results.php?query=(_QU5E__1__________140__[]_1_1)">Recipes with cashew nuts</a></td></tr><tr role="row" class="even"><td tabindex="0"><i class="fa fa-thumbs-up"></i><i class="fa fa-thumbs-up"></i></td><td class=" not_printable"><div class="addToGL" data-soscuisine-aisle="21" data-soscuisine-sip="3936013"><i class="fa fa-cart-plus" title="Add to My Grocery List"></i><div></div></div></td><td><img class="storeItemImage" alt="cashew nuts" src="/media/images/store_item/blank.jpg"></td><td>cashew nuts</td><td class="not_printable sorting_1">nuts &amp; dried fruits</td><td><img style="width:50%;" src="/media/images/logos/marchands/62.png" alt="Supermarché PA"></td><td><span itemprop="price">$4.29</span><span itemprop="eligibleQuantity" itemscope="" itemtype="http://schema.org/QuantitativeValue">/<span itemprop="unitText">275g</span></span></td><td>$1.56/100g</td><td style="display: none;">2020-02-23</td><td style="display: none;"></td><td style="display: none;"></td><td style="display: none;"></td><td style="display: none;"></td><td style="display: none;"></td><td style="display: none;"></td><td style="display: none;"></td><td style="display: none;"><a class="recipeLink" href="/recipe_ingredient_search_results.php?query=(_QU5E__1__________140__[]_1_1)">Recipes with cashew nuts</a></td></tr><tr role="row" class="odd"><td tabindex="0"><i class="fa fa-thumbs-down"></i></td><td class=" not_printable"><div class="addToGL" data-soscuisine-aisle="21" data-soscuisine-sip="3939317"><i class="fa fa-cart-plus" title="Add to My Grocery List"></i><div></div></div></td><td><img class="storeItemImage" alt="dates" src="/media/images/store_item/blank.jpg"></td><td>dates</td><td class="not_printable sorting_1">nuts &amp; dried fruits</td><td><img style="width:50%;" src="/media/images/logos/marchands/63.png" alt="Marché Adonis"></td><td><span itemprop="price">$8.49</span><span itemprop="eligibleQuantity" itemscope="" itemtype="http://schema.org/QuantitativeValue">/<span itemprop="unitText">1kg</span></span></td><td>$0.85/100g</td><td style="display: none;">2020-02-26</td><td style="display: none;"></td><td style="display: none;"></td><td style="display: none;"></td><td style="display: none;"></td><td style="display: none;"></td><td style="display: none;"></td><td style="display: none;">Saudian, Al Madinah</td><td style="display: none;"><a class="recipeLink" href="/recipe_ingredient_search_results.php?query=(_QU5E__1__________81__[]_1_1)">Recipes with dates</a></td></tr><tr role="row" class="even"><td tabindex="0"><i class="fa fa-thumbs-up"></i><i class="fa fa-thumbs-up"></i></td><td class=" not_printable"><div class="addToGL" data-soscuisine-aisle="21" data-soscuisine-sip="3937549"><i class="fa fa-cart-plus" title="Add to My Grocery List"></i><div></div></div></td><td><img class="storeItemImage" alt="dates" src="/media/images/store_item/blank.jpg"></td><td>dates</td><td class="not_printable sorting_1">nuts &amp; dried fruits</td><td><img style="width:50%;" src="/media/images/logos/marchands/6.png" alt="Maxi"></td><td><span itemprop="price">$2.00</span><span itemprop="eligibleQuantity" itemscope="" itemtype="http://schema.org/QuantitativeValue">/<span itemprop="unitText">500g</span></span></td><td>$0.40/100g</td><td style="display: none;">2020-02-26</td><td style="display: none;"></td><td style="display: none;">Jaffa</td><td style="display: none;"></td><td style="display: none;"></td><td style="display: none;"></td><td style="display: none;">pitted</td><td style="display: none;"></td><td style="display: none;"><a class="recipeLink" href="/recipe_ingredient_search_results.php?query=(_QU5E__1__________81__[]_1_1)">Recipes with dates</a></td></tr><tr role="row" class="odd"><td tabindex="0"><i class="fa fa-thumbs-down"></i></td><td class=" not_printable"><div class="addToGL" data-soscuisine-aisle="21" data-soscuisine-sip="3939065"><i class="fa fa-cart-plus" title="Add to My Grocery List"></i><div></div></div></td><td><img class="storeItemImage" alt="dates" src="/media/images/store_item/blank.jpg"></td><td>dates</td><td class="not_printable sorting_1">nuts &amp; dried fruits</td><td><img style="width:50%;" src="/media/images/logos/marchands/64.png" alt="Mourelatos"></td><td><span itemprop="price">$4.99</span><span itemprop="eligibleQuantity" itemscope="" itemtype="http://schema.org/QuantitativeValue">/<span itemprop="unitText">lb</span></span></td><td>$1.10/100g</td><td style="display: none;">2020-02-25</td><td style="display: none;"></td><td style="display: none;"></td><td style="display: none;"></td><td style="display: none;">Medjool</td><td style="display: none;"></td><td style="display: none;"></td><td style="display: none;"></td><td style="display: none;"><a class="recipeLink" href="/recipe_ingredient_search_results.php?query=(_QU5E__1__________81__[]_1_1)">Recipes with dates</a></td></tr><tr role="row" class="even"><td tabindex="0"><i class="fas fa-hand-rock"></i></td><td class=" not_printable"><div class="addToGL" data-soscuisine-aisle="21" data-soscuisine-sip="3939323"><i class="fa fa-cart-plus" title="Add to My Grocery List"></i><div></div></div></td><td><img class="storeItemImage" alt="dried figs" src="/media/images/store_item/blank.jpg"></td><td>dried figs</td><td class="not_printable sorting_1">nuts &amp; dried fruits</td><td><img style="width:50%;" src="/media/images/logos/marchands/63.png" alt="Marché Adonis"></td><td><span itemprop="price">$8.49</span><span itemprop="eligibleQuantity" itemscope="" itemtype="http://schema.org/QuantitativeValue">/<span itemprop="unitText">1kg</span></span></td><td>$0.85/100g</td><td style="display: none;">2020-02-26</td><td style="display: none;"></td><td style="display: none;"></td><td style="display: none;"></td><td style="display: none;"></td><td style="display: none;"></td><td style="display: none;"></td><td style="display: none;">Lerida</td><td style="display: none;"><a class="recipeLink" href="/recipe_ingredient_search_results.php?query=(_QU5E__1__________82__[]_1_1)">Recipes with dried figs</a></td></tr><tr role="row" class="odd"><td tabindex="0"><i class="fas fa-exclamation"></i></td><td class=" not_printable"><div class="addToGL" data-soscuisine-aisle="21" data-soscuisine-sip="3912949"><i class="fa fa-cart-plus" title="Add to My Grocery List"></i><div></div></div></td><td><img class="storeItemImage" alt="hemp seeds" src="/media/images/store_item/blank.jpg"></td><td>hemp seeds</td><td class="not_printable sorting_1">nuts &amp; dried fruits</td><td><img style="width:50%;" src="/media/images/logos/marchands/94.png" alt="Avril"></td><td><span itemprop="price">$13.99</span><span itemprop="eligibleQuantity" itemscope="" itemtype="http://schema.org/QuantitativeValue">/<span itemprop="unitText">500g</span></span></td><td>$2.80/100g</td><td style="display: none;">2020-03-03</td><td style="display: none;"></td><td style="display: none;">Les Moissonneries du pays</td><td style="display: none;"></td><td style="display: none;"></td><td style="display: none;"></td><td style="display: none;"></td><td style="display: none;"></td><td style="display: none;"><a class="recipeLink" href="/recipe_ingredient_search_results.php?query=(_QU5E__1__________1269__[]_1_1)">Recipes with hemp seeds</a></td></tr><tr role="row" class="even"><td tabindex="0"><i class="fas fa-exclamation"></i></td><td class=" not_printable"><div class="addToGL" data-soscuisine-aisle="21" data-soscuisine-sip="3912947"><i class="fa fa-cart-plus" title="Add to My Grocery List"></i><div></div></div></td><td><img class="storeItemImage" alt="hemp seeds" src="/media/images/store_item/blank.jpg"></td><td>hemp seeds</td><td class="not_printable sorting_1">nuts &amp; dried fruits</td><td><img style="width:50%;" src="/media/images/logos/marchands/94.png" alt="Avril"></td><td><span itemprop="price">$3.99</span><span itemprop="eligibleQuantity" itemscope="" itemtype="http://schema.org/QuantitativeValue">/<span itemprop="unitText">100g</span></span></td><td>$3.99/100g</td><td style="display: none;">2020-03-03</td><td style="display: none;"></td><td style="display: none;">Les Moissonneries du pays</td><td style="display: none;"></td><td style="display: none;"></td><td style="display: none;"></td><td style="display: none;"></td><td style="display: none;"></td><td style="display: none;"><a class="recipeLink" href="/recipe_ingredient_search_results.php?query=(_QU5E__1__________1269__[]_1_1)">Recipes with hemp seeds</a></td></tr><tr role="row" class="odd"><td tabindex="0"><i class="fas fa-exclamation"></i></td><td class=" not_printable"><div class="addToGL" data-soscuisine-aisle="21" data-soscuisine-sip="3937353"><i class="fa fa-cart-plus" title="Add to My Grocery List"></i><div></div></div></td><td><img class="storeItemImage" alt="hemp seeds" src="/media/images/store_item/blank.jpg"></td><td>hemp seeds</td><td class="not_printable sorting_1">nuts &amp; dried fruits</td><td><img style="width:50%;" src="/media/images/logos/marchands/95.png" alt="Marchés Tau"></td><td><span itemprop="price">$13.99</span><span itemprop="eligibleQuantity" itemscope="" itemtype="http://schema.org/QuantitativeValue">/<span itemprop="unitText">350g</span></span></td><td>$4.00/100g</td><td style="display: none;">2020-03-29</td><td style="display: none;"></td><td style="display: none;">Planet Hemp</td><td style="display: none;"></td><td style="display: none;"></td><td style="display: none;">Organic</td><td style="display: none;"></td><td style="display: none;"></td><td style="display: none;"><a class="recipeLink" href="/recipe_ingredient_search_results.php?query=(_QU5E__1__________1269__[]_1_1)">Recipes with hemp seeds</a></td></tr><tr role="row" class="even"><td tabindex="0"><i class="fa fa-thumbs-down"></i></td><td class=" not_printable"><div class="addToGL" data-soscuisine-aisle="21" data-soscuisine-sip="3937553"><i class="fa fa-cart-plus" title="Add to My Grocery List"></i><div></div></div></td><td><img class="storeItemImage" alt="peanuts" src="/media/images/store_item/blank.jpg"></td><td>peanuts</td><td class="not_printable sorting_1">nuts &amp; dried fruits</td><td><img style="width:50%;" src="/media/images/logos/marchands/6.png" alt="Maxi"></td><td><span itemprop="price">$2.00</span><span itemprop="eligibleQuantity" itemscope="" itemtype="http://schema.org/QuantitativeValue">/<span itemprop="unitText">300g</span></span></td><td>$0.67/100g</td><td style="display: none;">2020-02-26</td><td style="display: none;"></td><td style="display: none;">Planters</td><td style="display: none;"></td><td style="display: none;"></td><td style="display: none;"></td><td style="display: none;">roasted</td><td style="display: none;"></td><td style="display: none;"><a class="recipeLink" href="/recipe_ingredient_search_results.php?query=(_QU5E__1__________138__[]_1_1)">Recipes with peanuts</a></td></tr><tr role="row" class="odd"><td tabindex="0"><i class="fas fa-hand-rock"></i></td><td class=" not_printable"><div class="addToGL" data-soscuisine-aisle="21" data-soscuisine-sip="3940959"><i class="fa fa-cart-plus" title="Add to My Grocery List"></i><div></div></div></td><td><img class="storeItemImage" alt="peanuts" src="/media/images/store_item/blank.jpg"></td><td>peanuts</td><td class="not_printable sorting_1">nuts &amp; dried fruits</td><td><img style="width:50%;" src="/media/images/logos/marchands/12.png" alt="Richelieu"></td><td><span itemprop="price">$4.49</span><span itemprop="eligibleQuantity" itemscope="" itemtype="http://schema.org/QuantitativeValue">/<span itemprop="unitText">700g</span></span></td><td>$0.64/100g</td><td style="display: none;">2020-02-26</td><td style="display: none;"></td><td style="display: none;">house brand</td><td style="display: none;"></td><td style="display: none;"></td><td style="display: none;"></td><td style="display: none;">roasted</td><td style="display: none;"></td><td style="display: none;"><a class="recipeLink" href="/recipe_ingredient_search_results.php?query=(_QU5E__1__________138__[]_1_1)">Recipes with peanuts</a></td></tr><tr role="row" class="even"><td tabindex="0"><i class="fas fa-exclamation"></i></td><td class=" not_printable"><div class="addToGL" data-soscuisine-aisle="21" data-soscuisine-sip="3937631"><i class="fa fa-cart-plus" title="Add to My Grocery List"></i><div></div></div></td><td><img class="storeItemImage" alt="pistachios, shelled" src="/media/images/store_item/blank.jpg"></td><td>pistachios, shelled</td><td class="not_printable sorting_1">nuts &amp; dried fruits</td><td><img style="width:50%;" src="/media/images/logos/marchands/1.png" alt="Metro"></td><td><span itemprop="price">$8.99</span><span itemprop="eligibleQuantity" itemscope="" itemtype="http://schema.org/QuantitativeValue">/<span itemprop="unitText">6oz (171g)</span></span></td><td>$5.26/100g</td><td style="display: none;">2020-02-26</td><td style="display: none;"></td><td style="display: none;">Wonderful</td><td style="display: none;"></td><td style="display: none;"></td><td style="display: none;"></td><td style="display: none;"></td><td style="display: none;"></td><td style="display: none;"><a class="recipeLink" href="/recipe_ingredient_search_results.php?query=(_QU5E__1__________143__[]_1_1)">Recipes with pistachios, shelled</a></td></tr><tr role="row" class="odd"><td tabindex="0"><i class="fa fa-thumbs-down"></i></td><td class=" not_printable"><div class="addToGL" data-soscuisine-aisle="21" data-soscuisine-sip="3937681"><i class="fa fa-cart-plus" title="Add to My Grocery List"></i><div></div></div></td><td><img class="storeItemImage" alt="walnuts" src="/media/images/store_item/blank.jpg"></td><td>walnuts</td><td class="not_printable sorting_1">nuts &amp; dried fruits</td><td><img style="width:50%;" src="/media/images/logos/marchands/1.png" alt="Metro"></td><td><span itemprop="price">$8.99</span><span itemprop="eligibleQuantity" itemscope="" itemtype="http://schema.org/QuantitativeValue">/<span itemprop="unitText">140g</span></span></td><td>$6.42/100g</td><td style="display: none;">2020-02-26</td><td style="display: none;"></td><td style="display: none;">Royal Nuts</td><td style="display: none;"></td><td style="display: none;"></td><td style="display: none;">Organic</td><td style="display: none;"></td><td style="display: none;"></td><td style="display: none;"><a class="recipeLink" href="/recipe_ingredient_search_results.php?query=(_QU5E__1__________139__[]_1_1)">Recipes with walnuts</a></td></tr><tr role="row" class="even"><td tabindex="0"><i class="fas fa-hand-rock"></i></td><td class=" not_printable"><div class="addToGL" data-soscuisine-aisle="23" data-soscuisine-sip="3937879"><i class="fa fa-cart-plus" title="Add to My Grocery List"></i><div></div></div></td><td><img class="storeItemImage" alt="artichoke hearts, canned" src="/media/images/store_item/blank.jpg"></td><td>artichoke hearts, canned</td><td class="not_printable sorting_1">canned food</td><td><img style="width:50%;" src="/media/images/logos/marchands/1.png" alt="Metro"></td><td><span itemprop="price">$3.00</span><span itemprop="eligibleQuantity" itemscope="" itemtype="http://schema.org/QuantitativeValue">/<span itemprop="unitText">398mL</span></span></td><td>$0.75/100mL</td><td style="display: none;">2020-02-26</td><td style="display: none;"></td><td style="display: none;">house brand</td><td style="display: none;"></td><td style="display: none;"></td><td style="display: none;"></td><td style="display: none;"></td><td style="display: none;"></td><td style="display: none;"><a class="recipeLink" href="/recipe_ingredient_search_results.php?query=(_QU5E__1__________619__[]_1_1)">Recipes with artichoke hearts, canned</a></td></tr><tr role="row" class="odd"><td tabindex="0"><i class="fa fa-thumbs-down"></i></td><td class=" not_printable"><div class="addToGL" data-soscuisine-aisle="23" data-soscuisine-sip="3938733"><i class="fa fa-cart-plus" title="Add to My Grocery List"></i><div></div></div></td><td><img class="storeItemImage" alt="bean mix/medley (canned)" src="/media/images/store_item/blank.jpg"></td><td>bean mix/medley (canned)</td><td class="not_printable sorting_1">canned food</td><td><img style="width:50%;" src="/media/images/logos/marchands/69.png" alt="Intermarche (Provincial)"></td><td><span itemprop="price">$2.00</span><span itemprop="eligibleQuantity" itemscope="" itemtype="http://schema.org/QuantitativeValue">/<span itemprop="unitText">540mL</span></span></td><td>$3.70/L</td><td style="display: none;">2020-02-26</td><td style="display: none;"></td><td style="display: none;">house brand</td><td style="display: none;"></td><td style="display: none;"></td><td style="display: none;">Organic</td><td style="display: none;"></td><td style="display: none;"></td><td style="display: none;"><a class="recipeLink" href="/recipe_ingredient_search_results.php?query=(_QU5E__1__________313__[]_1_1)">Recipes with bean mix/medley (canned)</a></td></tr><tr role="row" class="even"><td tabindex="0"><i class="fa fa-thumbs-down"></i></td><td class=" not_printable"><div class="addToGL" data-soscuisine-aisle="23" data-soscuisine-sip="3938469"><i class="fa fa-cart-plus" title="Add to My Grocery List"></i><div></div></div></td><td><img class="storeItemImage" alt="bean mix/medley (canned)" src="/media/images/store_item/blank.jpg"></td><td>bean mix/medley (canned)</td><td class="not_printable sorting_1">canned food</td><td><img style="width:50%;" src="/media/images/logos/marchands/7.png" alt="Intermarché (Saveurs intl.)"></td><td><span itemprop="price">$2.00</span><span itemprop="eligibleQuantity" itemscope="" itemtype="http://schema.org/QuantitativeValue">/<span itemprop="unitText">540mL</span></span></td><td>$3.70/L</td><td style="display: none;">2020-02-26</td><td style="display: none;"></td><td style="display: none;">house brand</td><td style="display: none;"></td><td style="display: none;"></td><td style="display: none;">Organic</td><td style="display: none;"></td><td style="display: none;"></td><td style="display: none;"><a class="recipeLink" href="/recipe_ingredient_search_results.php?query=(_QU5E__1__________313__[]_1_1)">Recipes with bean mix/medley (canned)</a></td></tr><tr role="row" class="odd"><td tabindex="0"><i class="fa fa-thumbs-down"></i></td><td class=" not_printable"><div class="addToGL" data-soscuisine-aisle="23" data-soscuisine-sip="3912961"><i class="fa fa-cart-plus" title="Add to My Grocery List"></i><div></div></div></td><td><img class="storeItemImage" alt="chickpeas/garbanzo beans, canned" src="/media/images/store_item/blank.jpg"></td><td>chickpeas/garbanzo beans, canned</td><td class="not_printable sorting_1">canned food</td><td><img style="width:50%;" src="/media/images/logos/marchands/94.png" alt="Avril"></td><td><span itemprop="price">$4.99</span><span itemprop="eligibleQuantity" itemscope="" itemtype="http://schema.org/QuantitativeValue">/<span itemprop="value">3</span>x<span itemprop="unitText">398mL</span></span></td><td>$4.18/L</td><td style="display: none;">2020-03-03</td><td style="display: none;"></td><td style="display: none;">Bioitalia</td><td style="display: none;"></td><td style="display: none;"></td><td style="display: none;">Organic</td><td style="display: none;"></td><td style="display: none;"></td><td style="display: none;"><a class="recipeLink" href="/recipe_ingredient_search_results.php?query=(_QU5E__1__________376__[]_1_1)">Recipes with chickpeas/garbanzo beans, canned</a></td></tr><tr role="row" class="even"><td tabindex="0"><i class="fa fa-thumbs-down"></i></td><td class=" not_printable"><div class="addToGL" data-soscuisine-aisle="23" data-soscuisine-sip="3912967"><i class="fa fa-cart-plus" title="Add to My Grocery List"></i><div></div></div></td><td><img class="storeItemImage" alt="chickpeas/garbanzo beans, canned" src="/media/images/store_item/blank.jpg"></td><td>chickpeas/garbanzo beans, canned</td><td class="not_printable sorting_1">canned food</td><td><img style="width:50%;" src="/media/images/logos/marchands/94.png" alt="Avril"></td><td><span itemprop="price">$2.49</span><span itemprop="eligibleQuantity" itemscope="" itemtype="http://schema.org/QuantitativeValue">/<span itemprop="unitText">398mL</span></span></td><td>$6.26/L</td><td style="display: none;">2020-03-03</td><td style="display: none;"></td><td style="display: none;">Bioitalia</td><td style="display: none;"></td><td style="display: none;"></td><td style="display: none;">Organic</td><td style="display: none;"></td><td style="display: none;"></td><td style="display: none;"><a class="recipeLink" href="/recipe_ingredient_search_results.php?query=(_QU5E__1__________376__[]_1_1)">Recipes with chickpeas/garbanzo beans, canned</a></td></tr><tr role="row" class="odd"><td tabindex="0"><i class="fa fa-thumbs-up"></i></td><td class=" not_printable"><div class="addToGL" data-soscuisine-aisle="23" data-soscuisine-sip="3939823"><i class="fa fa-cart-plus" title="Add to My Grocery List"></i><div></div></div></td><td><img class="storeItemImage" alt="chickpeas/garbanzo beans, canned" src="/media/images/store_item/blank.jpg"></td><td>chickpeas/garbanzo beans, canned</td><td class="not_printable sorting_1">canned food</td><td><img style="width:50%;" src="/media/images/logos/marchands/3.png" alt="IGA"></td><td><span itemprop="price">$0.99</span><span itemprop="eligibleQuantity" itemscope="" itemtype="http://schema.org/QuantitativeValue">/<span itemprop="unitText">540mL</span></span></td><td>$1.83/L</td><td style="display: none;">2020-02-26</td><td style="display: none;"></td><td style="display: none;">house brand</td><td style="display: none;"></td><td style="display: none;"></td><td style="display: none;"></td><td style="display: none;"></td><td style="display: none;"></td><td style="display: none;"><a class="recipeLink" href="/recipe_ingredient_search_results.php?query=(_QU5E__1__________376__[]_1_1)">Recipes with chickpeas/garbanzo beans, canned</a></td></tr><tr role="row" class="even"><td tabindex="0"><i class="fas fa-hand-rock"></i></td><td class=" not_printable"><div class="addToGL" data-soscuisine-aisle="23" data-soscuisine-sip="3938071"><i class="fa fa-cart-plus" title="Add to My Grocery List"></i><div></div></div></td><td><img class="storeItemImage" alt="chickpeas/garbanzo beans, canned" src="/media/images/store_item/blank.jpg"></td><td>chickpeas/garbanzo beans, canned</td><td class="not_printable sorting_1">canned food</td><td><img style="width:50%;" src="/media/images/logos/marchands/7.png" alt="Intermarché (Saveurs intl.)"></td><td><span itemprop="price">$1.00</span><span itemprop="eligibleQuantity" itemscope="" itemtype="http://schema.org/QuantitativeValue">/<span itemprop="unitText">540mL</span></span></td><td>$1.85/L</td><td style="display: none;">2020-02-26</td><td style="display: none;"></td><td style="display: none;">Aurora</td><td style="display: none;"></td><td style="display: none;"></td><td style="display: none;"></td><td style="display: none;"></td><td style="display: none;"></td><td style="display: none;"><a class="recipeLink" href="/recipe_ingredient_search_results.php?query=(_QU5E__1__________376__[]_1_1)">Recipes with chickpeas/garbanzo beans, canned</a></td></tr><tr role="row" class="odd"><td tabindex="0"><i class="fa fa-thumbs-up"></i><i class="fa fa-thumbs-up"></i></td><td class=" not_printable"><div class="addToGL" data-soscuisine-aisle="23" data-soscuisine-sip="3939253"><i class="fa fa-cart-plus" title="Add to My Grocery List"></i><div></div></div></td><td><img class="storeItemImage" alt="chickpeas/garbanzo beans, canned" src="/media/images/store_item/blank.jpg"></td><td>chickpeas/garbanzo beans, canned</td><td class="not_printable sorting_1">canned food</td><td><img style="width:50%;" src="/media/images/logos/marchands/63.png" alt="Marché Adonis"></td><td><span itemprop="price">$0.79</span><span itemprop="eligibleQuantity" itemscope="" itemtype="http://schema.org/QuantitativeValue">/<span itemprop="unitText">540mL</span></span></td><td>$1.46/L</td><td style="display: none;">2020-02-26</td><td style="display: none;"></td><td style="display: none;">Cedar</td><td style="display: none;"></td><td style="display: none;"></td><td style="display: none;"></td><td style="display: none;"></td><td style="display: none;"></td><td style="display: none;"><a class="recipeLink" href="/recipe_ingredient_search_results.php?query=(_QU5E__1__________376__[]_1_1)">Recipes with chickpeas/garbanzo beans, canned</a></td></tr><tr role="row" class="even"><td tabindex="0"><i class="fa fa-thumbs-down"></i></td><td class=" not_printable"><div class="addToGL" data-soscuisine-aisle="23" data-soscuisine-sip="3937357"><i class="fa fa-cart-plus" title="Add to My Grocery List"></i><div></div></div></td><td><img class="storeItemImage" alt="chickpeas/garbanzo beans, canned" src="/media/images/store_item/blank.jpg"></td><td>chickpeas/garbanzo beans, canned</td><td class="not_printable sorting_1">canned food</td><td><img style="width:50%;" src="/media/images/logos/marchands/95.png" alt="Marchés Tau"></td><td><span itemprop="price">$4.99</span><span itemprop="eligibleQuantity" itemscope="" itemtype="http://schema.org/QuantitativeValue">/<span itemprop="unitText">796mL</span></span></td><td>$6.27/L</td><td style="display: none;">2020-03-29</td><td style="display: none;"></td><td style="display: none;">Eden</td><td style="display: none;"></td><td style="display: none;"></td><td style="display: none;">Organic</td><td style="display: none;"></td><td style="display: none;"></td><td style="display: none;"><a class="recipeLink" href="/recipe_ingredient_search_results.php?query=(_QU5E__1__________376__[]_1_1)">Recipes with chickpeas/garbanzo beans, canned</a></td></tr><tr role="row" class="odd"><td tabindex="0"><i class="fas fa-hand-rock"></i></td><td class=" not_printable"><div class="addToGL" data-soscuisine-aisle="23" data-soscuisine-sip="3937835"><i class="fa fa-cart-plus" title="Add to My Grocery List"></i><div></div></div></td><td><img class="storeItemImage" alt="chickpeas/garbanzo beans, canned" src="/media/images/store_item/blank.jpg"></td><td>chickpeas/garbanzo beans, canned</td><td class="not_printable sorting_1">canned food</td><td><img style="width:50%;" src="/media/images/logos/marchands/1.png" alt="Metro"></td><td><span itemprop="price">$4.00</span><span itemprop="eligibleQuantity" itemscope="" itemtype="http://schema.org/QuantitativeValue">/<span itemprop="value">3</span>x<span itemprop="unitText">540mL</span></span></td><td>$2.47/L</td><td style="display: none;">2020-02-26</td><td style="display: none;"></td><td style="display: none;">Primo</td><td style="display: none;"></td><td style="display: none;"></td><td style="display: none;"></td><td style="display: none;"></td><td style="display: none;"></td><td style="display: none;"><a class="recipeLink" href="/recipe_ingredient_search_results.php?query=(_QU5E__1__________376__[]_1_1)">Recipes with chickpeas/garbanzo beans, canned</a></td></tr><tr role="row" class="even"><td tabindex="0"><i class="fa fa-thumbs-down"></i></td><td class=" not_printable"><div class="addToGL" data-soscuisine-aisle="23" data-soscuisine-sip="3939793"><i class="fa fa-cart-plus" title="Add to My Grocery List"></i><div></div></div></td><td><img class="storeItemImage" alt="coconut water" src="/media/images/store_item/blank.jpg"></td><td>coconut water</td><td class="not_printable sorting_1">canned food</td><td><img style="width:50%;" src="/media/images/logos/marchands/3.png" alt="IGA"></td><td><span itemprop="price">$4.99</span><span itemprop="eligibleQuantity" itemscope="" itemtype="http://schema.org/QuantitativeValue">/<span itemprop="unitText">1L</span></span></td><td>$4.99/L</td><td style="display: none;">2020-02-26</td><td style="display: none;"></td><td style="display: none;">Thirsty Buddha</td><td style="display: none;"></td><td style="display: none;">organic</td><td style="display: none;"></td><td style="display: none;"></td><td style="display: none;"></td><td style="display: none;"><a class="recipeLink" href="/recipe_ingredient_search_results.php?query=(_QU5E__1__________1141__[]_1_1)">Recipes with coconut water</a></td></tr><tr role="row" class="odd"><td tabindex="0"><i class="fa fa-thumbs-up"></i><i class="fa fa-thumbs-up"></i></td><td class=" not_printable"><div class="addToGL" data-soscuisine-aisle="23" data-soscuisine-sip="3938731"><i class="fa fa-cart-plus" title="Add to My Grocery List"></i><div></div></div></td><td><img class="storeItemImage" alt="coconut water" src="/media/images/store_item/blank.jpg"></td><td>coconut water</td><td class="not_printable sorting_1">canned food</td><td><img style="width:50%;" src="/media/images/logos/marchands/69.png" alt="Intermarche (Provincial)"></td><td><span itemprop="price">$2.99</span><span itemprop="eligibleQuantity" itemscope="" itemtype="http://schema.org/QuantitativeValue">/<span itemprop="unitText">1L</span></span></td><td>$2.99/L</td><td style="display: none;">2020-02-26</td><td style="display: none;"></td><td style="display: none;"></td><td style="display: none;"></td><td style="display: none;"></td><td style="display: none;"></td><td style="display: none;"></td><td style="display: none;">UFC</td><td style="display: none;"><a class="recipeLink" href="/recipe_ingredient_search_results.php?query=(_QU5E__1__________1141__[]_1_1)">Recipes with coconut water</a></td></tr><tr role="row" class="even"><td tabindex="0"><i class="fa fa-thumbs-down"></i></td><td class=" not_printable"><div class="addToGL" data-soscuisine-aisle="23" data-soscuisine-sip="3938725"><i class="fa fa-cart-plus" title="Add to My Grocery List"></i><div></div></div></td><td><img class="storeItemImage" alt="coconut water" src="/media/images/store_item/blank.jpg"></td><td>coconut water</td><td class="not_printable sorting_1">canned food</td><td><img style="width:50%;" src="/media/images/logos/marchands/69.png" alt="Intermarche (Provincial)"></td><td><span itemprop="price">$5.99</span><span itemprop="eligibleQuantity" itemscope="" itemtype="http://schema.org/QuantitativeValue">/<span itemprop="unitText">1L</span></span></td><td>$5.99/L</td><td style="display: none;">2020-02-26</td><td style="display: none;"></td><td style="display: none;">Vita Coco</td><td style="display: none;"></td><td style="display: none;"></td><td style="display: none;"></td><td style="display: none;"></td><td style="display: none;"></td><td style="display: none;"><a class="recipeLink" href="/recipe_ingredient_search_results.php?query=(_QU5E__1__________1141__[]_1_1)">Recipes with coconut water</a></td></tr><tr role="row" class="odd"><td tabindex="0"><i class="fa fa-thumbs-down"></i></td><td class=" not_printable"><div class="addToGL" data-soscuisine-aisle="23" data-soscuisine-sip="3938357"><i class="fa fa-cart-plus" title="Add to My Grocery List"></i><div></div></div></td><td><img class="storeItemImage" alt="coconut water" src="/media/images/store_item/blank.jpg"></td><td>coconut water</td><td class="not_printable sorting_1">canned food</td><td><img style="width:50%;" src="/media/images/logos/marchands/7.png" alt="Intermarché (Saveurs intl.)"></td><td><span itemprop="price">$5.99</span><span itemprop="eligibleQuantity" itemscope="" itemtype="http://schema.org/QuantitativeValue">/<span itemprop="unitText">1L</span></span></td><td>$5.99/L</td><td style="display: none;">2020-02-26</td><td style="display: none;"></td><td style="display: none;">Vita Coco</td><td style="display: none;"></td><td style="display: none;"></td><td style="display: none;"></td><td style="display: none;"></td><td style="display: none;"></td><td style="display: none;"><a class="recipeLink" href="/recipe_ingredient_search_results.php?query=(_QU5E__1__________1141__[]_1_1)">Recipes with coconut water</a></td></tr><tr role="row" class="even"><td tabindex="0"><i class="fas fa-hand-rock"></i></td><td class=" not_printable"><div class="addToGL" data-soscuisine-aisle="23" data-soscuisine-sip="3937569"><i class="fa fa-cart-plus" title="Add to My Grocery List"></i><div></div></div></td><td><img class="storeItemImage" alt="corn, canned" src="/media/images/store_item/blank.jpg"></td><td>corn, canned</td><td class="not_printable sorting_1">canned food</td><td><img style="width:50%;" src="/media/images/logos/marchands/6.png" alt="Maxi"></td><td><span itemprop="price">$1.00</span><span itemprop="eligibleQuantity" itemscope="" itemtype="http://schema.org/QuantitativeValue">/<span itemprop="unitText">341mL</span></span></td><td>$0.33/100g</td><td style="display: none;">2020-02-26</td><td style="display: none;"></td><td style="display: none;">house brand</td><td style="display: none;"></td><td style="display: none;"></td><td style="display: none;"></td><td style="display: none;"></td><td style="display: none;"></td><td style="display: none;"><a class="recipeLink" href="/recipe_ingredient_search_results.php?query=(_QU5E__1__________420__[]_1_1)">Recipes with corn, canned</a></td></tr><tr role="row" class="odd"><td tabindex="0"><i class="fa fa-thumbs-down"></i></td><td class=" not_printable"><div class="addToGL" data-soscuisine-aisle="23" data-soscuisine-sip="3937833"><i class="fa fa-cart-plus" title="Add to My Grocery List"></i><div></div></div></td><td><img class="storeItemImage" alt="corn, canned" src="/media/images/store_item/blank.jpg"></td><td>corn, canned</td><td class="not_printable sorting_1">canned food</td><td><img style="width:50%;" src="/media/images/logos/marchands/1.png" alt="Metro"></td><td><span itemprop="price">$4.00</span><span itemprop="eligibleQuantity" itemscope="" itemtype="http://schema.org/QuantitativeValue">/<span itemprop="value">3</span>x<span itemprop="unitText">341mL</span></span></td><td>$0.44/100g</td><td style="display: none;">2020-02-26</td><td style="display: none;"></td><td style="display: none;">Del Monte</td><td style="display: none;"></td><td style="display: none;"></td><td style="display: none;"></td><td style="display: none;"></td><td style="display: none;"></td><td style="display: none;"><a class="recipeLink" href="/recipe_ingredient_search_results.php?query=(_QU5E__1__________420__[]_1_1)">Recipes with corn, canned</a></td></tr><tr role="row" class="even"><td tabindex="0"><i class="fa fa-thumbs-up"></i></td><td class=" not_printable"><div class="addToGL" data-soscuisine-aisle="23" data-soscuisine-sip="3940425"><i class="fa fa-cart-plus" title="Add to My Grocery List"></i><div></div></div></td><td><img class="storeItemImage" alt="corn, canned" src="/media/images/store_item/blank.jpg"></td><td>corn, canned</td><td class="not_printable sorting_1">canned food</td><td><img style="width:50%;" src="/media/images/logos/marchands/5.png" alt="Super C"></td><td><span itemprop="price">$0.88</span><span itemprop="eligibleQuantity" itemscope="" itemtype="http://schema.org/QuantitativeValue">/<span itemprop="unitText">341mL</span></span></td><td>$0.29/100g</td><td style="display: none;">2020-02-26</td><td style="display: none;"></td><td style="display: none;">Green Giant</td><td style="display: none;"></td><td style="display: none;"></td><td style="display: none;"></td><td style="display: none;"></td><td style="display: none;"></td><td style="display: none;"><a class="recipeLink" href="/recipe_ingredient_search_results.php?query=(_QU5E__1__________420__[]_1_1)">Recipes with corn, canned</a></td></tr><tr role="row" class="odd"><td tabindex="0"><i class="fas fa-hand-rock"></i></td><td class=" not_printable"><div class="addToGL" data-soscuisine-aisle="23" data-soscuisine-sip="3940543"><i class="fa fa-cart-plus" title="Add to My Grocery List"></i><div></div></div></td><td><img class="storeItemImage" alt="corn, canned" src="/media/images/store_item/blank.jpg"></td><td>corn, canned</td><td class="not_printable sorting_1">canned food</td><td><img style="width:50%;" src="/media/images/logos/marchands/11.png" alt="Tradition"></td><td><span itemprop="price">$0.99</span><span itemprop="eligibleQuantity" itemscope="" itemtype="http://schema.org/QuantitativeValue">/<span itemprop="unitText">341mL</span></span></td><td>$0.33/100g</td><td style="display: none;">2020-02-26</td><td style="display: none;"></td><td style="display: none;">Green Giant</td><td style="display: none;"></td><td style="display: none;"></td><td style="display: none;"></td><td style="display: none;"></td><td style="display: none;"></td><td style="display: none;"><a class="recipeLink" href="/recipe_ingredient_search_results.php?query=(_QU5E__1__________420__[]_1_1)">Recipes with corn, canned</a></td></tr><tr role="row" class="even"><td tabindex="0"><i class="fas fa-hand-rock"></i></td><td class=" not_printable"><div class="addToGL" data-soscuisine-aisle="23" data-soscuisine-sip="3937877"><i class="fa fa-cart-plus" title="Add to My Grocery List"></i><div></div></div></td><td><img class="storeItemImage" alt="hearts of palm, canned" src="/media/images/store_item/blank.jpg"></td><td>hearts of palm, canned</td><td class="not_printable sorting_1">canned food</td><td><img style="width:50%;" src="/media/images/logos/marchands/1.png" alt="Metro"></td><td><span itemprop="price">$3.00</span><span itemprop="eligibleQuantity" itemscope="" itemtype="http://schema.org/QuantitativeValue">/<span itemprop="unitText">398mL</span></span></td><td>$0.75/100mL</td><td style="display: none;">2020-02-26</td><td style="display: none;"></td><td style="display: none;">house brand</td><td style="display: none;"></td><td style="display: none;"></td><td style="display: none;"></td><td style="display: none;"></td><td style="display: none;"></td><td style="display: none;"><a class="recipeLink" href="/recipe_ingredient_search_results.php?query=(_QU5E__1__________626__[]_1_1)">Recipes with hearts of palm, canned</a></td></tr><tr role="row" class="odd"><td tabindex="0"><i class="fa fa-thumbs-up"></i><i class="fa fa-thumbs-up"></i></td><td class=" not_printable"><div class="addToGL" data-soscuisine-aisle="23" data-soscuisine-sip="3939819"><i class="fa fa-cart-plus" title="Add to My Grocery List"></i><div></div></div></td><td><img class="storeItemImage" alt="legumes, canned" src="/media/images/store_item/blank.jpg"></td><td>legumes, canned</td><td class="not_printable sorting_1">canned food</td><td><img style="width:50%;" src="/media/images/logos/marchands/3.png" alt="IGA"></td><td><span itemprop="price">$0.99</span><span itemprop="eligibleQuantity" itemscope="" itemtype="http://schema.org/QuantitativeValue">/<span itemprop="unitText">540mL</span></span></td><td>$1.83/L</td><td style="display: none;">2020-02-26</td><td style="display: none;"></td><td style="display: none;">house brand</td><td style="display: none;"></td><td style="display: none;"></td><td style="display: none;"></td><td style="display: none;"></td><td style="display: none;"></td><td style="display: none;"><a class="recipeLink" href="/recipe_ingredient_search_results.php?query=(_QU5E__1__________593__[]_1_1)">Recipes with legumes, canned</a></td></tr><tr role="row" class="even"><td tabindex="0"><i class="fa fa-thumbs-up"></i></td><td class=" not_printable"><div class="addToGL" data-soscuisine-aisle="23" data-soscuisine-sip="3938585"><i class="fa fa-cart-plus" title="Add to My Grocery List"></i><div></div></div></td><td><img class="storeItemImage" alt="legumes, canned" src="/media/images/store_item/blank.jpg"></td><td>legumes, canned</td><td class="not_printable sorting_1">canned food</td><td><img style="width:50%;" src="/media/images/logos/marchands/69.png" alt="Intermarche (Provincial)"></td><td><span itemprop="price">$1.00</span><span itemprop="eligibleQuantity" itemscope="" itemtype="http://schema.org/QuantitativeValue">/<span itemprop="unitText">540mL</span></span></td><td>$1.85/L</td><td style="display: none;">2020-02-26</td><td style="display: none;"></td><td style="display: none;">Unico</td><td style="display: none;"></td><td style="display: none;">beans</td><td style="display: none;"></td><td style="display: none;"></td><td style="display: none;"></td><td style="display: none;"><a class="recipeLink" href="/recipe_ingredient_search_results.php?query=(_QU5E__1__________593__[]_1_1)">Recipes with legumes, canned</a></td></tr><tr role="row" class="odd"><td tabindex="0"><i class="fas fa-hand-rock"></i></td><td class=" not_printable"><div class="addToGL" data-soscuisine-aisle="23" data-soscuisine-sip="3938735"><i class="fa fa-cart-plus" title="Add to My Grocery List"></i><div></div></div></td><td><img class="storeItemImage" alt="legumes, canned" src="/media/images/store_item/blank.jpg"></td><td>legumes, canned</td><td class="not_printable sorting_1">canned food</td><td><img style="width:50%;" src="/media/images/logos/marchands/69.png" alt="Intermarche (Provincial)"></td><td><span itemprop="price">$2.00</span><span itemprop="eligibleQuantity" itemscope="" itemtype="http://schema.org/QuantitativeValue">/<span itemprop="unitText">540mL</span></span></td><td>$3.70/L</td><td style="display: none;">2020-02-26</td><td style="display: none;"></td><td style="display: none;">house brand</td><td style="display: none;"></td><td style="display: none;">beans</td><td style="display: none;">Organic</td><td style="display: none;"></td><td style="display: none;"></td><td style="display: none;"><a class="recipeLink" href="/recipe_ingredient_search_results.php?query=(_QU5E__1__________593__[]_1_1)">Recipes with legumes, canned</a></td></tr><tr role="row" class="even"><td tabindex="0"><i class="fa fa-thumbs-up"></i></td><td class=" not_printable"><div class="addToGL" data-soscuisine-aisle="23" data-soscuisine-sip="3938075"><i class="fa fa-cart-plus" title="Add to My Grocery List"></i><div></div></div></td><td><img class="storeItemImage" alt="legumes, canned" src="/media/images/store_item/blank.jpg"></td><td>legumes, canned</td><td class="not_printable sorting_1">canned food</td><td><img style="width:50%;" src="/media/images/logos/marchands/7.png" alt="Intermarché (Saveurs intl.)"></td><td><span itemprop="price">$1.00</span><span itemprop="eligibleQuantity" itemscope="" itemtype="http://schema.org/QuantitativeValue">/<span itemprop="unitText">540mL</span></span></td><td>$1.85/L</td><td style="display: none;">2020-02-26</td><td style="display: none;"></td><td style="display: none;">Aurora</td><td style="display: none;"></td><td style="display: none;">beans</td><td style="display: none;"></td><td style="display: none;"></td><td style="display: none;">or Unico</td><td style="display: none;"><a class="recipeLink" href="/recipe_ingredient_search_results.php?query=(_QU5E__1__________593__[]_1_1)">Recipes with legumes, canned</a></td></tr><tr role="row" class="odd"><td tabindex="0"><i class="fas fa-hand-rock"></i></td><td class=" not_printable"><div class="addToGL" data-soscuisine-aisle="23" data-soscuisine-sip="3938471"><i class="fa fa-cart-plus" title="Add to My Grocery List"></i><div></div></div></td><td><img class="storeItemImage" alt="legumes, canned" src="/media/images/store_item/blank.jpg"></td><td>legumes, canned</td><td class="not_printable sorting_1">canned food</td><td><img style="width:50%;" src="/media/images/logos/marchands/7.png" alt="Intermarché (Saveurs intl.)"></td><td><span itemprop="price">$2.00</span><span itemprop="eligibleQuantity" itemscope="" itemtype="http://schema.org/QuantitativeValue">/<span itemprop="unitText">540mL</span></span></td><td>$3.70/L</td><td style="display: none;">2020-02-26</td><td style="display: none;"></td><td style="display: none;">house brand</td><td style="display: none;"></td><td style="display: none;">beans</td><td style="display: none;">Organic</td><td style="display: none;"></td><td style="display: none;"></td><td style="display: none;"><a class="recipeLink" href="/recipe_ingredient_search_results.php?query=(_QU5E__1__________593__[]_1_1)">Recipes with legumes, canned</a></td></tr><tr role="row" class="even"><td tabindex="0"><i class="fa fa-thumbs-up"></i><i class="fa fa-thumbs-up"></i></td><td class=" not_printable"><div class="addToGL" data-soscuisine-aisle="23" data-soscuisine-sip="3939261"><i class="fa fa-cart-plus" title="Add to My Grocery List"></i><div></div></div></td><td><img class="storeItemImage" alt="legumes, canned" src="/media/images/store_item/blank.jpg"></td><td>legumes, canned</td><td class="not_printable sorting_1">canned food</td><td><img style="width:50%;" src="/media/images/logos/marchands/63.png" alt="Marché Adonis"></td><td><span itemprop="price">$0.79</span><span itemprop="eligibleQuantity" itemscope="" itemtype="http://schema.org/QuantitativeValue">/<span itemprop="unitText">540mL</span></span></td><td>$1.46/L</td><td style="display: none;">2020-02-26</td><td style="display: none;"></td><td style="display: none;">Cedar</td><td style="display: none;"></td><td style="display: none;">beans</td><td style="display: none;"></td><td style="display: none;"></td><td style="display: none;"></td><td style="display: none;"><a class="recipeLink" href="/recipe_ingredient_search_results.php?query=(_QU5E__1__________593__[]_1_1)">Recipes with legumes, canned</a></td></tr><tr role="row" class="odd"><td tabindex="0"><i class="fa fa-thumbs-down"></i></td><td class=" not_printable"><div class="addToGL" data-soscuisine-aisle="23" data-soscuisine-sip="3937355"><i class="fa fa-cart-plus" title="Add to My Grocery List"></i><div></div></div></td><td><img class="storeItemImage" alt="legumes, canned" src="/media/images/store_item/blank.jpg"></td><td>legumes, canned</td><td class="not_printable sorting_1">canned food</td><td><img style="width:50%;" src="/media/images/logos/marchands/95.png" alt="Marchés Tau"></td><td><span itemprop="price">$4.99</span><span itemprop="eligibleQuantity" itemscope="" itemtype="http://schema.org/QuantitativeValue">/<span itemprop="unitText">796mL</span></span></td><td>$6.27/L</td><td style="display: none;">2020-03-29</td><td style="display: none;"></td><td style="display: none;">Eden</td><td style="display: none;"></td><td style="display: none;"></td><td style="display: none;">Organic</td><td style="display: none;"></td><td style="display: none;"></td><td style="display: none;"><a class="recipeLink" href="/recipe_ingredient_search_results.php?query=(_QU5E__1__________593__[]_1_1)">Recipes with legumes, canned</a></td></tr><tr role="row" class="even"><td tabindex="0"><i class="fas fa-hand-rock"></i></td><td class=" not_printable"><div class="addToGL" data-soscuisine-aisle="23" data-soscuisine-sip="3937831"><i class="fa fa-cart-plus" title="Add to My Grocery List"></i><div></div></div></td><td><img class="storeItemImage" alt="legumes, canned" src="/media/images/store_item/blank.jpg"></td><td>legumes, canned</td><td class="not_printable sorting_1">canned food</td><td><img style="width:50%;" src="/media/images/logos/marchands/1.png" alt="Metro"></td><td><span itemprop="price">$4.00</span><span itemprop="eligibleQuantity" itemscope="" itemtype="http://schema.org/QuantitativeValue">/<span itemprop="value">3</span>x<span itemprop="unitText">540mL</span></span></td><td>$2.47/L</td><td style="display: none;">2020-02-26</td><td style="display: none;"></td><td style="display: none;">Primo</td><td style="display: none;"></td><td style="display: none;"></td><td style="display: none;"></td><td style="display: none;"></td><td style="display: none;"></td><td style="display: none;"><a class="recipeLink" href="/recipe_ingredient_search_results.php?query=(_QU5E__1__________593__[]_1_1)">Recipes with legumes, canned</a></td></tr><tr role="row" class="odd"><td tabindex="0"><i class="fa fa-thumbs-up"></i><i class="fa fa-thumbs-up"></i></td><td class=" not_printable"><div class="addToGL" data-soscuisine-aisle="23" data-soscuisine-sip="3940431"><i class="fa fa-cart-plus" title="Add to My Grocery List"></i><div></div></div></td><td><img class="storeItemImage" alt="legumes, canned" src="/media/images/store_item/blank.jpg"></td><td>legumes, canned</td><td class="not_printable sorting_1">canned food</td><td><img style="width:50%;" src="/media/images/logos/marchands/5.png" alt="Super C"></td><td><span itemprop="price">$0.88</span><span itemprop="eligibleQuantity" itemscope="" itemtype="http://schema.org/QuantitativeValue">/<span itemprop="unitText">540mL</span></span></td><td>$1.63/L</td><td style="display: none;">2020-02-26</td><td style="display: none;"></td><td style="display: none;">Cedar</td><td style="display: none;"></td><td style="display: none;"></td><td style="display: none;"></td><td style="display: none;"></td><td style="display: none;"></td><td style="display: none;"><a class="recipeLink" href="/recipe_ingredient_search_results.php?query=(_QU5E__1__________593__[]_1_1)">Recipes with legumes, canned</a></td></tr><tr role="row" class="even"><td tabindex="0"><i class="fa fa-thumbs-up"></i><i class="fa fa-thumbs-up"></i></td><td class=" not_printable"><div class="addToGL" data-soscuisine-aisle="23" data-soscuisine-sip="3940783"><i class="fa fa-cart-plus" title="Add to My Grocery List"></i><div></div></div></td><td><img class="storeItemImage" alt="legumes, canned" src="/media/images/store_item/blank.jpg"></td><td>legumes, canned</td><td class="not_printable sorting_1">canned food</td><td><img style="width:50%;" src="/media/images/logos/marchands/11.png" alt="Tradition"></td><td><span itemprop="price">$0.99</span><span itemprop="eligibleQuantity" itemscope="" itemtype="http://schema.org/QuantitativeValue">/<span itemprop="unitText">540mL</span></span></td><td>$1.83/L</td><td style="display: none;">2020-02-26</td><td style="display: none;"></td><td style="display: none;">house brand</td><td style="display: none;"></td><td style="display: none;"></td><td style="display: none;"></td><td style="display: none;"></td><td style="display: none;"></td><td style="display: none;"><a class="recipeLink" href="/recipe_ingredient_search_results.php?query=(_QU5E__1__________593__[]_1_1)">Recipes with legumes, canned</a></td></tr><tr role="row" class="odd"><td tabindex="0"><i class="fa fa-thumbs-up"></i><i class="fa fa-thumbs-up"></i></td><td class=" not_printable"><div class="addToGL" data-soscuisine-aisle="23" data-soscuisine-sip="3937817"><i class="fa fa-cart-plus" title="Add to My Grocery List"></i><div></div></div></td><td><img class="storeItemImage" alt="pineapple, canned" src="/media/images/store_item/blank.jpg"></td><td>pineapple, canned</td><td class="not_printable sorting_1">canned food</td><td><img style="width:50%;" src="/media/images/logos/marchands/1.png" alt="Metro"></td><td><span itemprop="price">$3.00</span><span itemprop="eligibleQuantity" itemscope="" itemtype="http://schema.org/QuantitativeValue">/<span itemprop="value">2</span>x<span itemprop="unitText">540mL</span></span></td><td>$0.24/100g</td><td style="display: none;">2020-02-26</td><td style="display: none;"></td><td style="display: none;">house brand</td><td style="display: none;"></td><td style="display: none;"></td><td style="display: none;"></td><td style="display: none;"></td><td style="display: none;"></td><td style="display: none;"><a class="recipeLink" href="/recipe_ingredient_search_results.php?query=(_QU5E__1__________459__[]_1_1)">Recipes with pineapple, canned</a></td></tr><tr role="row" class="even"><td tabindex="0"><i class="fa fa-thumbs-up"></i></td><td class=" not_printable"><div class="addToGL" data-soscuisine-aisle="23" data-soscuisine-sip="3940935"><i class="fa fa-cart-plus" title="Add to My Grocery List"></i><div></div></div></td><td><img class="storeItemImage" alt="pineapple, canned" src="/media/images/store_item/blank.jpg"></td><td>pineapple, canned</td><td class="not_printable sorting_1">canned food</td><td><img style="width:50%;" src="/media/images/logos/marchands/12.png" alt="Richelieu"></td><td><span itemprop="price">$3.00</span><span itemprop="eligibleQuantity" itemscope="" itemtype="http://schema.org/QuantitativeValue">/<span itemprop="value">2</span>x<span itemprop="unitText">398mL</span></span></td><td>$0.32/100g</td><td style="display: none;">2020-02-26</td><td style="display: none;"></td><td style="display: none;">Dole</td><td style="display: none;"></td><td style="display: none;"></td><td style="display: none;"></td><td style="display: none;"></td><td style="display: none;"></td><td style="display: none;"><a class="recipeLink" href="/recipe_ingredient_search_results.php?query=(_QU5E__1__________459__[]_1_1)">Recipes with pineapple, canned</a></td></tr><tr role="row" class="odd"><td tabindex="0"><i class="fa fa-thumbs-up"></i></td><td class=" not_printable"><div class="addToGL" data-soscuisine-aisle="23" data-soscuisine-sip="3939825"><i class="fa fa-cart-plus" title="Add to My Grocery List"></i><div></div></div></td><td><img class="storeItemImage" alt="red beans (canned)" src="/media/images/store_item/blank.jpg"></td><td>red beans (canned)</td><td class="not_printable sorting_1">canned food</td><td><img style="width:50%;" src="/media/images/logos/marchands/3.png" alt="IGA"></td><td><span itemprop="price">$0.99</span><span itemprop="eligibleQuantity" itemscope="" itemtype="http://schema.org/QuantitativeValue">/<span itemprop="unitText">540mL</span></span></td><td>$1.83/L</td><td style="display: none;">2020-02-26</td><td style="display: none;"></td><td style="display: none;">house brand</td><td style="display: none;"></td><td style="display: none;"></td><td style="display: none;"></td><td style="display: none;"></td><td style="display: none;"></td><td style="display: none;"><a class="recipeLink" href="/recipe_ingredient_search_results.php?query=(_QU5E__1__________432__[]_1_1)">Recipes with red beans (canned)</a></td></tr><tr role="row" class="even"><td tabindex="0"><i class="fa fa-thumbs-up"></i></td><td class=" not_printable"><div class="addToGL" data-soscuisine-aisle="23" data-soscuisine-sip="3938583"><i class="fa fa-cart-plus" title="Add to My Grocery List"></i><div></div></div></td><td><img class="storeItemImage" alt="red beans (canned)" src="/media/images/store_item/blank.jpg"></td><td>red beans (canned)</td><td class="not_printable sorting_1">canned food</td><td><img style="width:50%;" src="/media/images/logos/marchands/69.png" alt="Intermarche (Provincial)"></td><td><span itemprop="price">$1.00</span><span itemprop="eligibleQuantity" itemscope="" itemtype="http://schema.org/QuantitativeValue">/<span itemprop="unitText">540mL</span></span></td><td>$1.85/L</td><td style="display: none;">2020-02-26</td><td style="display: none;"></td><td style="display: none;">Unico</td><td style="display: none;"></td><td style="display: none;"></td><td style="display: none;"></td><td style="display: none;"></td><td style="display: none;"></td><td style="display: none;"><a class="recipeLink" href="/recipe_ingredient_search_results.php?query=(_QU5E__1__________432__[]_1_1)">Recipes with red beans (canned)</a></td></tr><tr role="row" class="odd"><td tabindex="0"><i class="fa fa-thumbs-up"></i></td><td class=" not_printable"><div class="addToGL" data-soscuisine-aisle="23" data-soscuisine-sip="3938093"><i class="fa fa-cart-plus" title="Add to My Grocery List"></i><div></div></div></td><td><img class="storeItemImage" alt="red beans (canned)" src="/media/images/store_item/blank.jpg"></td><td>red beans (canned)</td><td class="not_printable sorting_1">canned food</td><td><img style="width:50%;" src="/media/images/logos/marchands/7.png" alt="Intermarché (Saveurs intl.)"></td><td><span itemprop="price">$1.00</span><span itemprop="eligibleQuantity" itemscope="" itemtype="http://schema.org/QuantitativeValue">/<span itemprop="unitText">540mL</span></span></td><td>$1.85/L</td><td style="display: none;">2020-02-26</td><td style="display: none;"></td><td style="display: none;">Unico</td><td style="display: none;"></td><td style="display: none;"></td><td style="display: none;"></td><td style="display: none;"></td><td style="display: none;"></td><td style="display: none;"><a class="recipeLink" href="/recipe_ingredient_search_results.php?query=(_QU5E__1__________432__[]_1_1)">Recipes with red beans (canned)</a></td></tr><tr role="row" class="even"><td tabindex="0"><i class="fa fa-thumbs-up"></i><i class="fa fa-thumbs-up"></i></td><td class=" not_printable"><div class="addToGL" data-soscuisine-aisle="23" data-soscuisine-sip="3939267"><i class="fa fa-cart-plus" title="Add to My Grocery List"></i><div></div></div></td><td><img class="storeItemImage" alt="red beans (canned)" src="/media/images/store_item/blank.jpg"></td><td>red beans (canned)</td><td class="not_printable sorting_1">canned food</td><td><img style="width:50%;" src="/media/images/logos/marchands/63.png" alt="Marché Adonis"></td><td><span itemprop="price">$0.79</span><span itemprop="eligibleQuantity" itemscope="" itemtype="http://schema.org/QuantitativeValue">/<span itemprop="unitText">540mL</span></span></td><td>$1.46/L</td><td style="display: none;">2020-02-26</td><td style="display: none;"></td><td style="display: none;">Cedar</td><td style="display: none;"></td><td style="display: none;"></td><td style="display: none;"></td><td style="display: none;"></td><td style="display: none;"></td><td style="display: none;"><a class="recipeLink" href="/recipe_ingredient_search_results.php?query=(_QU5E__1__________432__[]_1_1)">Recipes with red beans (canned)</a></td></tr><tr role="row" class="odd"><td tabindex="0"><i class="fa fa-thumbs-up"></i></td><td class=" not_printable"><div class="addToGL" data-soscuisine-aisle="23" data-soscuisine-sip="3938509"><i class="fa fa-cart-plus" title="Add to My Grocery List"></i><div></div></div></td><td><img class="storeItemImage" alt="salmon, canned" src="/media/images/store_item/blank.jpg"></td><td>salmon, canned</td><td class="not_printable sorting_1">canned food</td><td><img style="width:50%;" src="/media/images/logos/marchands/6.png" alt="Maxi"></td><td><span itemprop="price">$2.00</span><span itemprop="eligibleQuantity" itemscope="" itemtype="http://schema.org/QuantitativeValue">/<span itemprop="unitText">5oz (142g)</span></span></td><td>$1.41/100g</td><td style="display: none;">2020-02-26</td><td style="display: none;"></td><td style="display: none;">Clover leaf</td><td style="display: none;"></td><td style="display: none;">pink</td><td style="display: none;"></td><td style="display: none;"></td><td style="display: none;"></td><td style="display: none;"><a class="recipeLink" href="/recipe_ingredient_search_results.php?query=(_QU5E__1__________403__[]_1_1)">Recipes with salmon, canned</a></td></tr><tr role="row" class="even"><td tabindex="0"><i class="fas fa-hand-rock"></i></td><td class=" not_printable"><div class="addToGL" data-soscuisine-aisle="23" data-soscuisine-sip="3938047"><i class="fa fa-cart-plus" title="Add to My Grocery List"></i><div></div></div></td><td><img class="storeItemImage" alt="salmon, canned" src="/media/images/store_item/blank.jpg"></td><td>salmon, canned</td><td class="not_printable sorting_1">canned food</td><td><img style="width:50%;" src="/media/images/logos/marchands/2.png" alt="Provigo"></td><td><span itemprop="price">$3.99</span><span itemprop="eligibleQuantity" itemscope="" itemtype="http://schema.org/QuantitativeValue">/<span itemprop="unitText">7.5oz (213g)</span></span></td><td>$1.88/100g</td><td style="display: none;">2020-02-26</td><td style="display: none;"></td><td style="display: none;">Clover leaf</td><td style="display: none;"></td><td style="display: none;">Sockeye</td><td style="display: none;"></td><td style="display: none;"></td><td style="display: none;"></td><td style="display: none;"><a class="recipeLink" href="/recipe_ingredient_search_results.php?query=(_QU5E__1__________403__[]_1_1)">Recipes with salmon, canned</a></td></tr><tr role="row" class="odd"><td tabindex="0"><i class="fa fa-thumbs-down"></i></td><td class=" not_printable"><div class="addToGL" data-soscuisine-aisle="23" data-soscuisine-sip="3938589"><i class="fa fa-cart-plus" title="Add to My Grocery List"></i><div></div></div></td><td><img class="storeItemImage" alt="sardines, tinned" src="/media/images/store_item/blank.jpg"></td><td>sardines, tinned</td><td class="not_printable sorting_1">canned food</td><td><img style="width:50%;" src="/media/images/logos/marchands/69.png" alt="Intermarche (Provincial)"></td><td><span itemprop="price">$1.50</span><span itemprop="eligibleQuantity" itemscope="" itemtype="http://schema.org/QuantitativeValue">/<span itemprop="unitText">106g</span></span></td><td>$1.42/100g</td><td style="display: none;">2020-02-26</td><td style="display: none;"></td><td style="display: none;">Brunswick</td><td style="display: none;"></td><td style="display: none;"></td><td style="display: none;"></td><td style="display: none;"></td><td style="display: none;"></td><td style="display: none;"><a class="recipeLink" href="/recipe_ingredient_search_results.php?query=(_QU5E__1__________181__[]_1_1)">Recipes with sardines, tinned</a></td></tr><tr role="row" class="even"><td tabindex="0"><i class="fa fa-thumbs-down"></i></td><td class=" not_printable"><div class="addToGL" data-soscuisine-aisle="23" data-soscuisine-sip="3937369"><i class="fa fa-cart-plus" title="Add to My Grocery List"></i><div></div></div></td><td><img class="storeItemImage" alt="sardines, tinned" src="/media/images/store_item/blank.jpg"></td><td>sardines, tinned</td><td class="not_printable sorting_1">canned food</td><td><img style="width:50%;" src="/media/images/logos/marchands/95.png" alt="Marchés Tau"></td><td><span itemprop="price">$3.99</span><span itemprop="eligibleQuantity" itemscope="" itemtype="http://schema.org/QuantitativeValue">/<span itemprop="unitText">120g</span></span></td><td>$3.33/100g</td><td style="display: none;">2020-03-29</td><td style="display: none;"></td><td style="display: none;">Raincoast Trading</td><td style="display: none;"></td><td style="display: none;"></td><td style="display: none;"></td><td style="display: none;"></td><td style="display: none;"></td><td style="display: none;"><a class="recipeLink" href="/recipe_ingredient_search_results.php?query=(_QU5E__1__________181__[]_1_1)">Recipes with sardines, tinned</a></td></tr><tr role="row" class="odd"><td tabindex="0"><i class="fa fa-thumbs-up"></i></td><td class=" not_printable"><div class="addToGL" data-soscuisine-aisle="23" data-soscuisine-sip="3941029"><i class="fa fa-cart-plus" title="Add to My Grocery List"></i><div></div></div></td><td><img class="storeItemImage" alt="sardines, tinned" src="/media/images/store_item/blank.jpg"></td><td>sardines, tinned</td><td class="not_printable sorting_1">canned food</td><td><img style="width:50%;" src="/media/images/logos/marchands/73.png" alt="Walmart"></td><td><span itemprop="price">$0.97</span><span itemprop="eligibleQuantity" itemscope="" itemtype="http://schema.org/QuantitativeValue">/<span itemprop="unitText">106g</span></span></td><td>$0.92/100g</td><td style="display: none;">2020-02-26</td><td style="display: none;"></td><td style="display: none;">Brunswick</td><td style="display: none;"></td><td style="display: none;"></td><td style="display: none;"></td><td style="display: none;"></td><td style="display: none;"></td><td style="display: none;"><a class="recipeLink" href="/recipe_ingredient_search_results.php?query=(_QU5E__1__________181__[]_1_1)">Recipes with sardines, tinned</a></td></tr><tr role="row" class="even"><td tabindex="0"><i class="fa fa-thumbs-down"></i></td><td class=" not_printable"><div class="addToGL" data-soscuisine-aisle="23" data-soscuisine-sip="3939737"><i class="fa fa-cart-plus" title="Add to My Grocery List"></i><div></div></div></td><td><img class="storeItemImage" alt="tomato juice" src="/media/images/store_item/blank.jpg"></td><td>tomato juice</td><td class="not_printable sorting_1">canned food</td><td><img style="width:50%;" src="/media/images/logos/marchands/10.png" alt="Bonichoix"></td><td><span itemprop="price">$5.00</span><span itemprop="eligibleQuantity" itemscope="" itemtype="http://schema.org/QuantitativeValue">/<span itemprop="value">4</span>x<span itemprop="unitText">540mL</span></span></td><td>$2.31/L</td><td style="display: none;">2020-02-26</td><td style="display: none;"></td><td style="display: none;">Heinz</td><td style="display: none;"></td><td style="display: none;"></td><td style="display: none;"></td><td style="display: none;"></td><td style="display: none;"></td><td style="display: none;"><a class="recipeLink" href="/recipe_ingredient_search_results.php?query=(_QU5E__1__________586__[]_1_1)">Recipes with tomato juice</a></td></tr><tr role="row" class="odd"><td tabindex="0"><i class="fa fa-thumbs-down"></i></td><td class=" not_printable"><div class="addToGL" data-soscuisine-aisle="23" data-soscuisine-sip="3940839"><i class="fa fa-cart-plus" title="Add to My Grocery List"></i><div></div></div></td><td><img class="storeItemImage" alt="tomato juice" src="/media/images/store_item/blank.jpg"></td><td>tomato juice</td><td class="not_printable sorting_1">canned food</td><td><img style="width:50%;" src="/media/images/logos/marchands/11.png" alt="Tradition"></td><td><span itemprop="price">$5.00</span><span itemprop="eligibleQuantity" itemscope="" itemtype="http://schema.org/QuantitativeValue">/<span itemprop="value">4</span>x<span itemprop="unitText">540mL</span></span></td><td>$2.31/L</td><td style="display: none;">2020-02-26</td><td style="display: none;"></td><td style="display: none;">Heinz</td><td style="display: none;"></td><td style="display: none;"></td><td style="display: none;"></td><td style="display: none;"></td><td style="display: none;"></td><td style="display: none;"><a class="recipeLink" href="/recipe_ingredient_search_results.php?query=(_QU5E__1__________586__[]_1_1)">Recipes with tomato juice</a></td></tr><tr role="row" class="even"><td tabindex="0"><i class="fa fa-thumbs-down"></i></td><td class=" not_printable"><div class="addToGL" data-soscuisine-aisle="23" data-soscuisine-sip="3939813"><i class="fa fa-cart-plus" title="Add to My Grocery List"></i><div></div></div></td><td><img class="storeItemImage" alt="tomatoes, canned" src="/media/images/store_item/blank.jpg"></td><td>tomatoes, canned</td><td class="not_printable sorting_1">canned food</td><td><img style="width:50%;" src="/media/images/logos/marchands/3.png" alt="IGA"></td><td><span itemprop="price">$3.00</span><span itemprop="eligibleQuantity" itemscope="" itemtype="http://schema.org/QuantitativeValue">/<span itemprop="value">2</span>x<span itemprop="unitText">398mL</span></span></td><td>$3.77/L</td><td style="display: none;">2020-02-26</td><td style="display: none;"></td><td style="display: none;">Hunt's</td><td style="display: none;"></td><td style="display: none;"></td><td style="display: none;"></td><td style="display: none;">diced</td><td style="display: none;">heirloom</td><td style="display: none;"><a class="recipeLink" href="/recipe_ingredient_search_results.php?query=(_QU5E__1__________294__[]_1_1)">Recipes with tomatoes, canned</a></td></tr><tr role="row" class="odd"><td tabindex="0"><i class="fa fa-thumbs-up"></i></td><td class=" not_printable"><div class="addToGL" data-soscuisine-aisle="23" data-soscuisine-sip="3938587"><i class="fa fa-cart-plus" title="Add to My Grocery List"></i><div></div></div></td><td><img class="storeItemImage" alt="tomatoes, canned" src="/media/images/store_item/blank.jpg"></td><td>tomatoes, canned</td><td class="not_printable sorting_1">canned food</td><td><img style="width:50%;" src="/media/images/logos/marchands/69.png" alt="Intermarche (Provincial)"></td><td><span itemprop="price">$1.00</span><span itemprop="eligibleQuantity" itemscope="" itemtype="http://schema.org/QuantitativeValue">/<span itemprop="unitText">796mL</span></span></td><td>$1.26/L</td><td style="display: none;">2020-02-26</td><td style="display: none;"></td><td style="display: none;">Unico</td><td style="display: none;"></td><td style="display: none;"></td><td style="display: none;"></td><td style="display: none;"></td><td style="display: none;"></td><td style="display: none;"><a class="recipeLink" href="/recipe_ingredient_search_results.php?query=(_QU5E__1__________294__[]_1_1)">Recipes with tomatoes, canned</a></td></tr><tr role="row" class="even"><td tabindex="0"><i class="fa fa-thumbs-up"></i></td><td class=" not_printable"><div class="addToGL" data-soscuisine-aisle="23" data-soscuisine-sip="3938089"><i class="fa fa-cart-plus" title="Add to My Grocery List"></i><div></div></div></td><td><img class="storeItemImage" alt="tomatoes, canned" src="/media/images/store_item/blank.jpg"></td><td>tomatoes, canned</td><td class="not_printable sorting_1">canned food</td><td><img style="width:50%;" src="/media/images/logos/marchands/7.png" alt="Intermarché (Saveurs intl.)"></td><td><span itemprop="price">$1.00</span><span itemprop="eligibleQuantity" itemscope="" itemtype="http://schema.org/QuantitativeValue">/<span itemprop="unitText">796mL</span></span></td><td>$1.26/L</td><td style="display: none;">2020-02-26</td><td style="display: none;"></td><td style="display: none;">Unico</td><td style="display: none;"></td><td style="display: none;"></td><td style="display: none;"></td><td style="display: none;"></td><td style="display: none;"></td><td style="display: none;"><a class="recipeLink" href="/recipe_ingredient_search_results.php?query=(_QU5E__1__________294__[]_1_1)">Recipes with tomatoes, canned</a></td></tr><tr role="row" class="odd"><td tabindex="0"><i class="fas fa-hand-rock"></i></td><td class=" not_printable"><div class="addToGL" data-soscuisine-aisle="23" data-soscuisine-sip="3938451"><i class="fa fa-cart-plus" title="Add to My Grocery List"></i><div></div></div></td><td><img class="storeItemImage" alt="tomatoes, canned" src="/media/images/store_item/blank.jpg"></td><td>tomatoes, canned</td><td class="not_printable sorting_1">canned food</td><td><img style="width:50%;" src="/media/images/logos/marchands/7.png" alt="Intermarché (Saveurs intl.)"></td><td><span itemprop="price">$1.25</span><span itemprop="eligibleQuantity" itemscope="" itemtype="http://schema.org/QuantitativeValue">/<span itemprop="unitText">796mL</span></span></td><td>$1.57/L</td><td style="display: none;">2020-02-26</td><td style="display: none;"></td><td style="display: none;">Aurora</td><td style="display: none;"></td><td style="display: none;"></td><td style="display: none;"></td><td style="display: none;"></td><td style="display: none;"></td><td style="display: none;"><a class="recipeLink" href="/recipe_ingredient_search_results.php?query=(_QU5E__1__________294__[]_1_1)">Recipes with tomatoes, canned</a></td></tr><tr role="row" class="even"><td tabindex="0"><i class="fa fa-thumbs-down"></i></td><td class=" not_printable"><div class="addToGL" data-soscuisine-aisle="23" data-soscuisine-sip="3937343"><i class="fa fa-cart-plus" title="Add to My Grocery List"></i><div></div></div></td><td><img class="storeItemImage" alt="tomatoes, canned" src="/media/images/store_item/blank.jpg"></td><td>tomatoes, canned</td><td class="not_printable sorting_1">canned food</td><td><img style="width:50%;" src="/media/images/logos/marchands/95.png" alt="Marchés Tau"></td><td><span itemprop="price">$7.00</span><span itemprop="eligibleQuantity" itemscope="" itemtype="http://schema.org/QuantitativeValue">/<span itemprop="value">2</span>x<span itemprop="unitText">796mL</span></span></td><td>$4.40/L</td><td style="display: none;">2020-03-29</td><td style="display: none;"></td><td style="display: none;">Bioitalia</td><td style="display: none;"></td><td style="display: none;"></td><td style="display: none;">Organic</td><td style="display: none;"></td><td style="display: none;"></td><td style="display: none;"><a class="recipeLink" href="/recipe_ingredient_search_results.php?query=(_QU5E__1__________294__[]_1_1)">Recipes with tomatoes, canned</a></td></tr><tr role="row" class="odd"><td tabindex="0"><i class="fa fa-thumbs-up"></i></td><td class=" not_printable"><div class="addToGL" data-soscuisine-aisle="23" data-soscuisine-sip="3937567"><i class="fa fa-cart-plus" title="Add to My Grocery List"></i><div></div></div></td><td><img class="storeItemImage" alt="tomatoes, canned" src="/media/images/store_item/blank.jpg"></td><td>tomatoes, canned</td><td class="not_printable sorting_1">canned food</td><td><img style="width:50%;" src="/media/images/logos/marchands/6.png" alt="Maxi"></td><td><span itemprop="price">$1.00</span><span itemprop="eligibleQuantity" itemscope="" itemtype="http://schema.org/QuantitativeValue">/<span itemprop="unitText">796mL</span></span></td><td>$1.26/L</td><td style="display: none;">2020-02-26</td><td style="display: none;"></td><td style="display: none;">house brand</td><td style="display: none;"></td><td style="display: none;"></td><td style="display: none;"></td><td style="display: none;">diced or chopped</td><td style="display: none;"></td><td style="display: none;"><a class="recipeLink" href="/recipe_ingredient_search_results.php?query=(_QU5E__1__________294__[]_1_1)">Recipes with tomatoes, canned</a></td></tr><tr role="row" class="even"><td tabindex="0"><i class="fa fa-thumbs-up"></i><i class="fa fa-thumbs-up"></i></td><td class=" not_printable"><div class="addToGL" data-soscuisine-aisle="23" data-soscuisine-sip="3937629"><i class="fa fa-cart-plus" title="Add to My Grocery List"></i><div></div></div></td><td><img class="storeItemImage" alt="tomatoes, canned" src="/media/images/store_item/blank.jpg"></td><td>tomatoes, canned</td><td class="not_printable sorting_1">canned food</td><td><img style="width:50%;" src="/media/images/logos/marchands/1.png" alt="Metro"></td><td><span itemprop="price">$0.99</span><span itemprop="eligibleQuantity" itemscope="" itemtype="http://schema.org/QuantitativeValue">/<span itemprop="unitText">796mL</span></span></td><td>$1.24/L</td><td style="display: none;">2020-02-26</td><td style="display: none;"></td><td style="display: none;">house brand</td><td style="display: none;"></td><td style="display: none;"></td><td style="display: none;"></td><td style="display: none;"></td><td style="display: none;"></td><td style="display: none;"><a class="recipeLink" href="/recipe_ingredient_search_results.php?query=(_QU5E__1__________294__[]_1_1)">Recipes with tomatoes, canned</a></td></tr><tr role="row" class="odd"><td tabindex="0"><i class="fa fa-thumbs-up"></i><i class="fa fa-thumbs-up"></i></td><td class=" not_printable"><div class="addToGL" data-soscuisine-aisle="23" data-soscuisine-sip="3935931"><i class="fa fa-cart-plus" title="Add to My Grocery List"></i><div></div></div></td><td><img class="storeItemImage" alt="tomatoes, canned" src="/media/images/store_item/blank.jpg"></td><td>tomatoes, canned</td><td class="not_printable sorting_1">canned food</td><td><img style="width:50%;" src="/media/images/logos/marchands/62.png" alt="Supermarché PA"></td><td><span itemprop="price">$0.89</span><span itemprop="eligibleQuantity" itemscope="" itemtype="http://schema.org/QuantitativeValue">/<span itemprop="unitText">796mL</span></span></td><td>$1.12/L</td><td style="display: none;">2020-02-23</td><td style="display: none;"></td><td style="display: none;">Ilios</td><td style="display: none;"></td><td style="display: none;"></td><td style="display: none;"></td><td style="display: none;"></td><td style="display: none;"></td><td style="display: none;"><a class="recipeLink" href="/recipe_ingredient_search_results.php?query=(_QU5E__1__________294__[]_1_1)">Recipes with tomatoes, canned</a></td></tr><tr role="row" class="even"><td tabindex="0"><i class="fas fa-hand-rock"></i></td><td class=" not_printable"><div class="addToGL" data-soscuisine-aisle="23" data-soscuisine-sip="3938449"><i class="fa fa-cart-plus" title="Add to My Grocery List"></i><div></div></div></td><td><img class="storeItemImage" alt="tomatoes, strained" src="/media/images/store_item/blank.jpg"></td><td>tomatoes, strained</td><td class="not_printable sorting_1">canned food</td><td><img style="width:50%;" src="/media/images/logos/marchands/7.png" alt="Intermarché (Saveurs intl.)"></td><td><span itemprop="price">$1.25</span><span itemprop="eligibleQuantity" itemscope="" itemtype="http://schema.org/QuantitativeValue">/<span itemprop="unitText">660mL</span></span></td><td>$1.89/L</td><td style="display: none;">2020-02-26</td><td style="display: none;"></td><td style="display: none;">Aurora</td><td style="display: none;"></td><td style="display: none;"></td><td style="display: none;"></td><td style="display: none;"></td><td style="display: none;"></td><td style="display: none;"><a class="recipeLink" href="/recipe_ingredient_search_results.php?query=(_QU5E__1__________295__[]_1_1)">Recipes with tomatoes, strained</a></td></tr><tr role="row" class="odd"><td tabindex="0"><i class="fas fa-hand-rock"></i></td><td class=" not_printable"><div class="addToGL" data-soscuisine-aisle="23" data-soscuisine-sip="3937539"><i class="fa fa-cart-plus" title="Add to My Grocery List"></i><div></div></div></td><td><img class="storeItemImage" alt="tomatoes, strained" src="/media/images/store_item/blank.jpg"></td><td>tomatoes, strained</td><td class="not_printable sorting_1">canned food</td><td><img style="width:50%;" src="/media/images/logos/marchands/6.png" alt="Maxi"></td><td><span itemprop="price">$1.00</span><span itemprop="eligibleQuantity" itemscope="" itemtype="http://schema.org/QuantitativeValue">/<span itemprop="unitText">680mL</span></span></td><td>$1.47/L</td><td style="display: none;">2020-02-26</td><td style="display: none;"></td><td style="display: none;">Molisana</td><td style="display: none;"></td><td style="display: none;"></td><td style="display: none;"></td><td style="display: none;"></td><td style="display: none;"></td><td style="display: none;"><a class="recipeLink" href="/recipe_ingredient_search_results.php?query=(_QU5E__1__________295__[]_1_1)">Recipes with tomatoes, strained</a></td></tr><tr role="row" class="even"><td tabindex="0"><i class="fas fa-hand-rock"></i></td><td class=" not_printable"><div class="addToGL" data-soscuisine-aisle="23" data-soscuisine-sip="3939701"><i class="fa fa-cart-plus" title="Add to My Grocery List"></i><div></div></div></td><td><img class="storeItemImage" alt="tuna, canned" src="/media/images/store_item/blank.jpg"></td><td>tuna, canned</td><td class="not_printable sorting_1">canned food</td><td><img style="width:50%;" src="/media/images/logos/marchands/10.png" alt="Bonichoix"></td><td><span itemprop="price">$3.00</span><span itemprop="eligibleQuantity" itemscope="" itemtype="http://schema.org/QuantitativeValue">/<span itemprop="value">2</span>x<span itemprop="unitText">6oz (171g)</span></span></td><td>$0.88/100g</td><td style="display: none;">2020-02-26</td><td style="display: none;"></td><td style="display: none;">house brand</td><td style="display: none;"></td><td style="display: none;">pale</td><td style="display: none;"></td><td style="display: none;"></td><td style="display: none;"></td><td style="display: none;"><a class="recipeLink" href="/recipe_ingredient_search_results.php?query=(_QU5E__1__________177__[]_1_1)">Recipes with tuna, canned</a></td></tr><tr role="row" class="odd"><td tabindex="0"><i class="fas fa-hand-rock"></i></td><td class=" not_printable"><div class="addToGL" data-soscuisine-aisle="23" data-soscuisine-sip="3939721"><i class="fa fa-cart-plus" title="Add to My Grocery List"></i><div></div></div></td><td><img class="storeItemImage" alt="tuna, canned" src="/media/images/store_item/blank.jpg"></td><td>tuna, canned</td><td class="not_printable sorting_1">canned food</td><td><img style="width:50%;" src="/media/images/logos/marchands/3.png" alt="IGA"></td><td><span itemprop="price">$4.00</span><span itemprop="eligibleQuantity" itemscope="" itemtype="http://schema.org/QuantitativeValue">/<span itemprop="value">2</span>x<span itemprop="unitText">5oz (142g)</span></span></td><td>$1.41/100g</td><td style="display: none;">2020-02-26</td><td style="display: none;"></td><td style="display: none;">Clover leaf</td><td style="display: none;"></td><td style="display: none;">pale</td><td style="display: none;"></td><td style="display: none;"></td><td style="display: none;"></td><td style="display: none;"><a class="recipeLink" href="/recipe_ingredient_search_results.php?query=(_QU5E__1__________177__[]_1_1)">Recipes with tuna, canned</a></td></tr><tr role="row" class="even"><td tabindex="0"><i class="fas fa-hand-rock"></i></td><td class=" not_printable"><div class="addToGL" data-soscuisine-aisle="23" data-soscuisine-sip="3938077"><i class="fa fa-cart-plus" title="Add to My Grocery List"></i><div></div></div></td><td><img class="storeItemImage" alt="tuna, canned" src="/media/images/store_item/blank.jpg"></td><td>tuna, canned</td><td class="not_printable sorting_1">canned food</td><td><img style="width:50%;" src="/media/images/logos/marchands/7.png" alt="Intermarché (Saveurs intl.)"></td><td><span itemprop="price">$1.00</span><span itemprop="eligibleQuantity" itemscope="" itemtype="http://schema.org/QuantitativeValue">/<span itemprop="unitText">3.5oz (99g)</span></span></td><td>$1.01/100g</td><td style="display: none;">2020-02-26</td><td style="display: none;"></td><td style="display: none;">Aurora</td><td style="display: none;"></td><td style="display: none;">pale</td><td style="display: none;"></td><td style="display: none;"></td><td style="display: none;"></td><td style="display: none;"><a class="recipeLink" href="/recipe_ingredient_search_results.php?query=(_QU5E__1__________177__[]_1_1)">Recipes with tuna, canned</a></td></tr><tr role="row" class="odd"><td tabindex="0"><i class="fa fa-thumbs-up"></i></td><td class=" not_printable"><div class="addToGL" data-soscuisine-aisle="23" data-soscuisine-sip="3939091"><i class="fa fa-cart-plus" title="Add to My Grocery List"></i><div></div></div></td><td><img class="storeItemImage" alt="tuna, canned" src="/media/images/store_item/blank.jpg"></td><td>tuna, canned</td><td class="not_printable sorting_1">canned food</td><td><img style="width:50%;" src="/media/images/logos/marchands/63.png" alt="Marché Adonis"></td><td><span itemprop="price">$3.00</span><span itemprop="eligibleQuantity" itemscope="" itemtype="http://schema.org/QuantitativeValue">/<span itemprop="value">5</span>x<span itemprop="unitText">80g</span></span></td><td>$0.75/100g</td><td style="display: none;">2020-02-26</td><td style="display: none;"></td><td style="display: none;"></td><td style="display: none;"></td><td style="display: none;">pale</td><td style="display: none;"></td><td style="display: none;">chunk</td><td style="display: none;">in vegetable oil</td><td style="display: none;"><a class="recipeLink" href="/recipe_ingredient_search_results.php?query=(_QU5E__1__________177__[]_1_1)">Recipes with tuna, canned</a></td></tr><tr role="row" class="even"><td tabindex="0"><i class="fa fa-thumbs-down"></i></td><td class=" not_printable"><div class="addToGL" data-soscuisine-aisle="23" data-soscuisine-sip="3937373"><i class="fa fa-cart-plus" title="Add to My Grocery List"></i><div></div></div></td><td><img class="storeItemImage" alt="tuna, canned" src="/media/images/store_item/blank.jpg"></td><td>tuna, canned</td><td class="not_printable sorting_1">canned food</td><td><img style="width:50%;" src="/media/images/logos/marchands/95.png" alt="Marchés Tau"></td><td><span itemprop="price">$3.49</span><span itemprop="eligibleQuantity" itemscope="" itemtype="http://schema.org/QuantitativeValue">/<span itemprop="unitText">120g</span></span></td><td>$2.91/100g</td><td style="display: none;">2020-03-29</td><td style="display: none;"></td><td style="display: none;">Raincoast Trading</td><td style="display: none;"></td><td style="display: none;">skipjack</td><td style="display: none;"></td><td style="display: none;"></td><td style="display: none;"></td><td style="display: none;"><a class="recipeLink" href="/recipe_ingredient_search_results.php?query=(_QU5E__1__________177__[]_1_1)">Recipes with tuna, canned</a></td></tr><tr role="row" class="odd"><td tabindex="0"><i class="fa fa-thumbs-up"></i><i class="fa fa-thumbs-up"></i></td><td class=" not_printable"><div class="addToGL" data-soscuisine-aisle="23" data-soscuisine-sip="3937543"><i class="fa fa-cart-plus" title="Add to My Grocery List"></i><div></div></div></td><td><img class="storeItemImage" alt="tuna, canned" src="/media/images/store_item/blank.jpg"></td><td>tuna, canned</td><td class="not_printable sorting_1">canned food</td><td><img style="width:50%;" src="/media/images/logos/marchands/6.png" alt="Maxi"></td><td><span itemprop="price">$1.00</span><span itemprop="eligibleQuantity" itemscope="" itemtype="http://schema.org/QuantitativeValue">/<span itemprop="unitText">6oz (171g)</span></span></td><td>$0.58/100g</td><td style="display: none;">2020-02-26</td><td style="display: none;"></td><td style="display: none;">house brand</td><td style="display: none;"></td><td style="display: none;">pale</td><td style="display: none;"></td><td style="display: none;"></td><td style="display: none;"></td><td style="display: none;"><a class="recipeLink" href="/recipe_ingredient_search_results.php?query=(_QU5E__1__________177__[]_1_1)">Recipes with tuna, canned</a></td></tr><tr role="row" class="even"><td tabindex="0"><i class="fa fa-thumbs-up"></i></td><td class=" not_printable"><div class="addToGL" data-soscuisine-aisle="23" data-soscuisine-sip="3937837"><i class="fa fa-cart-plus" title="Add to My Grocery List"></i><div></div></div></td><td><img class="storeItemImage" alt="tuna, canned" src="/media/images/store_item/blank.jpg"></td><td>tuna, canned</td><td class="not_printable sorting_1">canned food</td><td><img style="width:50%;" src="/media/images/logos/marchands/1.png" alt="Metro"></td><td><span itemprop="price">$4.00</span><span itemprop="eligibleQuantity" itemscope="" itemtype="http://schema.org/QuantitativeValue">/<span itemprop="value">3</span>x<span itemprop="unitText">6oz (171g)</span></span></td><td>$0.78/100g</td><td style="display: none;">2020-02-26</td><td style="display: none;"></td><td style="display: none;">house brand</td><td style="display: none;"></td><td style="display: none;">pale</td><td style="display: none;"></td><td style="display: none;"></td><td style="display: none;"></td><td style="display: none;"><a class="recipeLink" href="/recipe_ingredient_search_results.php?query=(_QU5E__1__________177__[]_1_1)">Recipes with tuna, canned</a></td></tr><tr role="row" class="odd"><td tabindex="0"><i class="fa fa-thumbs-up"></i><i class="fa fa-thumbs-up"></i></td><td class=" not_printable"><div class="addToGL" data-soscuisine-aisle="23" data-soscuisine-sip="3938027"><i class="fa fa-cart-plus" title="Add to My Grocery List"></i><div></div></div></td><td><img class="storeItemImage" alt="tuna, canned" src="/media/images/store_item/blank.jpg"></td><td>tuna, canned</td><td class="not_printable sorting_1">canned food</td><td><img style="width:50%;" src="/media/images/logos/marchands/2.png" alt="Provigo"></td><td><span itemprop="price">$1.00</span><span itemprop="eligibleQuantity" itemscope="" itemtype="http://schema.org/QuantitativeValue">/<span itemprop="unitText">6oz (171g)</span></span></td><td>$0.58/100g</td><td style="display: none;">2020-02-26</td><td style="display: none;"></td><td style="display: none;">Clover leaf</td><td style="display: none;"></td><td style="display: none;">pale</td><td style="display: none;"></td><td style="display: none;"></td><td style="display: none;"></td><td style="display: none;"><a class="recipeLink" href="/recipe_ingredient_search_results.php?query=(_QU5E__1__________177__[]_1_1)">Recipes with tuna, canned</a></td></tr><tr role="row" class="even"><td tabindex="0"><i class="fa fa-thumbs-down"></i></td><td class=" not_printable"><div class="addToGL" data-soscuisine-aisle="23" data-soscuisine-sip="3940949"><i class="fa fa-cart-plus" title="Add to My Grocery List"></i><div></div></div></td><td><img class="storeItemImage" alt="tuna, canned" src="/media/images/store_item/blank.jpg"></td><td>tuna, canned</td><td class="not_printable sorting_1">canned food</td><td><img style="width:50%;" src="/media/images/logos/marchands/12.png" alt="Richelieu"></td><td><span itemprop="price">$3.00</span><span itemprop="eligibleQuantity" itemscope="" itemtype="http://schema.org/QuantitativeValue">/<span itemprop="value">2</span>x<span itemprop="unitText">85g (3oz)</span></span></td><td>$1.76/100g</td><td style="display: none;">2020-02-26</td><td style="display: none;"></td><td style="display: none;">house brand</td><td style="display: none;"></td><td style="display: none;"></td><td style="display: none;"></td><td style="display: none;"></td><td style="display: none;"></td><td style="display: none;"><a class="recipeLink" href="/recipe_ingredient_search_results.php?query=(_QU5E__1__________177__[]_1_1)">Recipes with tuna, canned</a></td></tr><tr role="row" class="odd"><td tabindex="0"><i class="fa fa-thumbs-down"></i></td><td class=" not_printable"><div class="addToGL" data-soscuisine-aisle="10" data-soscuisine-sip="3912929"><i class="fa fa-cart-plus" title="Add to My Grocery List"></i><div></div></div></td><td><img class="storeItemImage" alt="almond butter" src="/media/images/store_item/blank.jpg"></td><td>almond butter</td><td class="not_printable sorting_1">dry goods &amp; others</td><td><img style="width:50%;" src="/media/images/logos/marchands/94.png" alt="Avril"></td><td><span itemprop="price">$11.99</span><span itemprop="eligibleQuantity" itemscope="" itemtype="http://schema.org/QuantitativeValue">/<span itemprop="unitText">365g (12.9oz)</span></span></td><td>$3.28/100g</td><td style="display: none;">2020-03-03</td><td style="display: none;"></td><td style="display: none;">Nuts to You</td><td style="display: none;"></td><td style="display: none;"></td><td style="display: none;"></td><td style="display: none;"></td><td style="display: none;"></td><td style="display: none;"><a class="recipeLink" href="/recipe_ingredient_search_results.php?query=(_QU5E__1__________953__[]_1_1)">Recipes with almond butter</a></td></tr><tr role="row" class="even"><td tabindex="0"><i class="fas fa-hand-rock"></i></td><td class=" not_printable"><div class="addToGL" data-soscuisine-aisle="10" data-soscuisine-sip="3937315"><i class="fa fa-cart-plus" title="Add to My Grocery List"></i><div></div></div></td><td><img class="storeItemImage" alt="almond butter" src="/media/images/store_item/blank.jpg"></td><td>almond butter</td><td class="not_printable sorting_1">dry goods &amp; others</td><td><img style="width:50%;" src="/media/images/logos/marchands/95.png" alt="Marchés Tau"></td><td><span itemprop="price">$7.99</span><span itemprop="eligibleQuantity" itemscope="" itemtype="http://schema.org/QuantitativeValue">/<span itemprop="unitText">340g</span></span></td><td>$2.35/100g</td><td style="display: none;">2020-03-29</td><td style="display: none;"></td><td style="display: none;">MaraNatha</td><td style="display: none;"></td><td style="display: none;"></td><td style="display: none;"></td><td style="display: none;"></td><td style="display: none;"></td><td style="display: none;"><a class="recipeLink" href="/recipe_ingredient_search_results.php?query=(_QU5E__1__________953__[]_1_1)">Recipes with almond butter</a></td></tr><tr role="row" class="odd"><td tabindex="0"><i class="fa fa-thumbs-down"></i></td><td class=" not_printable"><div class="addToGL" data-soscuisine-aisle="10" data-soscuisine-sip="3939533"><i class="fa fa-cart-plus" title="Add to My Grocery List"></i><div></div></div></td><td><img class="storeItemImage" alt="breakfast cereal Müeslix" src="/media/images/store_item/blank.jpg"></td><td>breakfast cereal Müeslix</td><td class="not_printable sorting_1">dry goods &amp; others</td><td><img style="width:50%;" src="/media/images/logos/marchands/3.png" alt="IGA"></td><td><span itemprop="price">$4.49</span><span itemprop="eligibleQuantity" itemscope="" itemtype="http://schema.org/QuantitativeValue">/<span itemprop="unitText">450g</span></span></td><td>$1.00/100g</td><td style="display: none;">2020-02-26</td><td style="display: none;"></td><td style="display: none;">Kellogg's</td><td style="display: none;"></td><td style="display: none;"></td><td style="display: none;"></td><td style="display: none;"></td><td style="display: none;"></td><td style="display: none;"><a class="recipeLink" href="/recipe_ingredient_search_results.php?query=(_QU5E__1__________676__[]_1_1)">Recipes with breakfast cereal Müeslix</a></td></tr><tr role="row" class="even"><td tabindex="0"><i class="fa fa-thumbs-up"></i><i class="fa fa-thumbs-up"></i></td><td class=" not_printable"><div class="addToGL" data-soscuisine-aisle="10" data-soscuisine-sip="3937923"><i class="fa fa-cart-plus" title="Add to My Grocery List"></i><div></div></div></td><td><img class="storeItemImage" alt="breakfast cereal Müeslix" src="/media/images/store_item/blank.jpg"></td><td>breakfast cereal Müeslix</td><td class="not_printable sorting_1">dry goods &amp; others</td><td><img style="width:50%;" src="/media/images/logos/marchands/1.png" alt="Metro"></td><td><span itemprop="price">$3.99</span><span itemprop="eligibleQuantity" itemscope="" itemtype="http://schema.org/QuantitativeValue">/<span itemprop="unitText">450g</span></span></td><td>$0.89/100g</td><td style="display: none;">2020-02-26</td><td style="display: none;"></td><td style="display: none;">Kellogg's</td><td style="display: none;"></td><td style="display: none;"></td><td style="display: none;"></td><td style="display: none;"></td><td style="display: none;"></td><td style="display: none;"><a class="recipeLink" href="/recipe_ingredient_search_results.php?query=(_QU5E__1__________676__[]_1_1)">Recipes with breakfast cereal Müeslix</a></td></tr><tr role="row" class="odd"><td tabindex="0"><i class="fa fa-thumbs-up"></i><i class="fa fa-thumbs-up"></i></td><td class=" not_printable"><div class="addToGL" data-soscuisine-aisle="10" data-soscuisine-sip="3940429"><i class="fa fa-cart-plus" title="Add to My Grocery List"></i><div></div></div></td><td><img class="storeItemImage" alt="breakfast cereal Müeslix" src="/media/images/store_item/blank.jpg"></td><td>breakfast cereal Müeslix</td><td class="not_printable sorting_1">dry goods &amp; others</td><td><img style="width:50%;" src="/media/images/logos/marchands/11.png" alt="Tradition"></td><td><span itemprop="price">$8.00</span><span itemprop="eligibleQuantity" itemscope="" itemtype="http://schema.org/QuantitativeValue">/<span itemprop="value">2</span>x<span itemprop="unitText">450g</span></span></td><td>$0.89/100g</td><td style="display: none;">2020-02-26</td><td style="display: none;"></td><td style="display: none;">Kellogg's</td><td style="display: none;"></td><td style="display: none;"></td><td style="display: none;"></td><td style="display: none;"></td><td style="display: none;"></td><td style="display: none;"><a class="recipeLink" href="/recipe_ingredient_search_results.php?query=(_QU5E__1__________676__[]_1_1)">Recipes with breakfast cereal Müeslix</a></td></tr><tr role="row" class="even"><td tabindex="0"><i class="fas fa-hand-rock"></i></td><td class=" not_printable"><div class="addToGL" data-soscuisine-aisle="10" data-soscuisine-sip="3939635"><i class="fa fa-cart-plus" title="Add to My Grocery List"></i><div></div></div></td><td><img class="storeItemImage" alt="breakfast cereal, corn flakes" src="/media/images/store_item/blank.jpg"></td><td>breakfast cereal, corn flakes</td><td class="not_printable sorting_1">dry goods &amp; others</td><td><img style="width:50%;" src="/media/images/logos/marchands/10.png" alt="Bonichoix"></td><td><span itemprop="price">$3.49</span><span itemprop="eligibleQuantity" itemscope="" itemtype="http://schema.org/QuantitativeValue">/<span itemprop="unitText">440g</span></span></td><td>$0.79/100g</td><td style="display: none;">2020-02-26</td><td style="display: none;"></td><td style="display: none;">Kellogg's</td><td style="display: none;"></td><td style="display: none;"></td><td style="display: none;"></td><td style="display: none;"></td><td style="display: none;"></td><td style="display: none;"><a class="recipeLink" href="/recipe_ingredient_search_results.php?query=(_QU5E__1__________988__[]_1_1)">Recipes with breakfast cereal, corn flakes</a></td></tr><tr role="row" class="odd"><td tabindex="0"><i class="fa fa-thumbs-up"></i><i class="fa fa-thumbs-up"></i></td><td class=" not_printable"><div class="addToGL" data-soscuisine-aisle="10" data-soscuisine-sip="3939017"><i class="fa fa-cart-plus" title="Add to My Grocery List"></i><div></div></div></td><td><img class="storeItemImage" alt="breakfast cereal, corn flakes" src="/media/images/store_item/blank.jpg"></td><td>breakfast cereal, corn flakes</td><td class="not_printable sorting_1">dry goods &amp; others</td><td><img style="width:50%;" src="/media/images/logos/marchands/64.png" alt="Mourelatos"></td><td><span itemprop="price">$2.79</span><span itemprop="eligibleQuantity" itemscope="" itemtype="http://schema.org/QuantitativeValue">/<span itemprop="unitText">24oz (680g)</span></span></td><td>$0.41/100g</td><td style="display: none;">2020-02-25</td><td style="display: none;"></td><td style="display: none;">house brand</td><td style="display: none;"></td><td style="display: none;"></td><td style="display: none;"></td><td style="display: none;"></td><td style="display: none;"></td><td style="display: none;"><a class="recipeLink" href="/recipe_ingredient_search_results.php?query=(_QU5E__1__________988__[]_1_1)">Recipes with breakfast cereal, corn flakes</a></td></tr><tr role="row" class="even"><td tabindex="0"><i class="fas fa-exclamation"></i></td><td class=" not_printable"><div class="addToGL" data-soscuisine-aisle="10" data-soscuisine-sip="3938853"><i class="fa fa-cart-plus" title="Add to My Grocery List"></i><div></div></div></td><td><img class="storeItemImage" alt="breakfast cereal, müesli" src="/media/images/store_item/blank.jpg"></td><td>breakfast cereal, müesli</td><td class="not_printable sorting_1">dry goods &amp; others</td><td><img style="width:50%;" src="/media/images/logos/marchands/93.png" alt="Rachelle Béry"></td><td><span itemprop="price">$5.29</span><span itemprop="eligibleQuantity" itemscope="" itemtype="http://schema.org/QuantitativeValue">/<span itemprop="unitText">450g</span></span></td><td>$1.18/100g</td><td style="display: none;">2020-03-04</td><td style="display: none;"></td><td style="display: none;">Jordans</td><td style="display: none;"></td><td style="display: none;">organic</td><td style="display: none;"></td><td style="display: none;"></td><td style="display: none;"></td><td style="display: none;"><a class="recipeLink" href="/recipe_ingredient_search_results.php?query=(_QU5E__1__________1120__[]_1_1)">Recipes with breakfast cereal, müesli</a></td></tr><tr role="row" class="odd"><td tabindex="0"><i class="fa fa-thumbs-down"></i></td><td class=" not_printable"><div class="addToGL" data-soscuisine-aisle="10" data-soscuisine-sip="3937303"><i class="fa fa-cart-plus" title="Add to My Grocery List"></i><div></div></div></td><td><img class="storeItemImage" alt="chicken stock" src="/media/images/store_item/blank.jpg"></td><td>chicken stock</td><td class="not_printable sorting_1">dry goods &amp; others</td><td><img style="width:50%;" src="/media/images/logos/marchands/95.png" alt="Marchés Tau"></td><td><span itemprop="price">$2.99</span><span itemprop="eligibleQuantity" itemscope="" itemtype="http://schema.org/QuantitativeValue">/<span itemprop="unitText">1L</span></span></td><td>$2.99/L</td><td style="display: none;">2020-03-29</td><td style="display: none;"></td><td style="display: none;">Imagine</td><td style="display: none;"></td><td style="display: none;"></td><td style="display: none;">Organic</td><td style="display: none;"></td><td style="display: none;"></td><td style="display: none;"><a class="recipeLink" href="/recipe_ingredient_search_results.php?query=(_QU5E__1__________286__[]_1_1)">Recipes with chicken stock</a></td></tr><tr role="row" class="even"><td tabindex="0"><i class="fa fa-thumbs-up"></i><i class="fa fa-thumbs-up"></i></td><td class=" not_printable"><div class="addToGL" data-soscuisine-aisle="10" data-soscuisine-sip="3937547"><i class="fa fa-cart-plus" title="Add to My Grocery List"></i><div></div></div></td><td><img class="storeItemImage" alt="chicken stock" src="/media/images/store_item/blank.jpg"></td><td>chicken stock</td><td class="not_printable sorting_1">dry goods &amp; others</td><td><img style="width:50%;" src="/media/images/logos/marchands/6.png" alt="Maxi"></td><td><span itemprop="price">$1.00</span><span itemprop="eligibleQuantity" itemscope="" itemtype="http://schema.org/QuantitativeValue">/<span itemprop="unitText">900mL</span></span></td><td>$1.11/L</td><td style="display: none;">2020-02-26</td><td style="display: none;"></td><td style="display: none;">house brand</td><td style="display: none;"></td><td style="display: none;"></td><td style="display: none;"></td><td style="display: none;"></td><td style="display: none;"></td><td style="display: none;"><a class="recipeLink" href="/recipe_ingredient_search_results.php?query=(_QU5E__1__________286__[]_1_1)">Recipes with chicken stock</a></td></tr><tr role="row" class="odd"><td tabindex="0"><i class="fa fa-thumbs-up"></i><i class="fa fa-thumbs-up"></i></td><td class=" not_printable"><div class="addToGL" data-soscuisine-aisle="10" data-soscuisine-sip="3937597"><i class="fa fa-cart-plus" title="Add to My Grocery List"></i><div></div></div></td><td><img class="storeItemImage" alt="chicken stock" src="/media/images/store_item/blank.jpg"></td><td>chicken stock</td><td class="not_printable sorting_1">dry goods &amp; others</td><td><img style="width:50%;" src="/media/images/logos/marchands/1.png" alt="Metro"></td><td><span itemprop="price">$0.99</span><span itemprop="eligibleQuantity" itemscope="" itemtype="http://schema.org/QuantitativeValue">/<span itemprop="unitText">900mL</span></span></td><td>$1.10/L</td><td style="display: none;">2020-02-26</td><td style="display: none;"></td><td style="display: none;">house brand</td><td style="display: none;"></td><td style="display: none;"></td><td style="display: none;"></td><td style="display: none;"></td><td style="display: none;"></td><td style="display: none;"><a class="recipeLink" href="/recipe_ingredient_search_results.php?query=(_QU5E__1__________286__[]_1_1)">Recipes with chicken stock</a></td></tr><tr role="row" class="even"><td tabindex="0"><i class="fa fa-thumbs-up"></i><i class="fa fa-thumbs-up"></i></td><td class=" not_printable"><div class="addToGL" data-soscuisine-aisle="10" data-soscuisine-sip="3938889"><i class="fa fa-cart-plus" title="Add to My Grocery List"></i><div></div></div></td><td><img class="storeItemImage" alt="chicken stock" src="/media/images/store_item/blank.jpg"></td><td>chicken stock</td><td class="not_printable sorting_1">dry goods &amp; others</td><td><img style="width:50%;" src="/media/images/logos/marchands/64.png" alt="Mourelatos"></td><td><span itemprop="price">$0.99</span><span itemprop="eligibleQuantity" itemscope="" itemtype="http://schema.org/QuantitativeValue">/<span itemprop="unitText">900mL</span></span></td><td>$1.10/L</td><td style="display: none;">2020-02-25</td><td style="display: none;"></td><td style="display: none;">house brand</td><td style="display: none;"></td><td style="display: none;"></td><td style="display: none;">Organic</td><td style="display: none;"></td><td style="display: none;"></td><td style="display: none;"><a class="recipeLink" href="/recipe_ingredient_search_results.php?query=(_QU5E__1__________286__[]_1_1)">Recipes with chicken stock</a></td></tr><tr role="row" class="odd"><td tabindex="0"><i class="fa fa-thumbs-down"></i></td><td class=" not_printable"><div class="addToGL" data-soscuisine-aisle="10" data-soscuisine-sip="3938859"><i class="fa fa-cart-plus" title="Add to My Grocery List"></i><div></div></div></td><td><img class="storeItemImage" alt="chicken stock" src="/media/images/store_item/blank.jpg"></td><td>chicken stock</td><td class="not_printable sorting_1">dry goods &amp; others</td><td><img style="width:50%;" src="/media/images/logos/marchands/93.png" alt="Rachelle Béry"></td><td><span itemprop="price">$9.99</span><span itemprop="eligibleQuantity" itemscope="" itemtype="http://schema.org/QuantitativeValue">/<span itemprop="value">3</span>x<span itemprop="unitText">1L</span></span></td><td>$3.33/L</td><td style="display: none;">2020-03-04</td><td style="display: none;"></td><td style="display: none;">Imagine</td><td style="display: none;"></td><td style="display: none;"></td><td style="display: none;">Organic</td><td style="display: none;"></td><td style="display: none;"></td><td style="display: none;"><a class="recipeLink" href="/recipe_ingredient_search_results.php?query=(_QU5E__1__________286__[]_1_1)">Recipes with chicken stock</a></td></tr><tr role="row" class="even"><td tabindex="0"><i class="fa fa-thumbs-down"></i></td><td class=" not_printable"><div class="addToGL" data-soscuisine-aisle="10" data-soscuisine-sip="3912933"><i class="fa fa-cart-plus" title="Add to My Grocery List"></i><div></div></div></td><td><img class="storeItemImage" alt="chocolate, bittersweet" src="/media/images/store_item/blank.jpg"></td><td>chocolate, bittersweet</td><td class="not_printable sorting_1">dry goods &amp; others</td><td><img style="width:50%;" src="/media/images/logos/marchands/94.png" alt="Avril"></td><td><span itemprop="price">$2.99</span><span itemprop="eligibleQuantity" itemscope="" itemtype="http://schema.org/QuantitativeValue">/<span itemprop="unitText">80g</span></span></td><td>$3.74/100g</td><td style="display: none;">2020-03-03</td><td style="display: none;"></td><td style="display: none;">Alter Eco</td><td style="display: none;"></td><td style="display: none;">organic</td><td style="display: none;"></td><td style="display: none;"></td><td style="display: none;"></td><td style="display: none;"><a class="recipeLink" href="/recipe_ingredient_search_results.php?query=(_QU5E__1__________279__[]_1_1)">Recipes with chocolate, bittersweet</a></td></tr><tr role="row" class="odd"><td tabindex="0"><i class="fas fa-hand-rock"></i></td><td class=" not_printable"><div class="addToGL" data-soscuisine-aisle="10" data-soscuisine-sip="3939773"><i class="fa fa-cart-plus" title="Add to My Grocery List"></i><div></div></div></td><td><img class="storeItemImage" alt="chocolate, bittersweet" src="/media/images/store_item/blank.jpg"></td><td>chocolate, bittersweet</td><td class="not_printable sorting_1">dry goods &amp; others</td><td><img style="width:50%;" src="/media/images/logos/marchands/10.png" alt="Bonichoix"></td><td><span itemprop="price">$6.00</span><span itemprop="eligibleQuantity" itemscope="" itemtype="http://schema.org/QuantitativeValue">/<span itemprop="value">2</span>x<span itemprop="unitText">100g</span></span></td><td>$3.00/100g</td><td style="display: none;">2020-02-26</td><td style="display: none;"></td><td style="display: none;">Lindt</td><td style="display: none;"></td><td style="display: none;"></td><td style="display: none;"></td><td style="display: none;"></td><td style="display: none;"></td><td style="display: none;"><a class="recipeLink" href="/recipe_ingredient_search_results.php?query=(_QU5E__1__________279__[]_1_1)">Recipes with chocolate, bittersweet</a></td></tr><tr role="row" class="even"><td tabindex="0"><i class="fas fa-hand-rock"></i></td><td class=" not_printable"><div class="addToGL" data-soscuisine-aisle="10" data-soscuisine-sip="3937775"><i class="fa fa-cart-plus" title="Add to My Grocery List"></i><div></div></div></td><td><img class="storeItemImage" alt="chocolate, bittersweet" src="/media/images/store_item/blank.jpg"></td><td>chocolate, bittersweet</td><td class="not_printable sorting_1">dry goods &amp; others</td><td><img style="width:50%;" src="/media/images/logos/marchands/1.png" alt="Metro"></td><td><span itemprop="price">$6.00</span><span itemprop="eligibleQuantity" itemscope="" itemtype="http://schema.org/QuantitativeValue">/<span itemprop="value">2</span>x<span itemprop="unitText">100g</span></span></td><td>$3.00/100g</td><td style="display: none;">2020-02-26</td><td style="display: none;"></td><td style="display: none;">Lindt</td><td style="display: none;"></td><td style="display: none;"></td><td style="display: none;"></td><td style="display: none;"></td><td style="display: none;"></td><td style="display: none;"><a class="recipeLink" href="/recipe_ingredient_search_results.php?query=(_QU5E__1__________279__[]_1_1)">Recipes with chocolate, bittersweet</a></td></tr><tr role="row" class="odd"><td tabindex="0"><i class="fas fa-hand-rock"></i></td><td class=" not_printable"><div class="addToGL" data-soscuisine-aisle="10" data-soscuisine-sip="3938321"><i class="fa fa-cart-plus" title="Add to My Grocery List"></i><div></div></div></td><td><img class="storeItemImage" alt="chocolate, bittersweet" src="/media/images/store_item/blank.jpg"></td><td>chocolate, bittersweet</td><td class="not_printable sorting_1">dry goods &amp; others</td><td><img style="width:50%;" src="/media/images/logos/marchands/2.png" alt="Provigo"></td><td><span itemprop="price">$6.00</span><span itemprop="eligibleQuantity" itemscope="" itemtype="http://schema.org/QuantitativeValue">/<span itemprop="value">2</span>x<span itemprop="unitText">100g</span></span></td><td>$3.00/100g</td><td style="display: none;">2020-02-26</td><td style="display: none;"></td><td style="display: none;">Lindt</td><td style="display: none;"></td><td style="display: none;"></td><td style="display: none;"></td><td style="display: none;"></td><td style="display: none;"></td><td style="display: none;"><a class="recipeLink" href="/recipe_ingredient_search_results.php?query=(_QU5E__1__________279__[]_1_1)">Recipes with chocolate, bittersweet</a></td></tr><tr role="row" class="even"><td tabindex="0"><i class="fa fa-thumbs-down"></i></td><td class=" not_printable"><div class="addToGL" data-soscuisine-aisle="10" data-soscuisine-sip="3938319"><i class="fa fa-cart-plus" title="Add to My Grocery List"></i><div></div></div></td><td><img class="storeItemImage" alt="chocolate, bittersweet" src="/media/images/store_item/blank.jpg"></td><td>chocolate, bittersweet</td><td class="not_printable sorting_1">dry goods &amp; others</td><td><img style="width:50%;" src="/media/images/logos/marchands/2.png" alt="Provigo"></td><td><span itemprop="price">$3.49</span><span itemprop="eligibleQuantity" itemscope="" itemtype="http://schema.org/QuantitativeValue">/<span itemprop="unitText">100g</span></span></td><td>$3.49/100g</td><td style="display: none;">2020-02-26</td><td style="display: none;"></td><td style="display: none;">Lindt</td><td style="display: none;"></td><td style="display: none;"></td><td style="display: none;"></td><td style="display: none;"></td><td style="display: none;"></td><td style="display: none;"><a class="recipeLink" href="/recipe_ingredient_search_results.php?query=(_QU5E__1__________279__[]_1_1)">Recipes with chocolate, bittersweet</a></td></tr><tr role="row" class="odd"><td tabindex="0"><i class="fas fa-hand-rock"></i></td><td class=" not_printable"><div class="addToGL" data-soscuisine-aisle="10" data-soscuisine-sip="3940669"><i class="fa fa-cart-plus" title="Add to My Grocery List"></i><div></div></div></td><td><img class="storeItemImage" alt="chocolate, bittersweet" src="/media/images/store_item/blank.jpg"></td><td>chocolate, bittersweet</td><td class="not_printable sorting_1">dry goods &amp; others</td><td><img style="width:50%;" src="/media/images/logos/marchands/5.png" alt="Super C"></td><td><span itemprop="price">$2.99</span><span itemprop="eligibleQuantity" itemscope="" itemtype="http://schema.org/QuantitativeValue">/<span itemprop="unitText">100g</span></span></td><td>$2.99/100g</td><td style="display: none;">2020-02-26</td><td style="display: none;"></td><td style="display: none;">Lindt</td><td style="display: none;"></td><td style="display: none;"></td><td style="display: none;"></td><td style="display: none;"></td><td style="display: none;"></td><td style="display: none;"><a class="recipeLink" href="/recipe_ingredient_search_results.php?query=(_QU5E__1__________279__[]_1_1)">Recipes with chocolate, bittersweet</a></td></tr><tr role="row" class="even"><td tabindex="0"><i class="fas fa-hand-rock"></i></td><td class=" not_printable"><div class="addToGL" data-soscuisine-aisle="10" data-soscuisine-sip="3912935"><i class="fa fa-cart-plus" title="Add to My Grocery List"></i><div></div></div></td><td><img class="storeItemImage" alt="chocolate, semisweet" src="/media/images/store_item/blank.jpg"></td><td>chocolate, semisweet</td><td class="not_printable sorting_1">dry goods &amp; others</td><td><img style="width:50%;" src="/media/images/logos/marchands/94.png" alt="Avril"></td><td><span itemprop="price">$4.99</span><span itemprop="eligibleQuantity" itemscope="" itemtype="http://schema.org/QuantitativeValue">/<span itemprop="unitText">10oz (283g)</span></span></td><td>$1.76/100g</td><td style="display: none;">2020-03-03</td><td style="display: none;"></td><td style="display: none;">Enjoy Life</td><td style="display: none;"></td><td style="display: none;"></td><td style="display: none;">Organic</td><td style="display: none;">chips</td><td style="display: none;">gluten-free</td><td style="display: none;"><a class="recipeLink" href="/recipe_ingredient_search_results.php?query=(_QU5E__1__________280__[]_1_1)">Recipes with chocolate, semisweet</a></td></tr><tr role="row" class="odd"><td tabindex="0"><i class="fa fa-thumbs-down"></i></td><td class=" not_printable"><div class="addToGL" data-soscuisine-aisle="10" data-soscuisine-sip="3938361"><i class="fa fa-cart-plus" title="Add to My Grocery List"></i><div></div></div></td><td><img class="storeItemImage" alt="chocolate, semisweet" src="/media/images/store_item/blank.jpg"></td><td>chocolate, semisweet</td><td class="not_printable sorting_1">dry goods &amp; others</td><td><img style="width:50%;" src="/media/images/logos/marchands/7.png" alt="Intermarché (Saveurs intl.)"></td><td><span itemprop="price">$5.99</span><span itemprop="eligibleQuantity" itemscope="" itemtype="http://schema.org/QuantitativeValue">/<span itemprop="unitText">225g</span></span></td><td>$2.66/100g</td><td style="display: none;">2020-02-26</td><td style="display: none;"></td><td style="display: none;">Camino</td><td style="display: none;"></td><td style="display: none;"></td><td style="display: none;">fair trade, organic</td><td style="display: none;">chips</td><td style="display: none;"></td><td style="display: none;"><a class="recipeLink" href="/recipe_ingredient_search_results.php?query=(_QU5E__1__________280__[]_1_1)">Recipes with chocolate, semisweet</a></td></tr><tr role="row" class="even"><td tabindex="0"><i class="fa fa-thumbs-up"></i></td><td class=" not_printable"><div class="addToGL" data-soscuisine-aisle="10" data-soscuisine-sip="3938311"><i class="fa fa-cart-plus" title="Add to My Grocery List"></i><div></div></div></td><td><img class="storeItemImage" alt="chocolate, semisweet" src="/media/images/store_item/blank.jpg"></td><td>chocolate, semisweet</td><td class="not_printable sorting_1">dry goods &amp; others</td><td><img style="width:50%;" src="/media/images/logos/marchands/2.png" alt="Provigo"></td><td><span itemprop="price">$6.50</span><span itemprop="eligibleQuantity" itemscope="" itemtype="http://schema.org/QuantitativeValue">/<span itemprop="value">2</span>x<span itemprop="unitText">300g</span></span></td><td>$1.08/100g</td><td style="display: none;">2020-02-26</td><td style="display: none;"></td><td style="display: none;">house brand</td><td style="display: none;"></td><td style="display: none;"></td><td style="display: none;"></td><td style="display: none;">chips</td><td style="display: none;"></td><td style="display: none;"><a class="recipeLink" href="/recipe_ingredient_search_results.php?query=(_QU5E__1__________280__[]_1_1)">Recipes with chocolate, semisweet</a></td></tr><tr role="row" class="odd"><td tabindex="0"><i class="fas fa-hand-rock"></i></td><td class=" not_printable"><div class="addToGL" data-soscuisine-aisle="10" data-soscuisine-sip="3938309"><i class="fa fa-cart-plus" title="Add to My Grocery List"></i><div></div></div></td><td><img class="storeItemImage" alt="chocolate, semisweet" src="/media/images/store_item/blank.jpg"></td><td>chocolate, semisweet</td><td class="not_printable sorting_1">dry goods &amp; others</td><td><img style="width:50%;" src="/media/images/logos/marchands/2.png" alt="Provigo"></td><td><span itemprop="price">$3.59</span><span itemprop="eligibleQuantity" itemscope="" itemtype="http://schema.org/QuantitativeValue">/<span itemprop="unitText">300g</span></span></td><td>$1.20/100g</td><td style="display: none;">2020-02-26</td><td style="display: none;"></td><td style="display: none;">house brand</td><td style="display: none;"></td><td style="display: none;"></td><td style="display: none;"></td><td style="display: none;">chips</td><td style="display: none;"></td><td style="display: none;"><a class="recipeLink" href="/recipe_ingredient_search_results.php?query=(_QU5E__1__________280__[]_1_1)">Recipes with chocolate, semisweet</a></td></tr><tr role="row" class="even"><td tabindex="0"><i class="fa fa-thumbs-down"></i></td><td class=" not_printable"><div class="addToGL" data-soscuisine-aisle="10" data-soscuisine-sip="3937313"><i class="fa fa-cart-plus" title="Add to My Grocery List"></i><div></div></div></td><td><img class="storeItemImage" alt="chocolate-hazelnut spread" src="/media/images/store_item/blank.jpg"></td><td>chocolate-hazelnut spread</td><td class="not_printable sorting_1">dry goods &amp; others</td><td><img style="width:50%;" src="/media/images/logos/marchands/95.png" alt="Marchés Tau"></td><td><span itemprop="price">$7.99</span><span itemprop="eligibleQuantity" itemscope="" itemtype="http://schema.org/QuantitativeValue">/<span itemprop="unitText">13oz (368g)</span></span></td><td>$2.17/100g</td><td style="display: none;">2020-03-29</td><td style="display: none;"></td><td style="display: none;">MaraNatha</td><td style="display: none;"></td><td style="display: none;"></td><td style="display: none;"></td><td style="display: none;"></td><td style="display: none;"></td><td style="display: none;"><a class="recipeLink" href="/recipe_ingredient_search_results.php?query=(_QU5E__1__________1064__[]_1_1)">Recipes with chocolate-hazelnut spread</a></td></tr><tr role="row" class="odd"><td tabindex="0"><i class="fas fa-hand-rock"></i></td><td class=" not_printable"><div class="addToGL" data-soscuisine-aisle="10" data-soscuisine-sip="3937797"><i class="fa fa-cart-plus" title="Add to My Grocery List"></i><div></div></div></td><td><img class="storeItemImage" alt="chocolate-hazelnut spread" src="/media/images/store_item/blank.jpg"></td><td>chocolate-hazelnut spread</td><td class="not_printable sorting_1">dry goods &amp; others</td><td><img style="width:50%;" src="/media/images/logos/marchands/1.png" alt="Metro"></td><td><span itemprop="price">$7.99</span><span itemprop="eligibleQuantity" itemscope="" itemtype="http://schema.org/QuantitativeValue">/<span itemprop="unitText">1kg</span></span></td><td>$0.80/100g</td><td style="display: none;">2020-02-26</td><td style="display: none;"></td><td style="display: none;">Nutella</td><td style="display: none;"></td><td style="display: none;"></td><td style="display: none;"></td><td style="display: none;"></td><td style="display: none;"></td><td style="display: none;"><a class="recipeLink" href="/recipe_ingredient_search_results.php?query=(_QU5E__1__________1064__[]_1_1)">Recipes with chocolate-hazelnut spread</a></td></tr><tr role="row" class="even"><td tabindex="0"><i class="fa fa-thumbs-down"></i></td><td class=" not_printable"><div class="addToGL" data-soscuisine-aisle="10" data-soscuisine-sip="3937849"><i class="fa fa-cart-plus" title="Add to My Grocery List"></i><div></div></div></td><td><img class="storeItemImage" alt="chocolate-hazelnut spread" src="/media/images/store_item/blank.jpg"></td><td>chocolate-hazelnut spread</td><td class="not_printable sorting_1">dry goods &amp; others</td><td><img style="width:50%;" src="/media/images/logos/marchands/1.png" alt="Metro"></td><td><span itemprop="price">$4.99</span><span itemprop="eligibleQuantity" itemscope="" itemtype="http://schema.org/QuantitativeValue">/<span itemprop="unitText">375g</span></span></td><td>$1.33/100g</td><td style="display: none;">2020-02-26</td><td style="display: none;"></td><td style="display: none;">house brand</td><td style="display: none;"></td><td style="display: none;"></td><td style="display: none;">Organic</td><td style="display: none;"></td><td style="display: none;"></td><td style="display: none;"><a class="recipeLink" href="/recipe_ingredient_search_results.php?query=(_QU5E__1__________1064__[]_1_1)">Recipes with chocolate-hazelnut spread</a></td></tr><tr role="row" class="odd"><td tabindex="0"><i class="fas fa-hand-rock"></i></td><td class=" not_printable"><div class="addToGL" data-soscuisine-aisle="10" data-soscuisine-sip="3936047"><i class="fa fa-cart-plus" title="Add to My Grocery List"></i><div></div></div></td><td><img class="storeItemImage" alt="chocolate-hazelnut spread" src="/media/images/store_item/blank.jpg"></td><td>chocolate-hazelnut spread</td><td class="not_printable sorting_1">dry goods &amp; others</td><td><img style="width:50%;" src="/media/images/logos/marchands/62.png" alt="Supermarché PA"></td><td><span itemprop="price">$2.99</span><span itemprop="eligibleQuantity" itemscope="" itemtype="http://schema.org/QuantitativeValue">/<span itemprop="unitText">375g</span></span></td><td>$0.80/100g</td><td style="display: none;">2020-02-23</td><td style="display: none;"></td><td style="display: none;">Nutella</td><td style="display: none;"></td><td style="display: none;"></td><td style="display: none;"></td><td style="display: none;"></td><td style="display: none;"></td><td style="display: none;"><a class="recipeLink" href="/recipe_ingredient_search_results.php?query=(_QU5E__1__________1064__[]_1_1)">Recipes with chocolate-hazelnut spread</a></td></tr><tr role="row" class="even"><td tabindex="0"><i class="fas fa-hand-rock"></i></td><td class=" not_printable"><div class="addToGL" data-soscuisine-aisle="10" data-soscuisine-sip="3942135"><i class="fa fa-cart-plus" title="Add to My Grocery List"></i><div></div></div></td><td><img class="storeItemImage" alt="coconut milk" src="/media/images/store_item/blank.jpg"></td><td>coconut milk</td><td class="not_printable sorting_1">dry goods &amp; others</td><td><img style="width:50%;" src="/media/images/logos/marchands/13.png" alt="Jardin Mobile"></td><td><span itemprop="price">$4.00</span><span itemprop="eligibleQuantity" itemscope="" itemtype="http://schema.org/QuantitativeValue">/<span itemprop="value">2</span>x<span itemprop="unitText">398mL</span></span></td><td>$5.03/L</td><td style="display: none;">2020-02-26</td><td style="display: none;"></td><td style="display: none;">Haiku</td><td style="display: none;"></td><td style="display: none;"></td><td style="display: none;"></td><td style="display: none;"></td><td style="display: none;"></td><td style="display: none;"><a class="recipeLink" href="/recipe_ingredient_search_results.php?query=(_QU5E__1__________247__[]_1_1)">Recipes with coconut milk</a></td></tr><tr role="row" class="odd"><td tabindex="0"><i class="fas fa-hand-rock"></i></td><td class=" not_printable"><div class="addToGL" data-soscuisine-aisle="10" data-soscuisine-sip="3938843"><i class="fa fa-cart-plus" title="Add to My Grocery List"></i><div></div></div></td><td><img class="storeItemImage" alt="coconut milk" src="/media/images/store_item/blank.jpg"></td><td>coconut milk</td><td class="not_printable sorting_1">dry goods &amp; others</td><td><img style="width:50%;" src="/media/images/logos/marchands/93.png" alt="Rachelle Béry"></td><td><span itemprop="price">$3.49</span><span itemprop="eligibleQuantity" itemscope="" itemtype="http://schema.org/QuantitativeValue">/<span itemprop="unitText">13.5oz (400mL)</span></span></td><td>$8.73/L</td><td style="display: none;">2020-03-04</td><td style="display: none;"></td><td style="display: none;">Earth's Choice</td><td style="display: none;"></td><td style="display: none;"></td><td style="display: none;">Organic</td><td style="display: none;"></td><td style="display: none;"></td><td style="display: none;"><a class="recipeLink" href="/recipe_ingredient_search_results.php?query=(_QU5E__1__________247__[]_1_1)">Recipes with coconut milk</a></td></tr><tr role="row" class="even"><td tabindex="0"><i class="fa fa-thumbs-down"></i></td><td class=" not_printable"><div class="addToGL" data-soscuisine-aisle="10" data-soscuisine-sip="3938841"><i class="fa fa-cart-plus" title="Add to My Grocery List"></i><div></div></div></td><td><img class="storeItemImage" alt="coconut milk" src="/media/images/store_item/blank.jpg"></td><td>coconut milk</td><td class="not_printable sorting_1">dry goods &amp; others</td><td><img style="width:50%;" src="/media/images/logos/marchands/93.png" alt="Rachelle Béry"></td><td><span itemprop="price">$1.99</span><span itemprop="eligibleQuantity" itemscope="" itemtype="http://schema.org/QuantitativeValue">/<span itemprop="unitText">160mL</span></span></td><td>$12.44/L</td><td style="display: none;">2020-03-04</td><td style="display: none;"></td><td style="display: none;">Earth's Choice</td><td style="display: none;"></td><td style="display: none;"></td><td style="display: none;">Organic</td><td style="display: none;"></td><td style="display: none;"></td><td style="display: none;"><a class="recipeLink" href="/recipe_ingredient_search_results.php?query=(_QU5E__1__________247__[]_1_1)">Recipes with coconut milk</a></td></tr><tr role="row" class="odd"><td tabindex="0"><i class="fa fa-thumbs-down"></i></td><td class=" not_printable"><div class="addToGL" data-soscuisine-aisle="10" data-soscuisine-sip="3912931"><i class="fa fa-cart-plus" title="Add to My Grocery List"></i><div></div></div></td><td><img class="storeItemImage" alt="coffee" src="/media/images/store_item/blank.jpg"></td><td>coffee</td><td class="not_printable sorting_1">dry goods &amp; others</td><td><img style="width:50%;" src="/media/images/logos/marchands/94.png" alt="Avril"></td><td><span itemprop="price">$11.99</span><span itemprop="eligibleQuantity" itemscope="" itemtype="http://schema.org/QuantitativeValue">/<span itemprop="unitText">454g (1lb)</span></span></td><td>$2.64/100g</td><td style="display: none;">2020-03-03</td><td style="display: none;"></td><td style="display: none;">Mystique</td><td style="display: none;"></td><td style="display: none;"></td><td style="display: none;"></td><td style="display: none;">beans</td><td style="display: none;"></td><td style="display: none;"><a class="recipeLink" href="/recipe_ingredient_search_results.php?query=(_QU5E__1__________276__[]_1_1)">Recipes with coffee</a></td></tr><tr role="row" class="even"><td tabindex="0"><i class="fa fa-thumbs-up"></i></td><td class=" not_printable"><div class="addToGL" data-soscuisine-aisle="10" data-soscuisine-sip="3939557"><i class="fa fa-cart-plus" title="Add to My Grocery List"></i><div></div></div></td><td><img class="storeItemImage" alt="coffee" src="/media/images/store_item/blank.jpg"></td><td>coffee</td><td class="not_printable sorting_1">dry goods &amp; others</td><td><img style="width:50%;" src="/media/images/logos/marchands/10.png" alt="Bonichoix"></td><td><span itemprop="price">$3.99</span><span itemprop="eligibleQuantity" itemscope="" itemtype="http://schema.org/QuantitativeValue">/<span itemprop="unitText">325g</span></span></td><td>$1.23/100g</td><td style="display: none;">2020-02-26</td><td style="display: none;"></td><td style="display: none;">Maxwell House</td><td style="display: none;"></td><td style="display: none;"></td><td style="display: none;"></td><td style="display: none;">ground</td><td style="display: none;"></td><td style="display: none;"><a class="recipeLink" href="/recipe_ingredient_search_results.php?query=(_QU5E__1__________276__[]_1_1)">Recipes with coffee</a></td></tr><tr role="row" class="odd"><td tabindex="0"><i class="fas fa-hand-rock"></i></td><td class=" not_printable"><div class="addToGL" data-soscuisine-aisle="10" data-soscuisine-sip="3939683"><i class="fa fa-cart-plus" title="Add to My Grocery List"></i><div></div></div></td><td><img class="storeItemImage" alt="coffee" src="/media/images/store_item/blank.jpg"></td><td>coffee</td><td class="not_printable sorting_1">dry goods &amp; others</td><td><img style="width:50%;" src="/media/images/logos/marchands/3.png" alt="IGA"></td><td><span itemprop="price">$6.99</span><span itemprop="eligibleQuantity" itemscope="" itemtype="http://schema.org/QuantitativeValue">/<span itemprop="unitText">300g</span></span></td><td>$2.33/100g</td><td style="display: none;">2020-02-26</td><td style="display: none;"></td><td style="display: none;">Nabob</td><td style="display: none;"></td><td style="display: none;"></td><td style="display: none;"></td><td style="display: none;">ground</td><td style="display: none;"></td><td style="display: none;"><a class="recipeLink" href="/recipe_ingredient_search_results.php?query=(_QU5E__1__________276__[]_1_1)">Recipes with coffee</a></td></tr><tr role="row" class="even"><td tabindex="0"><i class="fa fa-thumbs-down"></i></td><td class=" not_printable"><div class="addToGL" data-soscuisine-aisle="10" data-soscuisine-sip="3939631"><i class="fa fa-cart-plus" title="Add to My Grocery List"></i><div></div></div></td><td><img class="storeItemImage" alt="coffee" src="/media/images/store_item/blank.jpg"></td><td>coffee</td><td class="not_printable sorting_1">dry goods &amp; others</td><td><img style="width:50%;" src="/media/images/logos/marchands/3.png" alt="IGA"></td><td><span itemprop="price">$13.99</span><span itemprop="eligibleQuantity" itemscope="" itemtype="http://schema.org/QuantitativeValue">/<span itemprop="unitText">454g (1lb)</span></span></td><td>$3.08/100g</td><td style="display: none;">2020-02-26</td><td style="display: none;"></td><td style="display: none;">Kicking Horse</td><td style="display: none;"></td><td style="display: none;"></td><td style="display: none;">fair trade, organic</td><td style="display: none;">beans</td><td style="display: none;"></td><td style="display: none;"><a class="recipeLink" href="/recipe_ingredient_search_results.php?query=(_QU5E__1__________276__[]_1_1)">Recipes with coffee</a></td></tr><tr role="row" class="odd"><td tabindex="0"><i class="fas fa-hand-rock"></i></td><td class=" not_printable"><div class="addToGL" data-soscuisine-aisle="10" data-soscuisine-sip="3938715"><i class="fa fa-cart-plus" title="Add to My Grocery List"></i><div></div></div></td><td><img class="storeItemImage" alt="coffee" src="/media/images/store_item/blank.jpg"></td><td>coffee</td><td class="not_printable sorting_1">dry goods &amp; others</td><td><img style="width:50%;" src="/media/images/logos/marchands/69.png" alt="Intermarche (Provincial)"></td><td><span itemprop="price">$14.99</span><span itemprop="eligibleQuantity" itemscope="" itemtype="http://schema.org/QuantitativeValue">/<span itemprop="unitText">650g</span></span></td><td>$2.31/100g</td><td style="display: none;">2020-02-26</td><td style="display: none;"></td><td style="display: none;">Van Houtte</td><td style="display: none;"></td><td style="display: none;"></td><td style="display: none;"></td><td style="display: none;">ground</td><td style="display: none;"></td><td style="display: none;"><a class="recipeLink" href="/recipe_ingredient_search_results.php?query=(_QU5E__1__________276__[]_1_1)">Recipes with coffee</a></td></tr><tr role="row" class="even"><td tabindex="0"><i class="fa fa-thumbs-down"></i></td><td class=" not_printable"><div class="addToGL" data-soscuisine-aisle="10" data-soscuisine-sip="3938727"><i class="fa fa-cart-plus" title="Add to My Grocery List"></i><div></div></div></td><td><img class="storeItemImage" alt="coffee" src="/media/images/store_item/blank.jpg"></td><td>coffee</td><td class="not_printable sorting_1">dry goods &amp; others</td><td><img style="width:50%;" src="/media/images/logos/marchands/69.png" alt="Intermarche (Provincial)"></td><td><span itemprop="price">$14.99</span><span itemprop="eligibleQuantity" itemscope="" itemtype="http://schema.org/QuantitativeValue">/<span itemprop="unitText">454g (1lb)</span></span></td><td>$3.30/100g</td><td style="display: none;">2020-02-26</td><td style="display: none;"></td><td style="display: none;">Kicking Horse</td><td style="display: none;"></td><td style="display: none;"></td><td style="display: none;">fair trade, organic</td><td style="display: none;"></td><td style="display: none;"></td><td style="display: none;"><a class="recipeLink" href="/recipe_ingredient_search_results.php?query=(_QU5E__1__________276__[]_1_1)">Recipes with coffee</a></td></tr><tr role="row" class="odd"><td tabindex="0"><i class="fa fa-thumbs-up"></i></td><td class=" not_printable"><div class="addToGL" data-soscuisine-aisle="10" data-soscuisine-sip="3938437"><i class="fa fa-cart-plus" title="Add to My Grocery List"></i><div></div></div></td><td><img class="storeItemImage" alt="coffee" src="/media/images/store_item/blank.jpg"></td><td>coffee</td><td class="not_printable sorting_1">dry goods &amp; others</td><td><img style="width:50%;" src="/media/images/logos/marchands/7.png" alt="Intermarché (Saveurs intl.)"></td><td><span itemprop="price">$3.00</span><span itemprop="eligibleQuantity" itemscope="" itemtype="http://schema.org/QuantitativeValue">/<span itemprop="unitText">250g</span></span></td><td>$1.20/100g</td><td style="display: none;">2020-02-26</td><td style="display: none;"></td><td style="display: none;">Saquella</td><td style="display: none;"></td><td style="display: none;"></td><td style="display: none;"></td><td style="display: none;"></td><td style="display: none;">espresso</td><td style="display: none;"><a class="recipeLink" href="/recipe_ingredient_search_results.php?query=(_QU5E__1__________276__[]_1_1)">Recipes with coffee</a></td></tr><tr role="row" class="even"><td tabindex="0"><i class="fa fa-thumbs-down"></i></td><td class=" not_printable"><div class="addToGL" data-soscuisine-aisle="10" data-soscuisine-sip="3938369"><i class="fa fa-cart-plus" title="Add to My Grocery List"></i><div></div></div></td><td><img class="storeItemImage" alt="coffee" src="/media/images/store_item/blank.jpg"></td><td>coffee</td><td class="not_printable sorting_1">dry goods &amp; others</td><td><img style="width:50%;" src="/media/images/logos/marchands/7.png" alt="Intermarché (Saveurs intl.)"></td><td><span itemprop="price">$14.99</span><span itemprop="eligibleQuantity" itemscope="" itemtype="http://schema.org/QuantitativeValue">/<span itemprop="unitText">454g (1lb)</span></span></td><td>$3.30/100g</td><td style="display: none;">2020-02-26</td><td style="display: none;"></td><td style="display: none;">Kicking Horse</td><td style="display: none;"></td><td style="display: none;"></td><td style="display: none;">fair trade, organic</td><td style="display: none;"></td><td style="display: none;"></td><td style="display: none;"><a class="recipeLink" href="/recipe_ingredient_search_results.php?query=(_QU5E__1__________276__[]_1_1)">Recipes with coffee</a></td></tr><tr role="row" class="odd"><td tabindex="0"><i class="fa fa-thumbs-up"></i></td><td class=" not_printable"><div class="addToGL" data-soscuisine-aisle="10" data-soscuisine-sip="3939103"><i class="fa fa-cart-plus" title="Add to My Grocery List"></i><div></div></div></td><td><img class="storeItemImage" alt="coffee" src="/media/images/store_item/blank.jpg"></td><td>coffee</td><td class="not_printable sorting_1">dry goods &amp; others</td><td><img style="width:50%;" src="/media/images/logos/marchands/63.png" alt="Marché Adonis"></td><td><span itemprop="price">$2.79</span><span itemprop="eligibleQuantity" itemscope="" itemtype="http://schema.org/QuantitativeValue">/<span itemprop="unitText">250g</span></span></td><td>$1.12/100g</td><td style="display: none;">2020-02-26</td><td style="display: none;"></td><td style="display: none;">Lavazza</td><td style="display: none;"></td><td style="display: none;"></td><td style="display: none;"></td><td style="display: none;">ground</td><td style="display: none;"></td><td style="display: none;"><a class="recipeLink" href="/recipe_ingredient_search_results.php?query=(_QU5E__1__________276__[]_1_1)">Recipes with coffee</a></td></tr><tr role="row" class="even"><td tabindex="0"><i class="fa fa-thumbs-up"></i><i class="fa fa-thumbs-up"></i></td><td class=" not_printable"><div class="addToGL" data-soscuisine-aisle="10" data-soscuisine-sip="3937435"><i class="fa fa-cart-plus" title="Add to My Grocery List"></i><div></div></div></td><td><img class="storeItemImage" alt="coffee" src="/media/images/store_item/blank.jpg"></td><td>coffee</td><td class="not_printable sorting_1">dry goods &amp; others</td><td><img style="width:50%;" src="/media/images/logos/marchands/6.png" alt="Maxi"></td><td><span itemprop="price">$2.00</span><span itemprop="eligibleQuantity" itemscope="" itemtype="http://schema.org/QuantitativeValue">/<span itemprop="unitText">250g</span></span></td><td>$0.80/100g</td><td style="display: none;">2020-02-26</td><td style="display: none;"></td><td style="display: none;">Santo Domingo</td><td style="display: none;"></td><td style="display: none;"></td><td style="display: none;"></td><td style="display: none;"></td><td style="display: none;"></td><td style="display: none;"><a class="recipeLink" href="/recipe_ingredient_search_results.php?query=(_QU5E__1__________276__[]_1_1)">Recipes with coffee</a></td></tr><tr role="row" class="odd"><td tabindex="0"><i class="fas fa-hand-rock"></i></td><td class=" not_printable"><div class="addToGL" data-soscuisine-aisle="10" data-soscuisine-sip="3937857"><i class="fa fa-cart-plus" title="Add to My Grocery List"></i><div></div></div></td><td><img class="storeItemImage" alt="coffee" src="/media/images/store_item/blank.jpg"></td><td>coffee</td><td class="not_printable sorting_1">dry goods &amp; others</td><td><img style="width:50%;" src="/media/images/logos/marchands/1.png" alt="Metro"></td><td><span itemprop="price">$4.00</span><span itemprop="eligibleQuantity" itemscope="" itemtype="http://schema.org/QuantitativeValue">/<span itemprop="unitText">250g</span></span></td><td>$1.60/100g</td><td style="display: none;">2020-02-26</td><td style="display: none;"></td><td style="display: none;">Lavazza</td><td style="display: none;"></td><td style="display: none;"></td><td style="display: none;"></td><td style="display: none;">ground</td><td style="display: none;"></td><td style="display: none;"><a class="recipeLink" href="/recipe_ingredient_search_results.php?query=(_QU5E__1__________276__[]_1_1)">Recipes with coffee</a></td></tr><tr role="row" class="even"><td tabindex="0"><i class="fas fa-hand-rock"></i></td><td class=" not_printable"><div class="addToGL" data-soscuisine-aisle="10" data-soscuisine-sip="3937779"><i class="fa fa-cart-plus" title="Add to My Grocery List"></i><div></div></div></td><td><img class="storeItemImage" alt="coffee" src="/media/images/store_item/blank.jpg"></td><td>coffee</td><td class="not_printable sorting_1">dry goods &amp; others</td><td><img style="width:50%;" src="/media/images/logos/marchands/1.png" alt="Metro"></td><td><span itemprop="price">$14.99</span><span itemprop="eligibleQuantity" itemscope="" itemtype="http://schema.org/QuantitativeValue">/<span itemprop="unitText">930g</span></span></td><td>$1.61/100g</td><td style="display: none;">2020-02-26</td><td style="display: none;"></td><td style="display: none;">Melitta</td><td style="display: none;"></td><td style="display: none;"></td><td style="display: none;"></td><td style="display: none;"></td><td style="display: none;"></td><td style="display: none;"><a class="recipeLink" href="/recipe_ingredient_search_results.php?query=(_QU5E__1__________276__[]_1_1)">Recipes with coffee</a></td></tr><tr role="row" class="odd"><td tabindex="0"><i class="fas fa-hand-rock"></i></td><td class=" not_printable"><div class="addToGL" data-soscuisine-aisle="10" data-soscuisine-sip="3937777"><i class="fa fa-cart-plus" title="Add to My Grocery List"></i><div></div></div></td><td><img class="storeItemImage" alt="coffee" src="/media/images/store_item/blank.jpg"></td><td>coffee</td><td class="not_printable sorting_1">dry goods &amp; others</td><td><img style="width:50%;" src="/media/images/logos/marchands/1.png" alt="Metro"></td><td><span itemprop="price">$14.99</span><span itemprop="eligibleQuantity" itemscope="" itemtype="http://schema.org/QuantitativeValue">/<span itemprop="unitText">2lb (907g)</span></span></td><td>$1.65/100g</td><td style="display: none;">2020-02-26</td><td style="display: none;"></td><td style="display: none;">Melitta</td><td style="display: none;"></td><td style="display: none;"></td><td style="display: none;"></td><td style="display: none;"></td><td style="display: none;"></td><td style="display: none;"><a class="recipeLink" href="/recipe_ingredient_search_results.php?query=(_QU5E__1__________276__[]_1_1)">Recipes with coffee</a></td></tr><tr role="row" class="even"><td tabindex="0"><i class="fas fa-hand-rock"></i></td><td class=" not_printable"><div class="addToGL" data-soscuisine-aisle="10" data-soscuisine-sip="3937803"><i class="fa fa-cart-plus" title="Add to My Grocery List"></i><div></div></div></td><td><img class="storeItemImage" alt="coffee" src="/media/images/store_item/blank.jpg"></td><td>coffee</td><td class="not_printable sorting_1">dry goods &amp; others</td><td><img style="width:50%;" src="/media/images/logos/marchands/1.png" alt="Metro"></td><td><span itemprop="price">$6.99</span><span itemprop="eligibleQuantity" itemscope="" itemtype="http://schema.org/QuantitativeValue">/<span itemprop="unitText">300g</span></span></td><td>$2.33/100g</td><td style="display: none;">2020-02-26</td><td style="display: none;"></td><td style="display: none;">Tim Hortons</td><td style="display: none;"></td><td style="display: none;"></td><td style="display: none;"></td><td style="display: none;">beans</td><td style="display: none;">or ground</td><td style="display: none;"><a class="recipeLink" href="/recipe_ingredient_search_results.php?query=(_QU5E__1__________276__[]_1_1)">Recipes with coffee</a></td></tr><tr role="row" class="odd"><td tabindex="0"><i class="fas fa-hand-rock"></i></td><td class=" not_printable"><div class="addToGL" data-soscuisine-aisle="10" data-soscuisine-sip="3938891"><i class="fa fa-cart-plus" title="Add to My Grocery List"></i><div></div></div></td><td><img class="storeItemImage" alt="coffee" src="/media/images/store_item/blank.jpg"></td><td>coffee</td><td class="not_printable sorting_1">dry goods &amp; others</td><td><img style="width:50%;" src="/media/images/logos/marchands/64.png" alt="Mourelatos"></td><td><span itemprop="price">$5.99</span><span itemprop="eligibleQuantity" itemscope="" itemtype="http://schema.org/QuantitativeValue">/<span itemprop="unitText">300g</span></span></td><td>$2.00/100g</td><td style="display: none;">2020-02-25</td><td style="display: none;"></td><td style="display: none;">Tim Hortons</td><td style="display: none;"></td><td style="display: none;"></td><td style="display: none;"></td><td style="display: none;">ground</td><td style="display: none;"></td><td style="display: none;"><a class="recipeLink" href="/recipe_ingredient_search_results.php?query=(_QU5E__1__________276__[]_1_1)">Recipes with coffee</a></td></tr><tr role="row" class="even"><td tabindex="0"><i class="fa fa-thumbs-up"></i><i class="fa fa-thumbs-up"></i></td><td class=" not_printable"><div class="addToGL" data-soscuisine-aisle="10" data-soscuisine-sip="3938289"><i class="fa fa-cart-plus" title="Add to My Grocery List"></i><div></div></div></td><td><img class="storeItemImage" alt="coffee" src="/media/images/store_item/blank.jpg"></td><td>coffee</td><td class="not_printable sorting_1">dry goods &amp; others</td><td><img style="width:50%;" src="/media/images/logos/marchands/2.png" alt="Provigo"></td><td><span itemprop="price">$12.99</span><span itemprop="eligibleQuantity" itemscope="" itemtype="http://schema.org/QuantitativeValue">/<span itemprop="unitText">1,3kg</span></span></td><td>$1.00/100g</td><td style="display: none;">2020-02-26</td><td style="display: none;"></td><td style="display: none;">house brand</td><td style="display: none;"></td><td style="display: none;"></td><td style="display: none;"></td><td style="display: none;">ground</td><td style="display: none;"></td><td style="display: none;"><a class="recipeLink" href="/recipe_ingredient_search_results.php?query=(_QU5E__1__________276__[]_1_1)">Recipes with coffee</a></td></tr><tr role="row" class="odd"><td tabindex="0"><i class="fas fa-hand-rock"></i></td><td class=" not_printable"><div class="addToGL" data-soscuisine-aisle="10" data-soscuisine-sip="3938287"><i class="fa fa-cart-plus" title="Add to My Grocery List"></i><div></div></div></td><td><img class="storeItemImage" alt="coffee" src="/media/images/store_item/blank.jpg"></td><td>coffee</td><td class="not_printable sorting_1">dry goods &amp; others</td><td><img style="width:50%;" src="/media/images/logos/marchands/2.png" alt="Provigo"></td><td><span itemprop="price">$12.99</span><span itemprop="eligibleQuantity" itemscope="" itemtype="http://schema.org/QuantitativeValue">/<span itemprop="unitText">2lb (907g)</span></span></td><td>$1.43/100g</td><td style="display: none;">2020-02-26</td><td style="display: none;"></td><td style="display: none;">house brand</td><td style="display: none;"></td><td style="display: none;"></td><td style="display: none;"></td><td style="display: none;">beans</td><td style="display: none;">or Pride of Arabia</td><td style="display: none;"><a class="recipeLink" href="/recipe_ingredient_search_results.php?query=(_QU5E__1__________276__[]_1_1)">Recipes with coffee</a></td></tr><tr role="row" class="even"><td tabindex="0"><i class="fas fa-hand-rock"></i></td><td class=" not_printable"><div class="addToGL" data-soscuisine-aisle="10" data-soscuisine-sip="3940651"><i class="fa fa-cart-plus" title="Add to My Grocery List"></i><div></div></div></td><td><img class="storeItemImage" alt="coffee" src="/media/images/store_item/blank.jpg"></td><td>coffee</td><td class="not_printable sorting_1">dry goods &amp; others</td><td><img style="width:50%;" src="/media/images/logos/marchands/5.png" alt="Super C"></td><td><span itemprop="price">$6.99</span><span itemprop="eligibleQuantity" itemscope="" itemtype="http://schema.org/QuantitativeValue">/<span itemprop="unitText">300g</span></span></td><td>$2.33/100g</td><td style="display: none;">2020-02-26</td><td style="display: none;"></td><td style="display: none;">Tim Hortons</td><td style="display: none;"></td><td style="display: none;"></td><td style="display: none;"></td><td style="display: none;"></td><td style="display: none;"></td><td style="display: none;"><a class="recipeLink" href="/recipe_ingredient_search_results.php?query=(_QU5E__1__________276__[]_1_1)">Recipes with coffee</a></td></tr><tr role="row" class="odd"><td tabindex="0"><i class="fas fa-hand-rock"></i></td><td class=" not_printable"><div class="addToGL" data-soscuisine-aisle="10" data-soscuisine-sip="3936019"><i class="fa fa-cart-plus" title="Add to My Grocery List"></i><div></div></div></td><td><img class="storeItemImage" alt="coffee" src="/media/images/store_item/blank.jpg"></td><td>coffee</td><td class="not_printable sorting_1">dry goods &amp; others</td><td><img style="width:50%;" src="/media/images/logos/marchands/62.png" alt="Supermarché PA"></td><td><span itemprop="price">$7.99</span><span itemprop="eligibleQuantity" itemscope="" itemtype="http://schema.org/QuantitativeValue">/<span itemprop="unitText">488g</span></span></td><td>$1.64/100g</td><td style="display: none;">2020-02-23</td><td style="display: none;"></td><td style="display: none;"></td><td style="display: none;"></td><td style="display: none;"></td><td style="display: none;"></td><td style="display: none;"></td><td style="display: none;">Meraklis</td><td style="display: none;"><a class="recipeLink" href="/recipe_ingredient_search_results.php?query=(_QU5E__1__________276__[]_1_1)">Recipes with coffee</a></td></tr><tr role="row" class="even"><td tabindex="0"><i class="fas fa-hand-rock"></i></td><td class=" not_printable"><div class="addToGL" data-soscuisine-aisle="10" data-soscuisine-sip="3940757"><i class="fa fa-cart-plus" title="Add to My Grocery List"></i><div></div></div></td><td><img class="storeItemImage" alt="coffee" src="/media/images/store_item/blank.jpg"></td><td>coffee</td><td class="not_printable sorting_1">dry goods &amp; others</td><td><img style="width:50%;" src="/media/images/logos/marchands/11.png" alt="Tradition"></td><td><span itemprop="price">$12.99</span><span itemprop="eligibleQuantity" itemscope="" itemtype="http://schema.org/QuantitativeValue">/<span itemprop="unitText">650g</span></span></td><td>$2.00/100g</td><td style="display: none;">2020-02-26</td><td style="display: none;">Quebec</td><td style="display: none;">Van Houtte</td><td style="display: none;"></td><td style="display: none;"></td><td style="display: none;"></td><td style="display: none;">ground</td><td style="display: none;"></td><td style="display: none;"><a class="recipeLink" href="/recipe_ingredient_search_results.php?query=(_QU5E__1__________276__[]_1_1)">Recipes with coffee</a></td></tr><tr role="row" class="odd"><td tabindex="0"><i class="fa fa-thumbs-up"></i><i class="fa fa-thumbs-up"></i></td><td class=" not_printable"><div class="addToGL" data-soscuisine-aisle="10" data-soscuisine-sip="3940993"><i class="fa fa-cart-plus" title="Add to My Grocery List"></i><div></div></div></td><td><img class="storeItemImage" alt="coffee" src="/media/images/store_item/blank.jpg"></td><td>coffee</td><td class="not_printable sorting_1">dry goods &amp; others</td><td><img style="width:50%;" src="/media/images/logos/marchands/73.png" alt="Walmart"></td><td><span itemprop="price">$6.97</span><span itemprop="eligibleQuantity" itemscope="" itemtype="http://schema.org/QuantitativeValue">/<span itemprop="unitText">925g</span></span></td><td>$0.75/100g</td><td style="display: none;">2020-02-26</td><td style="display: none;"></td><td style="display: none;">Maxwell House</td><td style="display: none;"></td><td style="display: none;"></td><td style="display: none;"></td><td style="display: none;"></td><td style="display: none;"></td><td style="display: none;"><a class="recipeLink" href="/recipe_ingredient_search_results.php?query=(_QU5E__1__________276__[]_1_1)">Recipes with coffee</a></td></tr><tr role="row" class="even"><td tabindex="0"><i class="fa fa-thumbs-down"></i></td><td class=" not_printable"><div class="addToGL" data-soscuisine-aisle="10" data-soscuisine-sip="3912957"><i class="fa fa-cart-plus" title="Add to My Grocery List"></i><div></div></div></td><td><img class="storeItemImage" alt="crackers" src="/media/images/store_item/blank.jpg"></td><td>crackers</td><td class="not_printable sorting_1">dry goods &amp; others</td><td><img style="width:50%;" src="/media/images/logos/marchands/94.png" alt="Avril"></td><td><span itemprop="price">$4.99</span><span itemprop="eligibleQuantity" itemscope="" itemtype="http://schema.org/QuantitativeValue">/<span itemprop="value">2</span>x<span itemprop="unitText">120g</span></span></td><td>$2.08/100g</td><td style="display: none;">2020-03-03</td><td style="display: none;"></td><td style="display: none;">Artisan</td><td style="display: none;"></td><td style="display: none;"></td><td style="display: none;">Organic</td><td style="display: none;"></td><td style="display: none;"></td><td style="display: none;"><a class="recipeLink" href="/recipe_ingredient_search_results.php?query=(_QU5E__1__________1163__[]_1_1)">Recipes with crackers</a></td></tr><tr role="row" class="odd"><td tabindex="0"><i class="fa fa-thumbs-down"></i></td><td class=" not_printable"><div class="addToGL" data-soscuisine-aisle="10" data-soscuisine-sip="3912959"><i class="fa fa-cart-plus" title="Add to My Grocery List"></i><div></div></div></td><td><img class="storeItemImage" alt="crackers" src="/media/images/store_item/blank.jpg"></td><td>crackers</td><td class="not_printable sorting_1">dry goods &amp; others</td><td><img style="width:50%;" src="/media/images/logos/marchands/94.png" alt="Avril"></td><td><span itemprop="price">$2.99</span><span itemprop="eligibleQuantity" itemscope="" itemtype="http://schema.org/QuantitativeValue">/<span itemprop="unitText">120g</span></span></td><td>$2.49/100g</td><td style="display: none;">2020-03-03</td><td style="display: none;"></td><td style="display: none;">Artisan</td><td style="display: none;"></td><td style="display: none;"></td><td style="display: none;">Organic</td><td style="display: none;"></td><td style="display: none;"></td><td style="display: none;"><a class="recipeLink" href="/recipe_ingredient_search_results.php?query=(_QU5E__1__________1163__[]_1_1)">Recipes with crackers</a></td></tr><tr role="row" class="even"><td tabindex="0"><i class="fas fa-hand-rock"></i></td><td class=" not_printable"><div class="addToGL" data-soscuisine-aisle="10" data-soscuisine-sip="3939703"><i class="fa fa-cart-plus" title="Add to My Grocery List"></i><div></div></div></td><td><img class="storeItemImage" alt="crackers" src="/media/images/store_item/blank.jpg"></td><td>crackers</td><td class="not_printable sorting_1">dry goods &amp; others</td><td><img style="width:50%;" src="/media/images/logos/marchands/10.png" alt="Bonichoix"></td><td><span itemprop="price">$6.00</span><span itemprop="eligibleQuantity" itemscope="" itemtype="http://schema.org/QuantitativeValue">/<span itemprop="value">2</span>x<span itemprop="unitText">200g</span></span></td><td>$1.50/100g</td><td style="display: none;">2020-02-26</td><td style="display: none;"></td><td style="display: none;">Christie</td><td style="display: none;"></td><td style="display: none;"></td><td style="display: none;"></td><td style="display: none;"></td><td style="display: none;"></td><td style="display: none;"><a class="recipeLink" href="/recipe_ingredient_search_results.php?query=(_QU5E__1__________1163__[]_1_1)">Recipes with crackers</a></td></tr><tr role="row" class="odd"><td tabindex="0"><i class="fa fa-thumbs-up"></i></td><td class=" not_printable"><div class="addToGL" data-soscuisine-aisle="10" data-soscuisine-sip="3939461"><i class="fa fa-cart-plus" title="Add to My Grocery List"></i><div></div></div></td><td><img class="storeItemImage" alt="crackers" src="/media/images/store_item/blank.jpg"></td><td>crackers</td><td class="not_printable sorting_1">dry goods &amp; others</td><td><img style="width:50%;" src="/media/images/logos/marchands/3.png" alt="IGA"></td><td><span itemprop="price">$3.99</span><span itemprop="eligibleQuantity" itemscope="" itemtype="http://schema.org/QuantitativeValue">/<span itemprop="unitText">450g</span></span></td><td>$0.89/100g</td><td style="display: none;">2020-02-26</td><td style="display: none;"></td><td style="display: none;">Christie</td><td style="display: none;"></td><td style="display: none;"></td><td style="display: none;"></td><td style="display: none;"></td><td style="display: none;"></td><td style="display: none;"><a class="recipeLink" href="/recipe_ingredient_search_results.php?query=(_QU5E__1__________1163__[]_1_1)">Recipes with crackers</a></td></tr><tr role="row" class="even"><td tabindex="0"><i class="fas fa-hand-rock"></i></td><td class=" not_printable"><div class="addToGL" data-soscuisine-aisle="10" data-soscuisine-sip="3938965"><i class="fa fa-cart-plus" title="Add to My Grocery List"></i><div></div></div></td><td><img class="storeItemImage" alt="crackers" src="/media/images/store_item/blank.jpg"></td><td>crackers</td><td class="not_printable sorting_1">dry goods &amp; others</td><td><img style="width:50%;" src="/media/images/logos/marchands/3.png" alt="IGA"></td><td><span itemprop="price">$3.98</span><span itemprop="eligibleQuantity" itemscope="" itemtype="http://schema.org/QuantitativeValue">/<span itemprop="value">3</span>x<span itemprop="unitText">100g</span></span></td><td>$1.33/100g</td><td style="display: none;">2020-02-26</td><td style="display: none;"></td><td style="display: none;">house brand</td><td style="display: none;"></td><td style="display: none;"></td><td style="display: none;"></td><td style="display: none;"></td><td style="display: none;"></td><td style="display: none;"><a class="recipeLink" href="/recipe_ingredient_search_results.php?query=(_QU5E__1__________1163__[]_1_1)">Recipes with crackers</a></td></tr><tr role="row" class="odd"><td tabindex="0"><i class="fa fa-thumbs-down"></i></td><td class=" not_printable"><div class="addToGL" data-soscuisine-aisle="10" data-soscuisine-sip="3938963"><i class="fa fa-cart-plus" title="Add to My Grocery List"></i><div></div></div></td><td><img class="storeItemImage" alt="crackers" src="/media/images/store_item/blank.jpg"></td><td>crackers</td><td class="not_printable sorting_1">dry goods &amp; others</td><td><img style="width:50%;" src="/media/images/logos/marchands/3.png" alt="IGA"></td><td><span itemprop="price">$1.99</span><span itemprop="eligibleQuantity" itemscope="" itemtype="http://schema.org/QuantitativeValue">/<span itemprop="unitText">100g</span></span></td><td>$1.99/100g</td><td style="display: none;">2020-02-26</td><td style="display: none;"></td><td style="display: none;">house brand</td><td style="display: none;"></td><td style="display: none;"></td><td style="display: none;"></td><td style="display: none;"></td><td style="display: none;"></td><td style="display: none;"><a class="recipeLink" href="/recipe_ingredient_search_results.php?query=(_QU5E__1__________1163__[]_1_1)">Recipes with crackers</a></td></tr><tr role="row" class="even"><td tabindex="0"><i class="fa fa-thumbs-down"></i></td><td class=" not_printable"><div class="addToGL" data-soscuisine-aisle="10" data-soscuisine-sip="3939719"><i class="fa fa-cart-plus" title="Add to My Grocery List"></i><div></div></div></td><td><img class="storeItemImage" alt="crackers" src="/media/images/store_item/blank.jpg"></td><td>crackers</td><td class="not_printable sorting_1">dry goods &amp; others</td><td><img style="width:50%;" src="/media/images/logos/marchands/3.png" alt="IGA"></td><td><span itemprop="price">$5.50</span><span itemprop="eligibleQuantity" itemscope="" itemtype="http://schema.org/QuantitativeValue">/<span itemprop="value">2</span>x<span itemprop="unitText">120g</span></span></td><td>$2.29/100g</td><td style="display: none;">2020-02-26</td><td style="display: none;"></td><td style="display: none;">Grissol</td><td style="display: none;"></td><td style="display: none;"></td><td style="display: none;"></td><td style="display: none;"></td><td style="display: none;"></td><td style="display: none;"><a class="recipeLink" href="/recipe_ingredient_search_results.php?query=(_QU5E__1__________1163__[]_1_1)">Recipes with crackers</a></td></tr><tr role="row" class="odd"><td tabindex="0"><i class="fa fa-thumbs-up"></i></td><td class=" not_printable"><div class="addToGL" data-soscuisine-aisle="10" data-soscuisine-sip="3938717"><i class="fa fa-cart-plus" title="Add to My Grocery List"></i><div></div></div></td><td><img class="storeItemImage" alt="crackers" src="/media/images/store_item/blank.jpg"></td><td>crackers</td><td class="not_printable sorting_1">dry goods &amp; others</td><td><img style="width:50%;" src="/media/images/logos/marchands/69.png" alt="Intermarche (Provincial)"></td><td><span itemprop="price">$2.49</span><span itemprop="eligibleQuantity" itemscope="" itemtype="http://schema.org/QuantitativeValue">/<span itemprop="unitText">260g</span></span></td><td>$0.96/100g</td><td style="display: none;">2020-02-26</td><td style="display: none;"></td><td style="display: none;"></td><td style="display: none;"></td><td style="display: none;"></td><td style="display: none;"></td><td style="display: none;"></td><td style="display: none;">Keebler</td><td style="display: none;"><a class="recipeLink" href="/recipe_ingredient_search_results.php?query=(_QU5E__1__________1163__[]_1_1)">Recipes with crackers</a></td></tr><tr role="row" class="even"><td tabindex="0"><i class="fa fa-thumbs-up"></i></td><td class=" not_printable"><div class="addToGL" data-soscuisine-aisle="10" data-soscuisine-sip="3937555"><i class="fa fa-cart-plus" title="Add to My Grocery List"></i><div></div></div></td><td><img class="storeItemImage" alt="crackers" src="/media/images/store_item/blank.jpg"></td><td>crackers</td><td class="not_printable sorting_1">dry goods &amp; others</td><td><img style="width:50%;" src="/media/images/logos/marchands/6.png" alt="Maxi"></td><td><span itemprop="price">$2.00</span><span itemprop="eligibleQuantity" itemscope="" itemtype="http://schema.org/QuantitativeValue">/<span itemprop="unitText">8oz (227g)</span></span></td><td>$0.88/100g</td><td style="display: none;">2020-02-26</td><td style="display: none;"></td><td style="display: none;">Dare</td><td style="display: none;"></td><td style="display: none;"></td><td style="display: none;"></td><td style="display: none;"></td><td style="display: none;"></td><td style="display: none;"><a class="recipeLink" href="/recipe_ingredient_search_results.php?query=(_QU5E__1__________1163__[]_1_1)">Recipes with crackers</a></td></tr><tr role="row" class="odd"><td tabindex="0"><i class="fas fa-hand-rock"></i></td><td class=" not_printable"><div class="addToGL" data-soscuisine-aisle="10" data-soscuisine-sip="3937575"><i class="fa fa-cart-plus" title="Add to My Grocery List"></i><div></div></div></td><td><img class="storeItemImage" alt="crackers" src="/media/images/store_item/blank.jpg"></td><td>crackers</td><td class="not_printable sorting_1">dry goods &amp; others</td><td><img style="width:50%;" src="/media/images/logos/marchands/6.png" alt="Maxi"></td><td><span itemprop="price">$2.00</span><span itemprop="eligibleQuantity" itemscope="" itemtype="http://schema.org/QuantitativeValue">/<span itemprop="unitText">200g</span></span></td><td>$1.00/100g</td><td style="display: none;">2020-02-26</td><td style="display: none;"></td><td style="display: none;">Pepperidge Farm</td><td style="display: none;"></td><td style="display: none;"></td><td style="display: none;"></td><td style="display: none;"></td><td style="display: none;"></td><td style="display: none;"><a class="recipeLink" href="/recipe_ingredient_search_results.php?query=(_QU5E__1__________1163__[]_1_1)">Recipes with crackers</a></td></tr><tr role="row" class="even"><td tabindex="0"><i class="fa fa-thumbs-up"></i><i class="fa fa-thumbs-up"></i></td><td class=" not_printable"><div class="addToGL" data-soscuisine-aisle="10" data-soscuisine-sip="3937867"><i class="fa fa-cart-plus" title="Add to My Grocery List"></i><div></div></div></td><td><img class="storeItemImage" alt="crackers" src="/media/images/store_item/blank.jpg"></td><td>crackers</td><td class="not_printable sorting_1">dry goods &amp; others</td><td><img style="width:50%;" src="/media/images/logos/marchands/1.png" alt="Metro"></td><td><span itemprop="price">$2.00</span><span itemprop="eligibleQuantity" itemscope="" itemtype="http://schema.org/QuantitativeValue">/<span itemprop="unitText">454g (1lb)</span></span></td><td>$0.44/100g</td><td style="display: none;">2020-02-26</td><td style="display: none;"></td><td style="display: none;">house brand</td><td style="display: none;"></td><td style="display: none;"></td><td style="display: none;"></td><td style="display: none;"></td><td style="display: none;"></td><td style="display: none;"><a class="recipeLink" href="/recipe_ingredient_search_results.php?query=(_QU5E__1__________1163__[]_1_1)">Recipes with crackers</a></td></tr><tr role="row" class="odd"><td tabindex="0"><i class="fa fa-thumbs-up"></i></td><td class=" not_printable"><div class="addToGL" data-soscuisine-aisle="10" data-soscuisine-sip="3937905"><i class="fa fa-cart-plus" title="Add to My Grocery List"></i><div></div></div></td><td><img class="storeItemImage" alt="crackers" src="/media/images/store_item/blank.jpg"></td><td>crackers</td><td class="not_printable sorting_1">dry goods &amp; others</td><td><img style="width:50%;" src="/media/images/logos/marchands/1.png" alt="Metro"></td><td><span itemprop="price">$5.50</span><span itemprop="eligibleQuantity" itemscope="" itemtype="http://schema.org/QuantitativeValue">/<span itemprop="value">3</span>x<span itemprop="unitText">200g</span></span></td><td>$0.92/100g</td><td style="display: none;">2020-02-26</td><td style="display: none;"></td><td style="display: none;">Pepperidge Farm</td><td style="display: none;"></td><td style="display: none;"></td><td style="display: none;"></td><td style="display: none;"></td><td style="display: none;">price after 3 for 2</td><td style="display: none;"><a class="recipeLink" href="/recipe_ingredient_search_results.php?query=(_QU5E__1__________1163__[]_1_1)">Recipes with crackers</a></td></tr><tr role="row" class="even"><td tabindex="0"><i class="fas fa-hand-rock"></i></td><td class=" not_printable"><div class="addToGL" data-soscuisine-aisle="10" data-soscuisine-sip="3937903"><i class="fa fa-cart-plus" title="Add to My Grocery List"></i><div></div></div></td><td><img class="storeItemImage" alt="crackers" src="/media/images/store_item/blank.jpg"></td><td>crackers</td><td class="not_printable sorting_1">dry goods &amp; others</td><td><img style="width:50%;" src="/media/images/logos/marchands/1.png" alt="Metro"></td><td><span itemprop="price">$2.75</span><span itemprop="eligibleQuantity" itemscope="" itemtype="http://schema.org/QuantitativeValue">/<span itemprop="unitText">200g</span></span></td><td>$1.38/100g</td><td style="display: none;">2020-02-26</td><td style="display: none;"></td><td style="display: none;">Pepperidge Farm</td><td style="display: none;"></td><td style="display: none;"></td><td style="display: none;"></td><td style="display: none;"></td><td style="display: none;"></td><td style="display: none;"><a class="recipeLink" href="/recipe_ingredient_search_results.php?query=(_QU5E__1__________1163__[]_1_1)">Recipes with crackers</a></td></tr><tr role="row" class="odd"><td tabindex="0"><i class="fas fa-hand-rock"></i></td><td class=" not_printable"><div class="addToGL" data-soscuisine-aisle="10" data-soscuisine-sip="3938307"><i class="fa fa-cart-plus" title="Add to My Grocery List"></i><div></div></div></td><td><img class="storeItemImage" alt="crackers" src="/media/images/store_item/blank.jpg"></td><td>crackers</td><td class="not_printable sorting_1">dry goods &amp; others</td><td><img style="width:50%;" src="/media/images/logos/marchands/2.png" alt="Provigo"></td><td><span itemprop="price">$5.00</span><span itemprop="eligibleQuantity" itemscope="" itemtype="http://schema.org/QuantitativeValue">/<span itemprop="value">2</span>x<span itemprop="unitText">200g</span></span></td><td>$1.25/100g</td><td style="display: none;">2020-02-26</td><td style="display: none;"></td><td style="display: none;">Christie</td><td style="display: none;"></td><td style="display: none;"></td><td style="display: none;"></td><td style="display: none;"></td><td style="display: none;"></td><td style="display: none;"><a class="recipeLink" href="/recipe_ingredient_search_results.php?query=(_QU5E__1__________1163__[]_1_1)">Recipes with crackers</a></td></tr><tr role="row" class="even"><td tabindex="0"><i class="fas fa-hand-rock"></i></td><td class=" not_printable"><div class="addToGL" data-soscuisine-aisle="10" data-soscuisine-sip="3938305"><i class="fa fa-cart-plus" title="Add to My Grocery List"></i><div></div></div></td><td><img class="storeItemImage" alt="crackers" src="/media/images/store_item/blank.jpg"></td><td>crackers</td><td class="not_printable sorting_1">dry goods &amp; others</td><td><img style="width:50%;" src="/media/images/logos/marchands/2.png" alt="Provigo"></td><td><span itemprop="price">$2.99</span><span itemprop="eligibleQuantity" itemscope="" itemtype="http://schema.org/QuantitativeValue">/<span itemprop="unitText">200g</span></span></td><td>$1.50/100g</td><td style="display: none;">2020-02-26</td><td style="display: none;"></td><td style="display: none;">Christie</td><td style="display: none;"></td><td style="display: none;"></td><td style="display: none;"></td><td style="display: none;"></td><td style="display: none;"></td><td style="display: none;"><a class="recipeLink" href="/recipe_ingredient_search_results.php?query=(_QU5E__1__________1163__[]_1_1)">Recipes with crackers</a></td></tr><tr role="row" class="odd"><td tabindex="0"><i class="fas fa-hand-rock"></i></td><td class=" not_printable"><div class="addToGL" data-soscuisine-aisle="10" data-soscuisine-sip="3940701"><i class="fa fa-cart-plus" title="Add to My Grocery List"></i><div></div></div></td><td><img class="storeItemImage" alt="crackers" src="/media/images/store_item/blank.jpg"></td><td>crackers</td><td class="not_printable sorting_1">dry goods &amp; others</td><td><img style="width:50%;" src="/media/images/logos/marchands/5.png" alt="Super C"></td><td><span itemprop="price">$5.50</span><span itemprop="eligibleQuantity" itemscope="" itemtype="http://schema.org/QuantitativeValue">/<span itemprop="value">2</span>x<span itemprop="unitText">200g</span></span></td><td>$1.38/100g</td><td style="display: none;">2020-02-26</td><td style="display: none;"></td><td style="display: none;">Christie</td><td style="display: none;"></td><td style="display: none;"></td><td style="display: none;"></td><td style="display: none;"></td><td style="display: none;"></td><td style="display: none;"><a class="recipeLink" href="/recipe_ingredient_search_results.php?query=(_QU5E__1__________1163__[]_1_1)">Recipes with crackers</a></td></tr><tr role="row" class="even"><td tabindex="0"><i class="fa fa-thumbs-up"></i></td><td class=" not_printable"><div class="addToGL" data-soscuisine-aisle="10" data-soscuisine-sip="3940539"><i class="fa fa-cart-plus" title="Add to My Grocery List"></i><div></div></div></td><td><img class="storeItemImage" alt="crackers" src="/media/images/store_item/blank.jpg"></td><td>crackers</td><td class="not_printable sorting_1">dry goods &amp; others</td><td><img style="width:50%;" src="/media/images/logos/marchands/11.png" alt="Tradition"></td><td><span itemprop="price">$1.99</span><span itemprop="eligibleQuantity" itemscope="" itemtype="http://schema.org/QuantitativeValue">/<span itemprop="unitText">225g</span></span></td><td>$0.88/100g</td><td style="display: none;">2020-02-26</td><td style="display: none;"></td><td style="display: none;">Dare</td><td style="display: none;"></td><td style="display: none;"></td><td style="display: none;"></td><td style="display: none;"></td><td style="display: none;"></td><td style="display: none;"><a class="recipeLink" href="/recipe_ingredient_search_results.php?query=(_QU5E__1__________1163__[]_1_1)">Recipes with crackers</a></td></tr><tr role="row" class="odd"><td tabindex="0"><i class="fas fa-hand-rock"></i></td><td class=" not_printable"><div class="addToGL" data-soscuisine-aisle="10" data-soscuisine-sip="3940787"><i class="fa fa-cart-plus" title="Add to My Grocery List"></i><div></div></div></td><td><img class="storeItemImage" alt="crackers" src="/media/images/store_item/blank.jpg"></td><td>crackers</td><td class="not_printable sorting_1">dry goods &amp; others</td><td><img style="width:50%;" src="/media/images/logos/marchands/11.png" alt="Tradition"></td><td><span itemprop="price">$6.00</span><span itemprop="eligibleQuantity" itemscope="" itemtype="http://schema.org/QuantitativeValue">/<span itemprop="value">2</span>x<span itemprop="unitText">200g</span></span></td><td>$1.50/100g</td><td style="display: none;">2020-02-26</td><td style="display: none;"></td><td style="display: none;">Christie</td><td style="display: none;"></td><td style="display: none;"></td><td style="display: none;"></td><td style="display: none;"></td><td style="display: none;"></td><td style="display: none;"><a class="recipeLink" href="/recipe_ingredient_search_results.php?query=(_QU5E__1__________1163__[]_1_1)">Recipes with crackers</a></td></tr><tr role="row" class="even"><td tabindex="0"><i class="fas fa-exclamation"></i></td><td class=" not_printable"><div class="addToGL" data-soscuisine-aisle="10" data-soscuisine-sip="3939725"><i class="fa fa-cart-plus" title="Add to My Grocery List"></i><div></div></div></td><td><img class="storeItemImage" alt="creamy soy preparation for cooking" src="/media/images/store_item/blank.jpg"></td><td>creamy soy preparation for cooking</td><td class="not_printable sorting_1">dry goods &amp; others</td><td><img style="width:50%;" src="/media/images/logos/marchands/3.png" alt="IGA"></td><td><span itemprop="price">$1.99</span><span itemprop="eligibleQuantity" itemscope="" itemtype="http://schema.org/QuantitativeValue">/<span itemprop="unitText">250mL</span></span></td><td>$0.80/100mL</td><td style="display: none;">2020-02-26</td><td style="display: none;"></td><td style="display: none;">Belsoy</td><td style="display: none;"></td><td style="display: none;"></td><td style="display: none;">Organic</td><td style="display: none;"></td><td style="display: none;"></td><td style="display: none;"><a class="recipeLink" href="/recipe_ingredient_search_results.php?query=(_QU5E__1__________1115__[]_1_1)">Recipes with creamy soy preparation for cooking</a></td></tr><tr role="row" class="odd"><td tabindex="0"><i class="fas fa-exclamation"></i></td><td class=" not_printable"><div class="addToGL" data-soscuisine-aisle="10" data-soscuisine-sip="3942129"><i class="fa fa-cart-plus" title="Add to My Grocery List"></i><div></div></div></td><td><img class="storeItemImage" alt="creamy soy preparation for cooking" src="/media/images/store_item/blank.jpg"></td><td>creamy soy preparation for cooking</td><td class="not_printable sorting_1">dry goods &amp; others</td><td><img style="width:50%;" src="/media/images/logos/marchands/13.png" alt="Jardin Mobile"></td><td><span itemprop="price">$4.00</span><span itemprop="eligibleQuantity" itemscope="" itemtype="http://schema.org/QuantitativeValue">/<span itemprop="value">2</span>x<span itemprop="unitText">250mL</span></span></td><td>$0.80/100mL</td><td style="display: none;">2020-02-26</td><td style="display: none;"></td><td style="display: none;">Belsoy</td><td style="display: none;"></td><td style="display: none;"></td><td style="display: none;"></td><td style="display: none;"></td><td style="display: none;"></td><td style="display: none;"><a class="recipeLink" href="/recipe_ingredient_search_results.php?query=(_QU5E__1__________1115__[]_1_1)">Recipes with creamy soy preparation for cooking</a></td></tr><tr role="row" class="even"><td tabindex="0"><i class="fa fa-thumbs-up"></i><i class="fa fa-thumbs-up"></i></td><td class=" not_printable"><div class="addToGL" data-soscuisine-aisle="10" data-soscuisine-sip="3939829"><i class="fa fa-cart-plus" title="Add to My Grocery List"></i><div></div></div></td><td><img class="storeItemImage" alt="granola bars" src="/media/images/store_item/blank.jpg"></td><td>granola bars</td><td class="not_printable sorting_1">dry goods &amp; others</td><td><img style="width:50%;" src="/media/images/logos/marchands/3.png" alt="IGA"></td><td><span itemprop="price">$1.49</span><span itemprop="eligibleQuantity" itemscope="" itemtype="http://schema.org/QuantitativeValue">/<span itemprop="unitText">5,5oz (156g)</span></span></td><td>$0.96/100g</td><td style="display: none;">2020-02-26</td><td style="display: none;"></td><td style="display: none;">house brand</td><td style="display: none;"></td><td style="display: none;"></td><td style="display: none;"></td><td style="display: none;"></td><td style="display: none;"></td><td style="display: none;"><a class="recipeLink" href="/recipe_ingredient_search_results.php?query=(_QU5E__1__________963__[]_1_1)">Recipes with granola bars</a></td></tr><tr role="row" class="odd"><td tabindex="0"><i class="fa fa-thumbs-up"></i></td><td class=" not_printable"><div class="addToGL" data-soscuisine-aisle="10" data-soscuisine-sip="3938707"><i class="fa fa-cart-plus" title="Add to My Grocery List"></i><div></div></div></td><td><img class="storeItemImage" alt="granola bars" src="/media/images/store_item/blank.jpg"></td><td>granola bars</td><td class="not_printable sorting_1">dry goods &amp; others</td><td><img style="width:50%;" src="/media/images/logos/marchands/69.png" alt="Intermarche (Provincial)"></td><td><span itemprop="price">$1.99</span><span itemprop="eligibleQuantity" itemscope="" itemtype="http://schema.org/QuantitativeValue">/<span itemprop="unitText">5,5oz (156g)</span></span></td><td>$1.28/100g</td><td style="display: none;">2020-02-26</td><td style="display: none;"></td><td style="display: none;">Quaker</td><td style="display: none;"></td><td style="display: none;"></td><td style="display: none;"></td><td style="display: none;"></td><td style="display: none;"></td><td style="display: none;"><a class="recipeLink" href="/recipe_ingredient_search_results.php?query=(_QU5E__1__________963__[]_1_1)">Recipes with granola bars</a></td></tr><tr role="row" class="even"><td tabindex="0"><i class="fa fa-thumbs-up"></i></td><td class=" not_printable"><div class="addToGL" data-soscuisine-aisle="10" data-soscuisine-sip="3938487"><i class="fa fa-cart-plus" title="Add to My Grocery List"></i><div></div></div></td><td><img class="storeItemImage" alt="granola bars" src="/media/images/store_item/blank.jpg"></td><td>granola bars</td><td class="not_printable sorting_1">dry goods &amp; others</td><td><img style="width:50%;" src="/media/images/logos/marchands/7.png" alt="Intermarché (Saveurs intl.)"></td><td><span itemprop="price">$1.99</span><span itemprop="eligibleQuantity" itemscope="" itemtype="http://schema.org/QuantitativeValue">/<span itemprop="unitText">5,5oz (156g)</span></span></td><td>$1.28/100g</td><td style="display: none;">2020-02-26</td><td style="display: none;"></td><td style="display: none;">Quaker</td><td style="display: none;"></td><td style="display: none;"></td><td style="display: none;"></td><td style="display: none;"></td><td style="display: none;"></td><td style="display: none;"><a class="recipeLink" href="/recipe_ingredient_search_results.php?query=(_QU5E__1__________963__[]_1_1)">Recipes with granola bars</a></td></tr><tr role="row" class="odd"><td tabindex="0"><i class="fa fa-thumbs-up"></i></td><td class=" not_printable"><div class="addToGL" data-soscuisine-aisle="10" data-soscuisine-sip="3937561"><i class="fa fa-cart-plus" title="Add to My Grocery List"></i><div></div></div></td><td><img class="storeItemImage" alt="granola bars" src="/media/images/store_item/blank.jpg"></td><td>granola bars</td><td class="not_printable sorting_1">dry goods &amp; others</td><td><img style="width:50%;" src="/media/images/logos/marchands/6.png" alt="Maxi"></td><td><span itemprop="price">$2.00</span><span itemprop="eligibleQuantity" itemscope="" itemtype="http://schema.org/QuantitativeValue">/<span itemprop="unitText">5.3oz (150g)</span></span></td><td>$1.33/100g</td><td style="display: none;">2020-02-26</td><td style="display: none;"></td><td style="display: none;">Quaker</td><td style="display: none;"></td><td style="display: none;"></td><td style="display: none;"></td><td style="display: none;"></td><td style="display: none;"></td><td style="display: none;"><a class="recipeLink" href="/recipe_ingredient_search_results.php?query=(_QU5E__1__________963__[]_1_1)">Recipes with granola bars</a></td></tr><tr role="row" class="even"><td tabindex="0"><i class="fa fa-thumbs-up"></i></td><td class=" not_printable"><div class="addToGL" data-soscuisine-aisle="10" data-soscuisine-sip="3938285"><i class="fa fa-cart-plus" title="Add to My Grocery List"></i><div></div></div></td><td><img class="storeItemImage" alt="granola bars" src="/media/images/store_item/blank.jpg"></td><td>granola bars</td><td class="not_printable sorting_1">dry goods &amp; others</td><td><img style="width:50%;" src="/media/images/logos/marchands/2.png" alt="Provigo"></td><td><span itemprop="price">$4.00</span><span itemprop="eligibleQuantity" itemscope="" itemtype="http://schema.org/QuantitativeValue">/<span itemprop="value">2</span>x<span itemprop="unitText">5.3oz (150g)</span></span></td><td>$1.33/100g</td><td style="display: none;">2020-02-26</td><td style="display: none;"></td><td style="display: none;">Quaker</td><td style="display: none;"></td><td style="display: none;"></td><td style="display: none;"></td><td style="display: none;"></td><td style="display: none;"></td><td style="display: none;"><a class="recipeLink" href="/recipe_ingredient_search_results.php?query=(_QU5E__1__________963__[]_1_1)">Recipes with granola bars</a></td></tr><tr role="row" class="odd"><td tabindex="0"><i class="fas fa-hand-rock"></i></td><td class=" not_printable"><div class="addToGL" data-soscuisine-aisle="10" data-soscuisine-sip="3938283"><i class="fa fa-cart-plus" title="Add to My Grocery List"></i><div></div></div></td><td><img class="storeItemImage" alt="granola bars" src="/media/images/store_item/blank.jpg"></td><td>granola bars</td><td class="not_printable sorting_1">dry goods &amp; others</td><td><img style="width:50%;" src="/media/images/logos/marchands/2.png" alt="Provigo"></td><td><span itemprop="price">$2.49</span><span itemprop="eligibleQuantity" itemscope="" itemtype="http://schema.org/QuantitativeValue">/<span itemprop="unitText">5.3oz (150g)</span></span></td><td>$1.66/100g</td><td style="display: none;">2020-02-26</td><td style="display: none;"></td><td style="display: none;">Quaker</td><td style="display: none;"></td><td style="display: none;"></td><td style="display: none;"></td><td style="display: none;"></td><td style="display: none;"></td><td style="display: none;"><a class="recipeLink" href="/recipe_ingredient_search_results.php?query=(_QU5E__1__________963__[]_1_1)">Recipes with granola bars</a></td></tr><tr role="row" class="even"><td tabindex="0"><i class="fa fa-thumbs-up"></i><i class="fa fa-thumbs-up"></i></td><td class=" not_printable"><div class="addToGL" data-soscuisine-aisle="10" data-soscuisine-sip="3940403"><i class="fa fa-cart-plus" title="Add to My Grocery List"></i><div></div></div></td><td><img class="storeItemImage" alt="granola bars" src="/media/images/store_item/blank.jpg"></td><td>granola bars</td><td class="not_printable sorting_1">dry goods &amp; others</td><td><img style="width:50%;" src="/media/images/logos/marchands/5.png" alt="Super C"></td><td><span itemprop="price">$1.88</span><span itemprop="eligibleQuantity" itemscope="" itemtype="http://schema.org/QuantitativeValue">/<span itemprop="unitText">175g</span></span></td><td>$1.07/100g</td><td style="display: none;">2020-02-26</td><td style="display: none;"></td><td style="display: none;">Nature Valley</td><td style="display: none;"></td><td style="display: none;"></td><td style="display: none;"></td><td style="display: none;"></td><td style="display: none;"></td><td style="display: none;"><a class="recipeLink" href="/recipe_ingredient_search_results.php?query=(_QU5E__1__________963__[]_1_1)">Recipes with granola bars</a></td></tr><tr role="row" class="odd"><td tabindex="0"><i class="fas fa-hand-rock"></i></td><td class=" not_printable"><div class="addToGL" data-soscuisine-aisle="10" data-soscuisine-sip="3939555"><i class="fa fa-cart-plus" title="Add to My Grocery List"></i><div></div></div></td><td><img class="storeItemImage" alt="instant coffee" src="/media/images/store_item/blank.jpg"></td><td>instant coffee</td><td class="not_printable sorting_1">dry goods &amp; others</td><td><img style="width:50%;" src="/media/images/logos/marchands/10.png" alt="Bonichoix"></td><td><span itemprop="price">$3.99</span><span itemprop="eligibleQuantity" itemscope="" itemtype="http://schema.org/QuantitativeValue">/<span itemprop="unitText">5.3oz (150g)</span></span></td><td>$2.66/100g</td><td style="display: none;">2020-02-26</td><td style="display: none;"></td><td style="display: none;">Maxwell House</td><td style="display: none;"></td><td style="display: none;"></td><td style="display: none;"></td><td style="display: none;"></td><td style="display: none;"></td><td style="display: none;"><a class="recipeLink" href="/recipe_ingredient_search_results.php?query=(_QU5E__1__________1177__[]_1_1)">Recipes with instant coffee</a></td></tr><tr role="row" class="even"><td tabindex="0"><i class="fas fa-hand-rock"></i></td><td class=" not_printable"><div class="addToGL" data-soscuisine-aisle="10" data-soscuisine-sip="3938123"><i class="fa fa-cart-plus" title="Add to My Grocery List"></i><div></div></div></td><td><img class="storeItemImage" alt="instant coffee" src="/media/images/store_item/blank.jpg"></td><td>instant coffee</td><td class="not_printable sorting_1">dry goods &amp; others</td><td><img style="width:50%;" src="/media/images/logos/marchands/2.png" alt="Provigo"></td><td><span itemprop="price">$3.99</span><span itemprop="eligibleQuantity" itemscope="" itemtype="http://schema.org/QuantitativeValue">/<span itemprop="unitText">100g</span></span></td><td>$3.99/100g</td><td style="display: none;">2020-02-26</td><td style="display: none;"></td><td style="display: none;">Nescafé</td><td style="display: none;"></td><td style="display: none;"></td><td style="display: none;"></td><td style="display: none;"></td><td style="display: none;"></td><td style="display: none;"><a class="recipeLink" href="/recipe_ingredient_search_results.php?query=(_QU5E__1__________1177__[]_1_1)">Recipes with instant coffee</a></td></tr><tr role="row" class="odd"><td tabindex="0"><i class="fas fa-hand-rock"></i></td><td class=" not_printable"><div class="addToGL" data-soscuisine-aisle="10" data-soscuisine-sip="3940971"><i class="fa fa-cart-plus" title="Add to My Grocery List"></i><div></div></div></td><td><img class="storeItemImage" alt="instant coffee" src="/media/images/store_item/blank.jpg"></td><td>instant coffee</td><td class="not_printable sorting_1">dry goods &amp; others</td><td><img style="width:50%;" src="/media/images/logos/marchands/12.png" alt="Richelieu"></td><td><span itemprop="price">$3.99</span><span itemprop="eligibleQuantity" itemscope="" itemtype="http://schema.org/QuantitativeValue">/<span itemprop="unitText">5.3oz (150g)</span></span></td><td>$2.66/100g</td><td style="display: none;">2020-02-26</td><td style="display: none;"></td><td style="display: none;">Maxwell House</td><td style="display: none;"></td><td style="display: none;"></td><td style="display: none;"></td><td style="display: none;"></td><td style="display: none;"></td><td style="display: none;"><a class="recipeLink" href="/recipe_ingredient_search_results.php?query=(_QU5E__1__________1177__[]_1_1)">Recipes with instant coffee</a></td></tr><tr role="row" class="even"><td tabindex="0"><i class="fa fa-thumbs-up"></i></td><td class=" not_printable"><div class="addToGL" data-soscuisine-aisle="10" data-soscuisine-sip="3940405"><i class="fa fa-cart-plus" title="Add to My Grocery List"></i><div></div></div></td><td><img class="storeItemImage" alt="instant coffee" src="/media/images/store_item/blank.jpg"></td><td>instant coffee</td><td class="not_printable sorting_1">dry goods &amp; others</td><td><img style="width:50%;" src="/media/images/logos/marchands/5.png" alt="Super C"></td><td><span itemprop="price">$3.95</span><span itemprop="eligibleQuantity" itemscope="" itemtype="http://schema.org/QuantitativeValue">/<span itemprop="unitText">6oz (171g)</span></span></td><td>$2.31/100g</td><td style="display: none;">2020-02-26</td><td style="display: none;"></td><td style="display: none;">Nescafé</td><td style="display: none;"></td><td style="display: none;"></td><td style="display: none;"></td><td style="display: none;"></td><td style="display: none;"></td><td style="display: none;"><a class="recipeLink" href="/recipe_ingredient_search_results.php?query=(_QU5E__1__________1177__[]_1_1)">Recipes with instant coffee</a></td></tr><tr role="row" class="odd"><td tabindex="0"><i class="fas fa-hand-rock"></i></td><td class=" not_printable"><div class="addToGL" data-soscuisine-aisle="10" data-soscuisine-sip="3939561"><i class="fa fa-cart-plus" title="Add to My Grocery List"></i><div></div></div></td><td><img class="storeItemImage" alt="jam" src="/media/images/store_item/blank.jpg"></td><td>jam</td><td class="not_printable sorting_1">dry goods &amp; others</td><td><img style="width:50%;" src="/media/images/logos/marchands/10.png" alt="Bonichoix"></td><td><span itemprop="price">$3.99</span><span itemprop="eligibleQuantity" itemscope="" itemtype="http://schema.org/QuantitativeValue">/<span itemprop="unitText">500mL</span></span></td><td>$0.60/100g</td><td style="display: none;">2020-02-26</td><td style="display: none;"></td><td style="display: none;">Smucker's</td><td style="display: none;"></td><td style="display: none;"></td><td style="display: none;"></td><td style="display: none;"></td><td style="display: none;"></td><td style="display: none;"><a class="recipeLink" href="/recipe_ingredient_search_results.php?query=(_QU5E__1__________275__[]_1_1)">Recipes with jam</a></td></tr><tr role="row" class="even"><td tabindex="0"><i class="fa fa-thumbs-up"></i></td><td class=" not_printable"><div class="addToGL" data-soscuisine-aisle="10" data-soscuisine-sip="3939677"><i class="fa fa-cart-plus" title="Add to My Grocery List"></i><div></div></div></td><td><img class="storeItemImage" alt="jam" src="/media/images/store_item/blank.jpg"></td><td>jam</td><td class="not_printable sorting_1">dry goods &amp; others</td><td><img style="width:50%;" src="/media/images/logos/marchands/3.png" alt="IGA"></td><td><span itemprop="price">$6.00</span><span itemprop="eligibleQuantity" itemscope="" itemtype="http://schema.org/QuantitativeValue">/<span itemprop="value">2</span>x<span itemprop="unitText">500mL</span></span></td><td>$0.45/100g</td><td style="display: none;">2020-02-26</td><td style="display: none;"></td><td style="display: none;">Habitant</td><td style="display: none;"></td><td style="display: none;"></td><td style="display: none;"></td><td style="display: none;"></td><td style="display: none;"></td><td style="display: none;"><a class="recipeLink" href="/recipe_ingredient_search_results.php?query=(_QU5E__1__________275__[]_1_1)">Recipes with jam</a></td></tr><tr role="row" class="odd"><td tabindex="0"><i class="fas fa-hand-rock"></i></td><td class=" not_printable"><div class="addToGL" data-soscuisine-aisle="10" data-soscuisine-sip="3939477"><i class="fa fa-cart-plus" title="Add to My Grocery List"></i><div></div></div></td><td><img class="storeItemImage" alt="jam" src="/media/images/store_item/blank.jpg"></td><td>jam</td><td class="not_printable sorting_1">dry goods &amp; others</td><td><img style="width:50%;" src="/media/images/logos/marchands/3.png" alt="IGA"></td><td><span itemprop="price">$4.49</span><span itemprop="eligibleQuantity" itemscope="" itemtype="http://schema.org/QuantitativeValue">/<span itemprop="unitText">500mL</span></span></td><td>$0.67/100g</td><td style="display: none;">2020-02-26</td><td style="display: none;"></td><td style="display: none;">Smucker's</td><td style="display: none;"></td><td style="display: none;"></td><td style="display: none;"></td><td style="display: none;"></td><td style="display: none;"></td><td style="display: none;"><a class="recipeLink" href="/recipe_ingredient_search_results.php?query=(_QU5E__1__________275__[]_1_1)">Recipes with jam</a></td></tr><tr role="row" class="even"><td tabindex="0"><i class="fas fa-hand-rock"></i></td><td class=" not_printable"><div class="addToGL" data-soscuisine-aisle="10" data-soscuisine-sip="3938745"><i class="fa fa-cart-plus" title="Add to My Grocery List"></i><div></div></div></td><td><img class="storeItemImage" alt="jam" src="/media/images/store_item/blank.jpg"></td><td>jam</td><td class="not_printable sorting_1">dry goods &amp; others</td><td><img style="width:50%;" src="/media/images/logos/marchands/69.png" alt="Intermarche (Provincial)"></td><td><span itemprop="price">$4.00</span><span itemprop="eligibleQuantity" itemscope="" itemtype="http://schema.org/QuantitativeValue">/<span itemprop="unitText">500mL</span></span></td><td>$0.60/100g</td><td style="display: none;">2020-02-26</td><td style="display: none;"></td><td style="display: none;">Double Fruit</td><td style="display: none;"></td><td style="display: none;">various types</td><td style="display: none;"></td><td style="display: none;"></td><td style="display: none;"></td><td style="display: none;"><a class="recipeLink" href="/recipe_ingredient_search_results.php?query=(_QU5E__1__________275__[]_1_1)">Recipes with jam</a></td></tr><tr role="row" class="odd"><td tabindex="0"><i class="fas fa-hand-rock"></i></td><td class=" not_printable"><div class="addToGL" data-soscuisine-aisle="10" data-soscuisine-sip="3938481"><i class="fa fa-cart-plus" title="Add to My Grocery List"></i><div></div></div></td><td><img class="storeItemImage" alt="jam" src="/media/images/store_item/blank.jpg"></td><td>jam</td><td class="not_printable sorting_1">dry goods &amp; others</td><td><img style="width:50%;" src="/media/images/logos/marchands/7.png" alt="Intermarché (Saveurs intl.)"></td><td><span itemprop="price">$4.00</span><span itemprop="eligibleQuantity" itemscope="" itemtype="http://schema.org/QuantitativeValue">/<span itemprop="unitText">500mL</span></span></td><td>$0.60/100g</td><td style="display: none;">2020-02-26</td><td style="display: none;"></td><td style="display: none;">Double Fruit</td><td style="display: none;"></td><td style="display: none;">various types</td><td style="display: none;"></td><td style="display: none;"></td><td style="display: none;"></td><td style="display: none;"><a class="recipeLink" href="/recipe_ingredient_search_results.php?query=(_QU5E__1__________275__[]_1_1)">Recipes with jam</a></td></tr><tr role="row" class="even"><td tabindex="0"><i class="fas fa-hand-rock"></i></td><td class=" not_printable"><div class="addToGL" data-soscuisine-aisle="10" data-soscuisine-sip="3939299"><i class="fa fa-cart-plus" title="Add to My Grocery List"></i><div></div></div></td><td><img class="storeItemImage" alt="jam" src="/media/images/store_item/blank.jpg"></td><td>jam</td><td class="not_printable sorting_1">dry goods &amp; others</td><td><img style="width:50%;" src="/media/images/logos/marchands/63.png" alt="Marché Adonis"></td><td><span itemprop="price">$4.99</span><span itemprop="eligibleQuantity" itemscope="" itemtype="http://schema.org/QuantitativeValue">/<span itemprop="unitText">760g</span></span></td><td>$0.66/100g</td><td style="display: none;">2020-02-26</td><td style="display: none;"></td><td style="display: none;"></td><td style="display: none;"></td><td style="display: none;">apricot</td><td style="display: none;"></td><td style="display: none;"></td><td style="display: none;">Mechalaany</td><td style="display: none;"><a class="recipeLink" href="/recipe_ingredient_search_results.php?query=(_QU5E__1__________275__[]_1_1)">Recipes with jam</a></td></tr><tr role="row" class="odd"><td tabindex="0"><i class="fas fa-hand-rock"></i></td><td class=" not_printable"><div class="addToGL" data-soscuisine-aisle="10" data-soscuisine-sip="3937791"><i class="fa fa-cart-plus" title="Add to My Grocery List"></i><div></div></div></td><td><img class="storeItemImage" alt="jam" src="/media/images/store_item/blank.jpg"></td><td>jam</td><td class="not_printable sorting_1">dry goods &amp; others</td><td><img style="width:50%;" src="/media/images/logos/marchands/1.png" alt="Metro"></td><td><span itemprop="price">$2.99</span><span itemprop="eligibleQuantity" itemscope="" itemtype="http://schema.org/QuantitativeValue">/<span itemprop="unitText">250mL</span></span></td><td>$0.89/100g</td><td style="display: none;">2020-02-26</td><td style="display: none;"></td><td style="display: none;">Smucker's</td><td style="display: none;"></td><td style="display: none;"></td><td style="display: none;"></td><td style="display: none;"></td><td style="display: none;"></td><td style="display: none;"><a class="recipeLink" href="/recipe_ingredient_search_results.php?query=(_QU5E__1__________275__[]_1_1)">Recipes with jam</a></td></tr><tr role="row" class="even"><td tabindex="0"><i class="fas fa-hand-rock"></i></td><td class=" not_printable"><div class="addToGL" data-soscuisine-aisle="10" data-soscuisine-sip="3937965"><i class="fa fa-cart-plus" title="Add to My Grocery List"></i><div></div></div></td><td><img class="storeItemImage" alt="jam" src="/media/images/store_item/blank.jpg"></td><td>jam</td><td class="not_printable sorting_1">dry goods &amp; others</td><td><img style="width:50%;" src="/media/images/logos/marchands/2.png" alt="Provigo"></td><td><span itemprop="price">$4.99</span><span itemprop="eligibleQuantity" itemscope="" itemtype="http://schema.org/QuantitativeValue">/<span itemprop="unitText">500mL</span></span></td><td>$0.74/100g</td><td style="display: none;">2020-02-26</td><td style="display: none;"></td><td style="display: none;">Kraft</td><td style="display: none;"></td><td style="display: none;"></td><td style="display: none;"></td><td style="display: none;"></td><td style="display: none;"></td><td style="display: none;"><a class="recipeLink" href="/recipe_ingredient_search_results.php?query=(_QU5E__1__________275__[]_1_1)">Recipes with jam</a></td></tr><tr role="row" class="odd"><td tabindex="0"><i class="fa fa-thumbs-up"></i><i class="fa fa-thumbs-up"></i></td><td class=" not_printable"><div class="addToGL" data-soscuisine-aisle="10" data-soscuisine-sip="3940957"><i class="fa fa-cart-plus" title="Add to My Grocery List"></i><div></div></div></td><td><img class="storeItemImage" alt="jam" src="/media/images/store_item/blank.jpg"></td><td>jam</td><td class="not_printable sorting_1">dry goods &amp; others</td><td><img style="width:50%;" src="/media/images/logos/marchands/12.png" alt="Richelieu"></td><td><span itemprop="price">$5.00</span><span itemprop="eligibleQuantity" itemscope="" itemtype="http://schema.org/QuantitativeValue">/<span itemprop="value">2</span>x<span itemprop="unitText">500mL</span></span></td><td>$0.37/100g</td><td style="display: none;">2020-02-26</td><td style="display: none;"></td><td style="display: none;">house brand</td><td style="display: none;"></td><td style="display: none;"></td><td style="display: none;"></td><td style="display: none;"></td><td style="display: none;"></td><td style="display: none;"><a class="recipeLink" href="/recipe_ingredient_search_results.php?query=(_QU5E__1__________275__[]_1_1)">Recipes with jam</a></td></tr><tr role="row" class="even"><td tabindex="0"><i class="fa fa-thumbs-up"></i></td><td class=" not_printable"><div class="addToGL" data-soscuisine-aisle="10" data-soscuisine-sip="3940737"><i class="fa fa-cart-plus" title="Add to My Grocery List"></i><div></div></div></td><td><img class="storeItemImage" alt="jam" src="/media/images/store_item/blank.jpg"></td><td>jam</td><td class="not_printable sorting_1">dry goods &amp; others</td><td><img style="width:50%;" src="/media/images/logos/marchands/5.png" alt="Super C"></td><td><span itemprop="price">$2.59</span><span itemprop="eligibleQuantity" itemscope="" itemtype="http://schema.org/QuantitativeValue">/<span itemprop="unitText">500mL</span></span></td><td>$0.39/100g</td><td style="display: none;">2020-02-26</td><td style="display: none;"></td><td style="display: none;">house brand</td><td style="display: none;"></td><td style="display: none;"></td><td style="display: none;"></td><td style="display: none;"></td><td style="display: none;"></td><td style="display: none;"><a class="recipeLink" href="/recipe_ingredient_search_results.php?query=(_QU5E__1__________275__[]_1_1)">Recipes with jam</a></td></tr><tr role="row" class="odd"><td tabindex="0"><i class="fa fa-thumbs-down"></i></td><td class=" not_printable"><div class="addToGL" data-soscuisine-aisle="10" data-soscuisine-sip="3940439"><i class="fa fa-cart-plus" title="Add to My Grocery List"></i><div></div></div></td><td><img class="storeItemImage" alt="jam" src="/media/images/store_item/blank.jpg"></td><td>jam</td><td class="not_printable sorting_1">dry goods &amp; others</td><td><img style="width:50%;" src="/media/images/logos/marchands/5.png" alt="Super C"></td><td><span itemprop="price">$3.77</span><span itemprop="eligibleQuantity" itemscope="" itemtype="http://schema.org/QuantitativeValue">/<span itemprop="unitText">250mL</span></span></td><td>$1.13/100g</td><td style="display: none;">2020-02-26</td><td style="display: none;"></td><td style="display: none;">Bonne Maman</td><td style="display: none;"></td><td style="display: none;"></td><td style="display: none;"></td><td style="display: none;"></td><td style="display: none;"></td><td style="display: none;"><a class="recipeLink" href="/recipe_ingredient_search_results.php?query=(_QU5E__1__________275__[]_1_1)">Recipes with jam</a></td></tr><tr role="row" class="even"><td tabindex="0"><i class="fa fa-thumbs-up"></i></td><td class=" not_printable"><div class="addToGL" data-soscuisine-aisle="10" data-soscuisine-sip="3940767"><i class="fa fa-cart-plus" title="Add to My Grocery List"></i><div></div></div></td><td><img class="storeItemImage" alt="jam" src="/media/images/store_item/blank.jpg"></td><td>jam</td><td class="not_printable sorting_1">dry goods &amp; others</td><td><img style="width:50%;" src="/media/images/logos/marchands/11.png" alt="Tradition"></td><td><span itemprop="price">$2.99</span><span itemprop="eligibleQuantity" itemscope="" itemtype="http://schema.org/QuantitativeValue">/<span itemprop="unitText">500mL</span></span></td><td>$0.45/100g</td><td style="display: none;">2020-02-26</td><td style="display: none;">Quebec</td><td style="display: none;">Dora</td><td style="display: none;"></td><td style="display: none;"></td><td style="display: none;"></td><td style="display: none;"></td><td style="display: none;"></td><td style="display: none;"><a class="recipeLink" href="/recipe_ingredient_search_results.php?query=(_QU5E__1__________275__[]_1_1)">Recipes with jam</a></td></tr><tr role="row" class="odd"><td tabindex="0"><i class="fa fa-thumbs-up"></i><i class="fa fa-thumbs-up"></i></td><td class=" not_printable"><div class="addToGL" data-soscuisine-aisle="10" data-soscuisine-sip="3939019"><i class="fa fa-cart-plus" title="Add to My Grocery List"></i><div></div></div></td><td><img class="storeItemImage" alt="lentils, red-orange" src="/media/images/store_item/blank.jpg"></td><td>lentils, red-orange</td><td class="not_printable sorting_1">dry goods &amp; others</td><td><img style="width:50%;" src="/media/images/logos/marchands/64.png" alt="Mourelatos"></td><td><span itemprop="price">$3.49</span><span itemprop="eligibleQuantity" itemscope="" itemtype="http://schema.org/QuantitativeValue">/<span itemprop="unitText">4lb (1,81kg)</span></span></td><td>$0.19/100g</td><td style="display: none;">2020-02-25</td><td style="display: none;"></td><td style="display: none;">Suraj</td><td style="display: none;"></td><td style="display: none;"></td><td style="display: none;"></td><td style="display: none;"></td><td style="display: none;"></td><td style="display: none;"><a class="recipeLink" href="/recipe_ingredient_search_results.php?query=(_QU5E__1__________378__[]_1_1)">Recipes with lentils, red-orange</a></td></tr><tr role="row" class="even"><td tabindex="0"><i class="fas fa-hand-rock"></i></td><td class=" not_printable"><div class="addToGL" data-soscuisine-aisle="10" data-soscuisine-sip="3939739"><i class="fa fa-cart-plus" title="Add to My Grocery List"></i><div></div></div></td><td><img class="storeItemImage" alt="peanut butter" src="/media/images/store_item/blank.jpg"></td><td>peanut butter</td><td class="not_printable sorting_1">dry goods &amp; others</td><td><img style="width:50%;" src="/media/images/logos/marchands/10.png" alt="Bonichoix"></td><td><span itemprop="price">$6.98</span><span itemprop="eligibleQuantity" itemscope="" itemtype="http://schema.org/QuantitativeValue">/<span itemprop="value">2</span>x<span itemprop="unitText">500g</span></span></td><td>$0.70/100g</td><td style="display: none;">2020-02-26</td><td style="display: none;"></td><td style="display: none;">Kraft</td><td style="display: none;"></td><td style="display: none;"></td><td style="display: none;"></td><td style="display: none;"></td><td style="display: none;"></td><td style="display: none;"><a class="recipeLink" href="/recipe_ingredient_search_results.php?query=(_QU5E__1__________144__[]_1_1)">Recipes with peanut butter</a></td></tr><tr role="row" class="odd"><td tabindex="0"><i class="fas fa-hand-rock"></i></td><td class=" not_printable"><div class="addToGL" data-soscuisine-aisle="10" data-soscuisine-sip="3937963"><i class="fa fa-cart-plus" title="Add to My Grocery List"></i><div></div></div></td><td><img class="storeItemImage" alt="peanut butter" src="/media/images/store_item/blank.jpg"></td><td>peanut butter</td><td class="not_printable sorting_1">dry goods &amp; others</td><td><img style="width:50%;" src="/media/images/logos/marchands/2.png" alt="Provigo"></td><td><span itemprop="price">$4.99</span><span itemprop="eligibleQuantity" itemscope="" itemtype="http://schema.org/QuantitativeValue">/<span itemprop="unitText">1kg</span></span></td><td>$0.50/100g</td><td style="display: none;">2020-02-26</td><td style="display: none;"></td><td style="display: none;">Kraft</td><td style="display: none;"></td><td style="display: none;"></td><td style="display: none;"></td><td style="display: none;"></td><td style="display: none;"></td><td style="display: none;"><a class="recipeLink" href="/recipe_ingredient_search_results.php?query=(_QU5E__1__________144__[]_1_1)">Recipes with peanut butter</a></td></tr><tr role="row" class="even"><td tabindex="0"><i class="fa fa-thumbs-down"></i></td><td class=" not_printable"><div class="addToGL" data-soscuisine-aisle="10" data-soscuisine-sip="3938761"><i class="fa fa-cart-plus" title="Add to My Grocery List"></i><div></div></div></td><td><img class="storeItemImage" alt="peanut butter" src="/media/images/store_item/blank.jpg"></td><td>peanut butter</td><td class="not_printable sorting_1">dry goods &amp; others</td><td><img style="width:50%;" src="/media/images/logos/marchands/93.png" alt="Rachelle Béry"></td><td><span itemprop="price">$4.99</span><span itemprop="eligibleQuantity" itemscope="" itemtype="http://schema.org/QuantitativeValue">/<span itemprop="unitText">500g</span></span></td><td>$1.00/100g</td><td style="display: none;">2020-03-04</td><td style="display: none;"></td><td style="display: none;">MaraNatha</td><td style="display: none;"></td><td style="display: none;"></td><td style="display: none;">Organic</td><td style="display: none;"></td><td style="display: none;"></td><td style="display: none;"><a class="recipeLink" href="/recipe_ingredient_search_results.php?query=(_QU5E__1__________144__[]_1_1)">Recipes with peanut butter</a></td></tr><tr role="row" class="odd"><td tabindex="0"><i class="fas fa-hand-rock"></i></td><td class=" not_printable"><div class="addToGL" data-soscuisine-aisle="10" data-soscuisine-sip="3940933"><i class="fa fa-cart-plus" title="Add to My Grocery List"></i><div></div></div></td><td><img class="storeItemImage" alt="peanut butter" src="/media/images/store_item/blank.jpg"></td><td>peanut butter</td><td class="not_printable sorting_1">dry goods &amp; others</td><td><img style="width:50%;" src="/media/images/logos/marchands/12.png" alt="Richelieu"></td><td><span itemprop="price">$5.99</span><span itemprop="eligibleQuantity" itemscope="" itemtype="http://schema.org/QuantitativeValue">/<span itemprop="unitText">1kg</span></span></td><td>$0.60/100g</td><td style="display: none;">2020-02-26</td><td style="display: none;"></td><td style="display: none;">Kraft</td><td style="display: none;"></td><td style="display: none;"></td><td style="display: none;"></td><td style="display: none;"></td><td style="display: none;"></td><td style="display: none;"><a class="recipeLink" href="/recipe_ingredient_search_results.php?query=(_QU5E__1__________144__[]_1_1)">Recipes with peanut butter</a></td></tr><tr role="row" class="even"><td tabindex="0"><i class="fa fa-thumbs-up"></i><i class="fa fa-thumbs-up"></i></td><td class=" not_printable"><div class="addToGL" data-soscuisine-aisle="10" data-soscuisine-sip="3940437"><i class="fa fa-cart-plus" title="Add to My Grocery List"></i><div></div></div></td><td><img class="storeItemImage" alt="peanut butter" src="/media/images/store_item/blank.jpg"></td><td>peanut butter</td><td class="not_printable sorting_1">dry goods &amp; others</td><td><img style="width:50%;" src="/media/images/logos/marchands/5.png" alt="Super C"></td><td><span itemprop="price">$3.77</span><span itemprop="eligibleQuantity" itemscope="" itemtype="http://schema.org/QuantitativeValue">/<span itemprop="unitText">1kg</span></span></td><td>$0.38/100g</td><td style="display: none;">2020-02-26</td><td style="display: none;"></td><td style="display: none;">Kraft</td><td style="display: none;"></td><td style="display: none;"></td><td style="display: none;"></td><td style="display: none;"></td><td style="display: none;"></td><td style="display: none;"><a class="recipeLink" href="/recipe_ingredient_search_results.php?query=(_QU5E__1__________144__[]_1_1)">Recipes with peanut butter</a></td></tr><tr role="row" class="odd"><td tabindex="0"><i class="fas fa-hand-rock"></i></td><td class=" not_printable"><div class="addToGL" data-soscuisine-aisle="10" data-soscuisine-sip="3940667"><i class="fa fa-cart-plus" title="Add to My Grocery List"></i><div></div></div></td><td><img class="storeItemImage" alt="peanut butter" src="/media/images/store_item/blank.jpg"></td><td>peanut butter</td><td class="not_printable sorting_1">dry goods &amp; others</td><td><img style="width:50%;" src="/media/images/logos/marchands/5.png" alt="Super C"></td><td><span itemprop="price">$3.99</span><span itemprop="eligibleQuantity" itemscope="" itemtype="http://schema.org/QuantitativeValue">/<span itemprop="unitText">500g</span></span></td><td>$0.80/100g</td><td style="display: none;">2020-02-26</td><td style="display: none;"></td><td style="display: none;">Natur</td><td style="display: none;"></td><td style="display: none;"></td><td style="display: none;"></td><td style="display: none;"></td><td style="display: none;"></td><td style="display: none;"><a class="recipeLink" href="/recipe_ingredient_search_results.php?query=(_QU5E__1__________144__[]_1_1)">Recipes with peanut butter</a></td></tr><tr role="row" class="even"><td tabindex="0"><i class="fas fa-hand-rock"></i></td><td class=" not_printable"><div class="addToGL" data-soscuisine-aisle="10" data-soscuisine-sip="3936035"><i class="fa fa-cart-plus" title="Add to My Grocery List"></i><div></div></div></td><td><img class="storeItemImage" alt="peanut butter" src="/media/images/store_item/blank.jpg"></td><td>peanut butter</td><td class="not_printable sorting_1">dry goods &amp; others</td><td><img style="width:50%;" src="/media/images/logos/marchands/62.png" alt="Supermarché PA"></td><td><span itemprop="price">$3.99</span><span itemprop="eligibleQuantity" itemscope="" itemtype="http://schema.org/QuantitativeValue">/<span itemprop="unitText">500g</span></span></td><td>$0.80/100g</td><td style="display: none;">2020-02-23</td><td style="display: none;"></td><td style="display: none;">Yum</td><td style="display: none;"></td><td style="display: none;"></td><td style="display: none;">Organic</td><td style="display: none;"></td><td style="display: none;"></td><td style="display: none;"><a class="recipeLink" href="/recipe_ingredient_search_results.php?query=(_QU5E__1__________144__[]_1_1)">Recipes with peanut butter</a></td></tr><tr role="row" class="odd"><td tabindex="0"><i class="fas fa-hand-rock"></i></td><td class=" not_printable"><div class="addToGL" data-soscuisine-aisle="10" data-soscuisine-sip="3940841"><i class="fa fa-cart-plus" title="Add to My Grocery List"></i><div></div></div></td><td><img class="storeItemImage" alt="peanut butter" src="/media/images/store_item/blank.jpg"></td><td>peanut butter</td><td class="not_printable sorting_1">dry goods &amp; others</td><td><img style="width:50%;" src="/media/images/logos/marchands/11.png" alt="Tradition"></td><td><span itemprop="price">$6.98</span><span itemprop="eligibleQuantity" itemscope="" itemtype="http://schema.org/QuantitativeValue">/<span itemprop="value">2</span>x<span itemprop="unitText">500g</span></span></td><td>$0.70/100g</td><td style="display: none;">2020-02-26</td><td style="display: none;"></td><td style="display: none;">Kraft</td><td style="display: none;"></td><td style="display: none;"></td><td style="display: none;"></td><td style="display: none;"></td><td style="display: none;"></td><td style="display: none;"><a class="recipeLink" href="/recipe_ingredient_search_results.php?query=(_QU5E__1__________144__[]_1_1)">Recipes with peanut butter</a></td></tr><tr role="row" class="even"><td tabindex="0"><i class="fa fa-thumbs-up"></i></td><td class=" not_printable"><div class="addToGL" data-soscuisine-aisle="10" data-soscuisine-sip="3939717"><i class="fa fa-cart-plus" title="Add to My Grocery List"></i><div></div></div></td><td><img class="storeItemImage" alt="puff pastry shells" src="/media/images/store_item/blank.jpg"></td><td>puff pastry shells</td><td class="not_printable sorting_1">dry goods &amp; others</td><td><img style="width:50%;" src="/media/images/logos/marchands/10.png" alt="Bonichoix"></td><td><span itemprop="price">$2.99</span><span itemprop="eligibleQuantity" itemscope="" itemtype="http://schema.org/QuantitativeValue">/<span itemprop="unitText">9oz (255g)</span></span></td><td>$11.73/kg</td><td style="display: none;">2020-02-26</td><td style="display: none;"></td><td style="display: none;">Tenderflake</td><td style="display: none;"></td><td style="display: none;"></td><td style="display: none;"></td><td style="display: none;"></td><td style="display: none;"></td><td style="display: none;"><a class="recipeLink" href="/recipe_ingredient_search_results.php?query=(_QU5E__1__________391__[]_1_1)">Recipes with puff pastry shells</a></td></tr><tr role="row" class="odd"><td tabindex="0"><i class="fa fa-thumbs-up"></i></td><td class=" not_printable"><div class="addToGL" data-soscuisine-aisle="10" data-soscuisine-sip="3940805"><i class="fa fa-cart-plus" title="Add to My Grocery List"></i><div></div></div></td><td><img class="storeItemImage" alt="puff pastry shells" src="/media/images/store_item/blank.jpg"></td><td>puff pastry shells</td><td class="not_printable sorting_1">dry goods &amp; others</td><td><img style="width:50%;" src="/media/images/logos/marchands/11.png" alt="Tradition"></td><td><span itemprop="price">$2.99</span><span itemprop="eligibleQuantity" itemscope="" itemtype="http://schema.org/QuantitativeValue">/<span itemprop="unitText">9oz (255g)</span></span></td><td>$11.73/kg</td><td style="display: none;">2020-02-26</td><td style="display: none;"></td><td style="display: none;">Tenderflake</td><td style="display: none;"></td><td style="display: none;"></td><td style="display: none;"></td><td style="display: none;"></td><td style="display: none;"></td><td style="display: none;"><a class="recipeLink" href="/recipe_ingredient_search_results.php?query=(_QU5E__1__________391__[]_1_1)">Recipes with puff pastry shells</a></td></tr><tr role="row" class="even"><td tabindex="0"><i class="fas fa-hand-rock"></i></td><td class=" not_printable"><div class="addToGL" data-soscuisine-aisle="10" data-soscuisine-sip="3940641"><i class="fa fa-cart-plus" title="Add to My Grocery List"></i><div></div></div></td><td><img class="storeItemImage" alt="puff pastry shells" src="/media/images/store_item/blank.jpg"></td><td>puff pastry shells</td><td class="not_printable sorting_1">dry goods &amp; others</td><td><img style="width:50%;" src="/media/images/logos/marchands/11.png" alt="Tradition"></td><td><span itemprop="price">$4.49</span><span itemprop="eligibleQuantity" itemscope="" itemtype="http://schema.org/QuantitativeValue">/<span itemprop="unitText">6-pack</span></span></td><td>$18.71/kg</td><td style="display: none;">2020-02-26</td><td style="display: none;"></td><td style="display: none;">Dumas</td><td style="display: none;">standard</td><td style="display: none;"></td><td style="display: none;"></td><td style="display: none;"></td><td style="display: none;"></td><td style="display: none;"><a class="recipeLink" href="/recipe_ingredient_search_results.php?query=(_QU5E__1__________391__[]_1_1)">Recipes with puff pastry shells</a></td></tr><tr role="row" class="odd"><td tabindex="0"><i class="fa fa-thumbs-up"></i><i class="fa fa-thumbs-up"></i></td><td class=" not_printable"><div class="addToGL" data-soscuisine-aisle="10" data-soscuisine-sip="3937573"><i class="fa fa-cart-plus" title="Add to My Grocery List"></i><div></div></div></td><td><img class="storeItemImage" alt="red beans  (dried)" src="/media/images/store_item/blank.jpg"></td><td>red beans  (dried)</td><td class="not_printable sorting_1">dry goods &amp; others</td><td><img style="width:50%;" src="/media/images/logos/marchands/6.png" alt="Maxi"></td><td><span itemprop="price">$2.00</span><span itemprop="eligibleQuantity" itemscope="" itemtype="http://schema.org/QuantitativeValue">/<span itemprop="unitText">900g</span></span></td><td>$0.22/100g</td><td style="display: none;">2020-02-26</td><td style="display: none;"></td><td style="display: none;">house brand</td><td style="display: none;"></td><td style="display: none;">kidney</td><td style="display: none;"></td><td style="display: none;"></td><td style="display: none;"></td><td style="display: none;"><a class="recipeLink" href="/recipe_ingredient_search_results.php?query=(_QU5E__1__________1068__[]_1_1)">Recipes with red beans  (dried)</a></td></tr><tr role="row" class="even"><td tabindex="0"><i class="fas fa-hand-rock"></i></td><td class=" not_printable"><div class="addToGL" data-soscuisine-aisle="10" data-soscuisine-sip="3939769"><i class="fa fa-cart-plus" title="Add to My Grocery List"></i><div></div></div></td><td><img class="storeItemImage" alt="sport drink" src="/media/images/store_item/blank.jpg"></td><td>sport drink</td><td class="not_printable sorting_1">dry goods &amp; others</td><td><img style="width:50%;" src="/media/images/logos/marchands/10.png" alt="Bonichoix"></td><td><span itemprop="price">$5.99</span><span itemprop="eligibleQuantity" itemscope="" itemtype="http://schema.org/QuantitativeValue">/<span itemprop="value">6</span>x<span itemprop="unitText">20oz (591mL)</span></span></td><td>$0.17/100mL</td><td style="display: none;">2020-02-26</td><td style="display: none;"></td><td style="display: none;">Gatorade</td><td style="display: none;"></td><td style="display: none;"></td><td style="display: none;"></td><td style="display: none;"></td><td style="display: none;"></td><td style="display: none;"><a class="recipeLink" href="/recipe_ingredient_search_results.php?query=(_QU5E__1__________1070__[]_1_1)">Recipes with sport drink</a></td></tr><tr role="row" class="odd"><td tabindex="0"><i class="fa fa-thumbs-down"></i></td><td class=" not_printable"><div class="addToGL" data-soscuisine-aisle="10" data-soscuisine-sip="3937957"><i class="fa fa-cart-plus" title="Add to My Grocery List"></i><div></div></div></td><td><img class="storeItemImage" alt="sport drink" src="/media/images/store_item/blank.jpg"></td><td>sport drink</td><td class="not_printable sorting_1">dry goods &amp; others</td><td><img style="width:50%;" src="/media/images/logos/marchands/1.png" alt="Metro"></td><td><span itemprop="price">$1.69</span><span itemprop="eligibleQuantity" itemscope="" itemtype="http://schema.org/QuantitativeValue">/<span itemprop="unitText">710mL</span></span></td><td>$0.24/100mL</td><td style="display: none;">2020-02-26</td><td style="display: none;"></td><td style="display: none;">Powerade</td><td style="display: none;"></td><td style="display: none;"></td><td style="display: none;"></td><td style="display: none;"></td><td style="display: none;"></td><td style="display: none;"><a class="recipeLink" href="/recipe_ingredient_search_results.php?query=(_QU5E__1__________1070__[]_1_1)">Recipes with sport drink</a></td></tr><tr role="row" class="even"><td tabindex="0"><i class="fa fa-thumbs-up"></i></td><td class=" not_printable"><div class="addToGL" data-soscuisine-aisle="10" data-soscuisine-sip="3938337"><i class="fa fa-cart-plus" title="Add to My Grocery List"></i><div></div></div></td><td><img class="storeItemImage" alt="sport drink" src="/media/images/store_item/blank.jpg"></td><td>sport drink</td><td class="not_printable sorting_1">dry goods &amp; others</td><td><img style="width:50%;" src="/media/images/logos/marchands/2.png" alt="Provigo"></td><td><span itemprop="price">$10.00</span><span itemprop="eligibleQuantity" itemscope="" itemtype="http://schema.org/QuantitativeValue">/<span itemprop="value">12</span>x<span itemprop="unitText">20oz (591mL)</span></span></td><td>$0.14/100mL</td><td style="display: none;">2020-02-26</td><td style="display: none;"></td><td style="display: none;">Gatorade</td><td style="display: none;"></td><td style="display: none;"></td><td style="display: none;"></td><td style="display: none;"></td><td style="display: none;">or Powerade</td><td style="display: none;"><a class="recipeLink" href="/recipe_ingredient_search_results.php?query=(_QU5E__1__________1070__[]_1_1)">Recipes with sport drink</a></td></tr><tr role="row" class="odd"><td tabindex="0"><i class="fas fa-hand-rock"></i></td><td class=" not_printable"><div class="addToGL" data-soscuisine-aisle="10" data-soscuisine-sip="3938335"><i class="fa fa-cart-plus" title="Add to My Grocery List"></i><div></div></div></td><td><img class="storeItemImage" alt="sport drink" src="/media/images/store_item/blank.jpg"></td><td>sport drink</td><td class="not_printable sorting_1">dry goods &amp; others</td><td><img style="width:50%;" src="/media/images/logos/marchands/2.png" alt="Provigo"></td><td><span itemprop="price">$5.99</span><span itemprop="eligibleQuantity" itemscope="" itemtype="http://schema.org/QuantitativeValue">/<span itemprop="value">6</span>x<span itemprop="unitText">20oz (591mL)</span></span></td><td>$0.17/100mL</td><td style="display: none;">2020-02-26</td><td style="display: none;"></td><td style="display: none;">Gatorade</td><td style="display: none;"></td><td style="display: none;"></td><td style="display: none;"></td><td style="display: none;"></td><td style="display: none;">or Powerade</td><td style="display: none;"><a class="recipeLink" href="/recipe_ingredient_search_results.php?query=(_QU5E__1__________1070__[]_1_1)">Recipes with sport drink</a></td></tr><tr role="row" class="even"><td tabindex="0"><i class="fas fa-hand-rock"></i></td><td class=" not_printable"><div class="addToGL" data-soscuisine-aisle="10" data-soscuisine-sip="3940823"><i class="fa fa-cart-plus" title="Add to My Grocery List"></i><div></div></div></td><td><img class="storeItemImage" alt="sport drink" src="/media/images/store_item/blank.jpg"></td><td>sport drink</td><td class="not_printable sorting_1">dry goods &amp; others</td><td><img style="width:50%;" src="/media/images/logos/marchands/11.png" alt="Tradition"></td><td><span itemprop="price">$5.49</span><span itemprop="eligibleQuantity" itemscope="" itemtype="http://schema.org/QuantitativeValue">/<span itemprop="value">6</span>x<span itemprop="unitText">20oz (591mL)</span></span></td><td>$0.15/100mL</td><td style="display: none;">2020-02-26</td><td style="display: none;"></td><td style="display: none;">Gatorade</td><td style="display: none;"></td><td style="display: none;"></td><td style="display: none;"></td><td style="display: none;"></td><td style="display: none;"></td><td style="display: none;"><a class="recipeLink" href="/recipe_ingredient_search_results.php?query=(_QU5E__1__________1070__[]_1_1)">Recipes with sport drink</a></td></tr><tr role="row" class="odd"><td tabindex="0"><i class="fa fa-thumbs-up"></i></td><td class=" not_printable"><div class="addToGL" data-soscuisine-aisle="10" data-soscuisine-sip="3941041"><i class="fa fa-cart-plus" title="Add to My Grocery List"></i><div></div></div></td><td><img class="storeItemImage" alt="sport drink" src="/media/images/store_item/blank.jpg"></td><td>sport drink</td><td class="not_printable sorting_1">dry goods &amp; others</td><td><img style="width:50%;" src="/media/images/logos/marchands/73.png" alt="Walmart"></td><td><span itemprop="price">$10.00</span><span itemprop="eligibleQuantity" itemscope="" itemtype="http://schema.org/QuantitativeValue">/<span itemprop="value">12</span>x<span itemprop="unitText">20oz (591mL)</span></span></td><td>$0.14/100mL</td><td style="display: none;">2020-02-26</td><td style="display: none;"></td><td style="display: none;">Gatorade</td><td style="display: none;"></td><td style="display: none;"></td><td style="display: none;"></td><td style="display: none;"></td><td style="display: none;"></td><td style="display: none;"><a class="recipeLink" href="/recipe_ingredient_search_results.php?query=(_QU5E__1__________1070__[]_1_1)">Recipes with sport drink</a></td></tr><tr role="row" class="even"><td tabindex="0"><i class="fas fa-hand-rock"></i></td><td class=" not_printable"><div class="addToGL" data-soscuisine-aisle="10" data-soscuisine-sip="3941039"><i class="fa fa-cart-plus" title="Add to My Grocery List"></i><div></div></div></td><td><img class="storeItemImage" alt="sport drink" src="/media/images/store_item/blank.jpg"></td><td>sport drink</td><td class="not_printable sorting_1">dry goods &amp; others</td><td><img style="width:50%;" src="/media/images/logos/marchands/73.png" alt="Walmart"></td><td><span itemprop="price">$5.97</span><span itemprop="eligibleQuantity" itemscope="" itemtype="http://schema.org/QuantitativeValue">/<span itemprop="value">6</span>x<span itemprop="unitText">20oz (591mL)</span></span></td><td>$0.17/100mL</td><td style="display: none;">2020-02-26</td><td style="display: none;"></td><td style="display: none;">Gatorade</td><td style="display: none;"></td><td style="display: none;"></td><td style="display: none;"></td><td style="display: none;"></td><td style="display: none;"></td><td style="display: none;"><a class="recipeLink" href="/recipe_ingredient_search_results.php?query=(_QU5E__1__________1070__[]_1_1)">Recipes with sport drink</a></td></tr><tr role="row" class="odd"><td tabindex="0"><i class="fa fa-thumbs-down"></i></td><td class=" not_printable"><div class="addToGL" data-soscuisine-aisle="10" data-soscuisine-sip="3938861"><i class="fa fa-cart-plus" title="Add to My Grocery List"></i><div></div></div></td><td><img class="storeItemImage" alt="vegetable stock" src="/media/images/store_item/blank.jpg"></td><td>vegetable stock</td><td class="not_printable sorting_1">dry goods &amp; others</td><td><img style="width:50%;" src="/media/images/logos/marchands/93.png" alt="Rachelle Béry"></td><td><span itemprop="price">$9.99</span><span itemprop="eligibleQuantity" itemscope="" itemtype="http://schema.org/QuantitativeValue">/<span itemprop="value">3</span>x<span itemprop="unitText">1L</span></span></td><td>$3.33/L</td><td style="display: none;">2020-03-04</td><td style="display: none;"></td><td style="display: none;">Imagine</td><td style="display: none;"></td><td style="display: none;"></td><td style="display: none;">Organic</td><td style="display: none;"></td><td style="display: none;"></td><td style="display: none;"><a class="recipeLink" href="/recipe_ingredient_search_results.php?query=(_QU5E__1__________287__[]_1_1)">Recipes with vegetable stock</a></td></tr><tr role="row" class="even"><td tabindex="0"><i class="fa fa-thumbs-down"></i></td><td class=" not_printable"><div class="addToGL" data-soscuisine-aisle="10" data-soscuisine-sip="3935999"><i class="fa fa-cart-plus" title="Add to My Grocery List"></i><div></div></div></td><td><img class="storeItemImage" alt="white beans (dried)" src="/media/images/store_item/blank.jpg"></td><td>white beans (dried)</td><td class="not_printable sorting_1">dry goods &amp; others</td><td><img style="width:50%;" src="/media/images/logos/marchands/62.png" alt="Supermarché PA"></td><td><span itemprop="price">$5.00</span><span itemprop="eligibleQuantity" itemscope="" itemtype="http://schema.org/QuantitativeValue">/<span itemprop="value">2</span>x<span itemprop="unitText">2lb (907g)</span></span></td><td>$0.28/100g</td><td style="display: none;">2020-02-23</td><td style="display: none;"></td><td style="display: none;">Cedar</td><td style="display: none;"></td><td style="display: none;"></td><td style="display: none;"></td><td style="display: none;"></td><td style="display: none;"></td><td style="display: none;"><a class="recipeLink" href="/recipe_ingredient_search_results.php?query=(_QU5E__1__________559__[]_1_1)">Recipes with white beans (dried)</a></td></tr><tr role="row" class="odd"><td tabindex="0"><i class="fas fa-exclamation"></i></td><td class=" not_printable"><div class="addToGL" data-soscuisine-aisle="26" data-soscuisine-sip="3914253"><i class="fa fa-cart-plus" title="Add to My Grocery List"></i><div></div></div></td><td><img class="storeItemImage" alt="baguette, gluten-free" src="/media/images/store_item/blank.jpg"></td><td>baguette, gluten-free</td><td class="not_printable sorting_1">gluten-free</td><td><img style="width:50%;" src="/media/images/logos/marchands/94.png" alt="Avril"></td><td><span itemprop="price">$7.99</span><span itemprop="eligibleQuantity" itemscope="" itemtype="http://schema.org/QuantitativeValue">/<span itemprop="unitText">260g</span></span></td><td>$30.73/kg</td><td style="display: none;">2020-03-03</td><td style="display: none;"></td><td style="display: none;"></td><td style="display: none;"></td><td style="display: none;"></td><td style="display: none;"></td><td style="display: none;"></td><td style="display: none;">unbun</td><td style="display: none;"><a class="recipeLink" href="/recipe_ingredient_search_results.php?query=(_QU5E__1__________1184__[]_1_1)">Recipes with baguette, gluten-free</a></td></tr><tr role="row" class="even"><td tabindex="0"><i class="fas fa-exclamation"></i></td><td class=" not_printable"><div class="addToGL" data-soscuisine-aisle="26" data-soscuisine-sip="3939463"><i class="fa fa-cart-plus" title="Add to My Grocery List"></i><div></div></div></td><td><img class="storeItemImage" alt="breakfast cereal, gluten-free" src="/media/images/store_item/blank.jpg"></td><td>breakfast cereal, gluten-free</td><td class="not_printable sorting_1">gluten-free</td><td><img style="width:50%;" src="/media/images/logos/marchands/3.png" alt="IGA"></td><td><span itemprop="price">$4.99</span><span itemprop="eligibleQuantity" itemscope="" itemtype="http://schema.org/QuantitativeValue">/<span itemprop="unitText">340g</span></span></td><td>$1.47/100g</td><td style="display: none;">2020-02-26</td><td style="display: none;"></td><td style="display: none;">General Mills</td><td style="display: none;"></td><td style="display: none;"></td><td style="display: none;"></td><td style="display: none;"></td><td style="display: none;"></td><td style="display: none;"><a class="recipeLink" href="/recipe_ingredient_search_results.php?query=(_QU5E__1__________1086__[]_1_1)">Recipes with breakfast cereal, gluten-free</a></td></tr><tr role="row" class="odd"><td tabindex="0"><i class="fas fa-hand-rock"></i></td><td class=" not_printable"><div class="addToGL" data-soscuisine-aisle="26" data-soscuisine-sip="3912869"><i class="fa fa-cart-plus" title="Add to My Grocery List"></i><div></div></div></td><td><img class="storeItemImage" alt="gluten free bread" src="/media/images/store_item/blank.jpg"></td><td>gluten free bread</td><td class="not_printable sorting_1">gluten-free</td><td><img style="width:50%;" src="/media/images/logos/marchands/94.png" alt="Avril"></td><td><span itemprop="price">$4.99</span><span itemprop="eligibleQuantity" itemscope="" itemtype="http://schema.org/QuantitativeValue">/<span itemprop="unitText">340g</span></span></td><td>$14.68/kg</td><td style="display: none;">2020-03-03</td><td style="display: none;"></td><td style="display: none;">Udi's</td><td style="display: none;"></td><td style="display: none;"></td><td style="display: none;"></td><td style="display: none;"></td><td style="display: none;"></td><td style="display: none;"><a class="recipeLink" href="/recipe_ingredient_search_results.php?query=(_QU5E__1__________483__[]_1_1)">Recipes with gluten free bread</a></td></tr><tr role="row" class="even"><td tabindex="0"><i class="fa fa-thumbs-up"></i><i class="fa fa-thumbs-up"></i></td><td class=" not_printable"><div class="addToGL" data-soscuisine-aisle="26" data-soscuisine-sip="3938737"><i class="fa fa-cart-plus" title="Add to My Grocery List"></i><div></div></div></td><td><img class="storeItemImage" alt="gluten free/wheat free pasta" src="/media/images/store_item/blank.jpg"></td><td>gluten free/wheat free pasta</td><td class="not_printable sorting_1">gluten-free</td><td><img style="width:50%;" src="/media/images/logos/marchands/69.png" alt="Intermarche (Provincial)"></td><td><span itemprop="price">$2.00</span><span itemprop="eligibleQuantity" itemscope="" itemtype="http://schema.org/QuantitativeValue">/<span itemprop="unitText">454g (1lb)</span></span></td><td>$4.41/kg</td><td style="display: none;">2020-02-26</td><td style="display: none;"></td><td style="display: none;">Rizopia</td><td style="display: none;"></td><td style="display: none;">brown rice</td><td style="display: none;"></td><td style="display: none;"></td><td style="display: none;"></td><td style="display: none;"><a class="recipeLink" href="/recipe_ingredient_search_results.php?query=(_QU5E__1__________479__[]_1_1)">Recipes with gluten free/wheat free pasta</a></td></tr><tr role="row" class="odd"><td tabindex="0"><i class="fa fa-thumbs-up"></i><i class="fa fa-thumbs-up"></i></td><td class=" not_printable"><div class="addToGL" data-soscuisine-aisle="26" data-soscuisine-sip="3938473"><i class="fa fa-cart-plus" title="Add to My Grocery List"></i><div></div></div></td><td><img class="storeItemImage" alt="gluten free/wheat free pasta" src="/media/images/store_item/blank.jpg"></td><td>gluten free/wheat free pasta</td><td class="not_printable sorting_1">gluten-free</td><td><img style="width:50%;" src="/media/images/logos/marchands/7.png" alt="Intermarché (Saveurs intl.)"></td><td><span itemprop="price">$2.00</span><span itemprop="eligibleQuantity" itemscope="" itemtype="http://schema.org/QuantitativeValue">/<span itemprop="unitText">454g (1lb)</span></span></td><td>$4.41/kg</td><td style="display: none;">2020-02-26</td><td style="display: none;"></td><td style="display: none;">Rizopia</td><td style="display: none;"></td><td style="display: none;">brown rice</td><td style="display: none;"></td><td style="display: none;"></td><td style="display: none;"></td><td style="display: none;"><a class="recipeLink" href="/recipe_ingredient_search_results.php?query=(_QU5E__1__________479__[]_1_1)">Recipes with gluten free/wheat free pasta</a></td></tr><tr role="row" class="even"><td tabindex="0"><i class="fas fa-hand-rock"></i></td><td class=" not_printable"><div class="addToGL" data-soscuisine-aisle="26" data-soscuisine-sip="3938439"><i class="fa fa-cart-plus" title="Add to My Grocery List"></i><div></div></div></td><td><img class="storeItemImage" alt="gluten free/wheat free pasta" src="/media/images/store_item/blank.jpg"></td><td>gluten free/wheat free pasta</td><td class="not_printable sorting_1">gluten-free</td><td><img style="width:50%;" src="/media/images/logos/marchands/7.png" alt="Intermarché (Saveurs intl.)"></td><td><span itemprop="price">$2.50</span><span itemprop="eligibleQuantity" itemscope="" itemtype="http://schema.org/QuantitativeValue">/<span itemprop="unitText">250g</span></span></td><td>$10.00/kg</td><td style="display: none;">2020-02-26</td><td style="display: none;"></td><td style="display: none;">Le Veneziane</td><td style="display: none;"></td><td style="display: none;"></td><td style="display: none;"></td><td style="display: none;"></td><td style="display: none;"></td><td style="display: none;"><a class="recipeLink" href="/recipe_ingredient_search_results.php?query=(_QU5E__1__________479__[]_1_1)">Recipes with gluten free/wheat free pasta</a></td></tr><tr role="row" class="odd"><td tabindex="0"><i class="fas fa-hand-rock"></i></td><td class=" not_printable"><div class="addToGL" data-soscuisine-aisle="26" data-soscuisine-sip="3937345"><i class="fa fa-cart-plus" title="Add to My Grocery List"></i><div></div></div></td><td><img class="storeItemImage" alt="gluten free/wheat free pasta" src="/media/images/store_item/blank.jpg"></td><td>gluten free/wheat free pasta</td><td class="not_printable sorting_1">gluten-free</td><td><img style="width:50%;" src="/media/images/logos/marchands/95.png" alt="Marchés Tau"></td><td><span itemprop="price">$6.00</span><span itemprop="eligibleQuantity" itemscope="" itemtype="http://schema.org/QuantitativeValue">/<span itemprop="value">2</span>x<span itemprop="unitText">340g</span></span></td><td>$8.82/kg</td><td style="display: none;">2020-03-29</td><td style="display: none;"></td><td style="display: none;">Rizopia</td><td style="display: none;"></td><td style="display: none;"></td><td style="display: none;"></td><td style="display: none;"></td><td style="display: none;"></td><td style="display: none;"><a class="recipeLink" href="/recipe_ingredient_search_results.php?query=(_QU5E__1__________479__[]_1_1)">Recipes with gluten free/wheat free pasta</a></td></tr><tr role="row" class="even"><td tabindex="0"><i class="fas fa-hand-rock"></i></td><td class=" not_printable"><div class="addToGL" data-soscuisine-aisle="26" data-soscuisine-sip="3938839"><i class="fa fa-cart-plus" title="Add to My Grocery List"></i><div></div></div></td><td><img class="storeItemImage" alt="gluten free/wheat free pasta" src="/media/images/store_item/blank.jpg"></td><td>gluten free/wheat free pasta</td><td class="not_printable sorting_1">gluten-free</td><td><img style="width:50%;" src="/media/images/logos/marchands/93.png" alt="Rachelle Béry"></td><td><span itemprop="price">$2.49</span><span itemprop="eligibleQuantity" itemscope="" itemtype="http://schema.org/QuantitativeValue">/<span itemprop="unitText">200g</span></span></td><td>$12.45/kg</td><td style="display: none;">2020-03-04</td><td style="display: none;"></td><td style="display: none;"></td><td style="display: none;"></td><td style="display: none;">brown rice</td><td style="display: none;"></td><td style="display: none;"></td><td style="display: none;">Peacock</td><td style="display: none;"><a class="recipeLink" href="/recipe_ingredient_search_results.php?query=(_QU5E__1__________479__[]_1_1)">Recipes with gluten free/wheat free pasta</a></td></tr><tr role="row" class="odd"><td tabindex="0"><i class="fa fa-thumbs-up"></i></td><td class=" not_printable"><div class="addToGL" data-soscuisine-aisle="26" data-soscuisine-sip="3935997"><i class="fa fa-cart-plus" title="Add to My Grocery List"></i><div></div></div></td><td><img class="storeItemImage" alt="gluten free/wheat free pasta" src="/media/images/store_item/blank.jpg"></td><td>gluten free/wheat free pasta</td><td class="not_printable sorting_1">gluten-free</td><td><img style="width:50%;" src="/media/images/logos/marchands/62.png" alt="Supermarché PA"></td><td><span itemprop="price">$5.00</span><span itemprop="eligibleQuantity" itemscope="" itemtype="http://schema.org/QuantitativeValue">/<span itemprop="value">2</span>x<span itemprop="unitText">454g (1lb)</span></span></td><td>$5.51/kg</td><td style="display: none;">2020-02-23</td><td style="display: none;"></td><td style="display: none;">Tinkyada</td><td style="display: none;"></td><td style="display: none;"></td><td style="display: none;"></td><td style="display: none;"></td><td style="display: none;"></td><td style="display: none;"><a class="recipeLink" href="/recipe_ingredient_search_results.php?query=(_QU5E__1__________479__[]_1_1)">Recipes with gluten free/wheat free pasta</a></td></tr><tr role="row" class="even"><td tabindex="0"><i class="fas fa-exclamation"></i></td><td class=" not_printable"><div class="addToGL" data-soscuisine-aisle="26" data-soscuisine-sip="3912943"><i class="fa fa-cart-plus" title="Add to My Grocery List"></i><div></div></div></td><td><img class="storeItemImage" alt="gluten-free flour" src="/media/images/store_item/blank.jpg"></td><td>gluten-free flour</td><td class="not_printable sorting_1">gluten-free</td><td><img style="width:50%;" src="/media/images/logos/marchands/94.png" alt="Avril"></td><td><span itemprop="price">$8.99</span><span itemprop="eligibleQuantity" itemscope="" itemtype="http://schema.org/QuantitativeValue">/<span itemprop="unitText">1kg</span></span></td><td>$8.99/kg</td><td style="display: none;">2020-03-03</td><td style="display: none;"></td><td style="display: none;">Cuisine Soleil</td><td style="display: none;"></td><td style="display: none;"></td><td style="display: none;">Organic</td><td style="display: none;"></td><td style="display: none;">all purpose</td><td style="display: none;"><a class="recipeLink" href="/recipe_ingredient_search_results.php?query=(_QU5E__1__________1013__[]_1_1)">Recipes with gluten-free flour</a></td></tr><tr role="row" class="odd"><td tabindex="0"><i class="fas fa-exclamation"></i></td><td class=" not_printable"><div class="addToGL" data-soscuisine-aisle="26" data-soscuisine-sip="3912913"><i class="fa fa-cart-plus" title="Add to My Grocery List"></i><div></div></div></td><td><img class="storeItemImage" alt="granola bars, gluten-free" src="/media/images/store_item/blank.jpg"></td><td>granola bars, gluten-free</td><td class="not_printable sorting_1">gluten-free</td><td><img style="width:50%;" src="/media/images/logos/marchands/94.png" alt="Avril"></td><td><span itemprop="price">$3.49</span><span itemprop="eligibleQuantity" itemscope="" itemtype="http://schema.org/QuantitativeValue">/<span itemprop="unitText">120g</span></span></td><td>$2.91/100g</td><td style="display: none;">2020-03-03</td><td style="display: none;"></td><td style="display: none;">Made Good</td><td style="display: none;"></td><td style="display: none;"></td><td style="display: none;"></td><td style="display: none;"></td><td style="display: none;"></td><td style="display: none;"><a class="recipeLink" href="/recipe_ingredient_search_results.php?query=(_QU5E__1__________1085__[]_1_1)">Recipes with granola bars, gluten-free</a></td></tr><tr role="row" class="even"><td tabindex="0"><i class="fas fa-exclamation"></i></td><td class=" not_printable"><div class="addToGL" data-soscuisine-aisle="26" data-soscuisine-sip="3937377"><i class="fa fa-cart-plus" title="Add to My Grocery List"></i><div></div></div></td><td><img class="storeItemImage" alt="konjac/shirataki noodles" src="/media/images/store_item/blank.jpg"></td><td>konjac/shirataki noodles</td><td class="not_printable sorting_1">gluten-free</td><td><img style="width:50%;" src="/media/images/logos/marchands/95.png" alt="Marchés Tau"></td><td><span itemprop="price">$3.99</span><span itemprop="eligibleQuantity" itemscope="" itemtype="http://schema.org/QuantitativeValue">/<span itemprop="unitText">400g</span></span></td><td>$1.00/100g</td><td style="display: none;">2020-03-29</td><td style="display: none;"></td><td style="display: none;"></td><td style="display: none;"></td><td style="display: none;"></td><td style="display: none;"></td><td style="display: none;"></td><td style="display: none;">Liviva</td><td style="display: none;"><a class="recipeLink" href="/recipe_ingredient_search_results.php?query=(_QU5E__1__________1283__[]_1_1)">Recipes with konjac/shirataki noodles</a></td></tr><tr role="row" class="odd"><td tabindex="0"><i class="fa fa-thumbs-down"></i></td><td class=" not_printable"><div class="addToGL" data-soscuisine-aisle="11" data-soscuisine-sip="3939745"><i class="fa fa-cart-plus" title="Add to My Grocery List"></i><div></div></div></td><td><img class="storeItemImage" alt="beer" src="/media/images/store_item/blank.jpg"></td><td>beer</td><td class="not_printable sorting_1">beer, wine &amp; spirits</td><td><img style="width:50%;" src="/media/images/logos/marchands/10.png" alt="Bonichoix"></td><td><span itemprop="price">$11.99</span><span itemprop="eligibleQuantity" itemscope="" itemtype="http://schema.org/QuantitativeValue">/<span itemprop="unitText">6x330mL</span></span></td><td>$0.61/100mL</td><td style="display: none;">2020-02-26</td><td style="display: none;"></td><td style="display: none;">various brands</td><td style="display: none;"></td><td style="display: none;"></td><td style="display: none;"></td><td style="display: none;"></td><td style="display: none;"></td><td style="display: none;"><a class="recipeLink" href="/recipe_ingredient_search_results.php?query=(_QU5E__1__________164__[]_1_1)">Recipes with beer</a></td></tr><tr role="row" class="even"><td tabindex="0"><i class="fa fa-thumbs-up"></i><i class="fa fa-thumbs-up"></i></td><td class=" not_printable"><div class="addToGL" data-soscuisine-aisle="11" data-soscuisine-sip="3938915"><i class="fa fa-cart-plus" title="Add to My Grocery List"></i><div></div></div></td><td><img class="storeItemImage" alt="beer" src="/media/images/store_item/blank.jpg"></td><td>beer</td><td class="not_printable sorting_1">beer, wine &amp; spirits</td><td><img style="width:50%;" src="/media/images/logos/marchands/3.png" alt="IGA"></td><td><span itemprop="price">$32.99</span><span itemprop="eligibleQuantity" itemscope="" itemtype="http://schema.org/QuantitativeValue">/<span itemprop="unitText">30x355mL</span></span></td><td>$0.31/100mL</td><td style="display: none;">2020-02-26</td><td style="display: none;"></td><td style="display: none;">Coors</td><td style="display: none;"></td><td style="display: none;">light</td><td style="display: none;"></td><td style="display: none;"></td><td style="display: none;"></td><td style="display: none;"><a class="recipeLink" href="/recipe_ingredient_search_results.php?query=(_QU5E__1__________164__[]_1_1)">Recipes with beer</a></td></tr><tr role="row" class="odd"><td tabindex="0"><i class="fa fa-thumbs-up"></i><i class="fa fa-thumbs-up"></i></td><td class=" not_printable"><div class="addToGL" data-soscuisine-aisle="11" data-soscuisine-sip="3938977"><i class="fa fa-cart-plus" title="Add to My Grocery List"></i><div></div></div></td><td><img class="storeItemImage" alt="beer" src="/media/images/store_item/blank.jpg"></td><td>beer</td><td class="not_printable sorting_1">beer, wine &amp; spirits</td><td><img style="width:50%;" src="/media/images/logos/marchands/3.png" alt="IGA"></td><td><span itemprop="price">$52.00</span><span itemprop="eligibleQuantity" itemscope="" itemtype="http://schema.org/QuantitativeValue">/<span itemprop="value">2</span>x<span itemprop="unitText">24x341mL</span></span></td><td>$0.32/100mL</td><td style="display: none;">2020-02-26</td><td style="display: none;"></td><td style="display: none;">Coors</td><td style="display: none;"></td><td style="display: none;"></td><td style="display: none;"></td><td style="display: none;"></td><td style="display: none;">or Molson, Miller, Sleeman</td><td style="display: none;"><a class="recipeLink" href="/recipe_ingredient_search_results.php?query=(_QU5E__1__________164__[]_1_1)">Recipes with beer</a></td></tr><tr role="row" class="even"><td tabindex="0"><i class="fa fa-thumbs-up"></i><i class="fa fa-thumbs-up"></i></td><td class=" not_printable"><div class="addToGL" data-soscuisine-aisle="11" data-soscuisine-sip="3938911"><i class="fa fa-cart-plus" title="Add to My Grocery List"></i><div></div></div></td><td><img class="storeItemImage" alt="beer" src="/media/images/store_item/blank.jpg"></td><td>beer</td><td class="not_printable sorting_1">beer, wine &amp; spirits</td><td><img style="width:50%;" src="/media/images/logos/marchands/3.png" alt="IGA"></td><td><span itemprop="price">$35.99</span><span itemprop="eligibleQuantity" itemscope="" itemtype="http://schema.org/QuantitativeValue">/<span itemprop="unitText">30x355mL</span></span></td><td>$0.34/100mL</td><td style="display: none;">2020-02-26</td><td style="display: none;"></td><td style="display: none;">Molson Dry</td><td style="display: none;"></td><td style="display: none;"></td><td style="display: none;"></td><td style="display: none;"></td><td style="display: none;"></td><td style="display: none;"><a class="recipeLink" href="/recipe_ingredient_search_results.php?query=(_QU5E__1__________164__[]_1_1)">Recipes with beer</a></td></tr><tr role="row" class="odd"><td tabindex="0"><i class="fa fa-thumbs-up"></i><i class="fa fa-thumbs-up"></i></td><td class=" not_printable"><div class="addToGL" data-soscuisine-aisle="11" data-soscuisine-sip="3938991"><i class="fa fa-cart-plus" title="Add to My Grocery List"></i><div></div></div></td><td><img class="storeItemImage" alt="beer" src="/media/images/store_item/blank.jpg"></td><td>beer</td><td class="not_printable sorting_1">beer, wine &amp; spirits</td><td><img style="width:50%;" src="/media/images/logos/marchands/3.png" alt="IGA"></td><td><span itemprop="price">$55.00</span><span itemprop="eligibleQuantity" itemscope="" itemtype="http://schema.org/QuantitativeValue">/<span itemprop="value">2</span>x<span itemprop="unitText">24x341mL</span></span></td><td>$0.34/100mL</td><td style="display: none;">2020-02-26</td><td style="display: none;"></td><td style="display: none;">Molson Dry</td><td style="display: none;"></td><td style="display: none;"></td><td style="display: none;"></td><td style="display: none;"></td><td style="display: none;">or Sleeman</td><td style="display: none;"><a class="recipeLink" href="/recipe_ingredient_search_results.php?query=(_QU5E__1__________164__[]_1_1)">Recipes with beer</a></td></tr><tr role="row" class="even"><td tabindex="0"><i class="fa fa-thumbs-up"></i></td><td class=" not_printable"><div class="addToGL" data-soscuisine-aisle="11" data-soscuisine-sip="3939791"><i class="fa fa-cart-plus" title="Add to My Grocery List"></i><div></div></div></td><td><img class="storeItemImage" alt="beer" src="/media/images/store_item/blank.jpg"></td><td>beer</td><td class="not_printable sorting_1">beer, wine &amp; spirits</td><td><img style="width:50%;" src="/media/images/logos/marchands/3.png" alt="IGA"></td><td><span itemprop="price">$25.99</span><span itemprop="eligibleQuantity" itemscope="" itemtype="http://schema.org/QuantitativeValue">/<span itemprop="unitText">20x355mL</span></span></td><td>$0.37/100mL</td><td style="display: none;">2020-02-26</td><td style="display: none;"></td><td style="display: none;">Coors</td><td style="display: none;"></td><td style="display: none;">light</td><td style="display: none;"></td><td style="display: none;"></td><td style="display: none;">or Molson</td><td style="display: none;"><a class="recipeLink" href="/recipe_ingredient_search_results.php?query=(_QU5E__1__________164__[]_1_1)">Recipes with beer</a></td></tr><tr role="row" class="odd"><td tabindex="0"><i class="fas fa-hand-rock"></i></td><td class=" not_printable"><div class="addToGL" data-soscuisine-aisle="11" data-soscuisine-sip="3938983"><i class="fa fa-cart-plus" title="Add to My Grocery List"></i><div></div></div></td><td><img class="storeItemImage" alt="beer" src="/media/images/store_item/blank.jpg"></td><td>beer</td><td class="not_printable sorting_1">beer, wine &amp; spirits</td><td><img style="width:50%;" src="/media/images/logos/marchands/3.png" alt="IGA"></td><td><span itemprop="price">$31.99</span><span itemprop="eligibleQuantity" itemscope="" itemtype="http://schema.org/QuantitativeValue">/<span itemprop="unitText">24x341mL</span></span></td><td>$0.39/100mL</td><td style="display: none;">2020-02-26</td><td style="display: none;"></td><td style="display: none;">various brands</td><td style="display: none;"></td><td style="display: none;"></td><td style="display: none;"></td><td style="display: none;"></td><td style="display: none;"></td><td style="display: none;"><a class="recipeLink" href="/recipe_ingredient_search_results.php?query=(_QU5E__1__________164__[]_1_1)">Recipes with beer</a></td></tr><tr role="row" class="even"><td tabindex="0"><i class="fa fa-thumbs-down"></i></td><td class=" not_printable"><div class="addToGL" data-soscuisine-aisle="11" data-soscuisine-sip="3939451"><i class="fa fa-cart-plus" title="Add to My Grocery List"></i><div></div></div></td><td><img class="storeItemImage" alt="beer" src="/media/images/store_item/blank.jpg"></td><td>beer</td><td class="not_printable sorting_1">beer, wine &amp; spirits</td><td><img style="width:50%;" src="/media/images/logos/marchands/3.png" alt="IGA"></td><td><span itemprop="price">$27.96</span><span itemprop="eligibleQuantity" itemscope="" itemtype="http://schema.org/QuantitativeValue">/<span itemprop="value">3</span>x<span itemprop="unitText">6x341mL</span></span></td><td>$0.46/100mL</td><td style="display: none;">2020-02-26</td><td style="display: none;"></td><td style="display: none;">various brands</td><td style="display: none;"></td><td style="display: none;"></td><td style="display: none;"></td><td style="display: none;"></td><td style="display: none;"></td><td style="display: none;"><a class="recipeLink" href="/recipe_ingredient_search_results.php?query=(_QU5E__1__________164__[]_1_1)">Recipes with beer</a></td></tr><tr role="row" class="odd"><td tabindex="0"><i class="fa fa-thumbs-down"></i></td><td class=" not_printable"><div class="addToGL" data-soscuisine-aisle="11" data-soscuisine-sip="3938969"><i class="fa fa-cart-plus" title="Add to My Grocery List"></i><div></div></div></td><td><img class="storeItemImage" alt="beer" src="/media/images/store_item/blank.jpg"></td><td>beer</td><td class="not_printable sorting_1">beer, wine &amp; spirits</td><td><img style="width:50%;" src="/media/images/logos/marchands/3.png" alt="IGA"></td><td><span itemprop="price">$29.97</span><span itemprop="eligibleQuantity" itemscope="" itemtype="http://schema.org/QuantitativeValue">/<span itemprop="value">3</span>x<span itemprop="unitText">6x330mL</span></span></td><td>$0.50/100mL</td><td style="display: none;">2020-02-26</td><td style="display: none;"></td><td style="display: none;">various brands</td><td style="display: none;"></td><td style="display: none;"></td><td style="display: none;"></td><td style="display: none;"></td><td style="display: none;"></td><td style="display: none;"><a class="recipeLink" href="/recipe_ingredient_search_results.php?query=(_QU5E__1__________164__[]_1_1)">Recipes with beer</a></td></tr><tr role="row" class="even"><td tabindex="0"><i class="fa fa-thumbs-down"></i></td><td class=" not_printable"><div class="addToGL" data-soscuisine-aisle="11" data-soscuisine-sip="3939453"><i class="fa fa-cart-plus" title="Add to My Grocery List"></i><div></div></div></td><td><img class="storeItemImage" alt="beer" src="/media/images/store_item/blank.jpg"></td><td>beer</td><td class="not_printable sorting_1">beer, wine &amp; spirits</td><td><img style="width:50%;" src="/media/images/logos/marchands/3.png" alt="IGA"></td><td><span itemprop="price">$10.99</span><span itemprop="eligibleQuantity" itemscope="" itemtype="http://schema.org/QuantitativeValue">/<span itemprop="unitText">6x341mL</span></span></td><td>$0.54/100mL</td><td style="display: none;">2020-02-26</td><td style="display: none;"></td><td style="display: none;">various brands</td><td style="display: none;"></td><td style="display: none;"></td><td style="display: none;"></td><td style="display: none;"></td><td style="display: none;"></td><td style="display: none;"><a class="recipeLink" href="/recipe_ingredient_search_results.php?query=(_QU5E__1__________164__[]_1_1)">Recipes with beer</a></td></tr><tr role="row" class="odd"><td tabindex="0"><i class="fa fa-thumbs-down"></i></td><td class=" not_printable"><div class="addToGL" data-soscuisine-aisle="11" data-soscuisine-sip="3938971"><i class="fa fa-cart-plus" title="Add to My Grocery List"></i><div></div></div></td><td><img class="storeItemImage" alt="beer" src="/media/images/store_item/blank.jpg"></td><td>beer</td><td class="not_printable sorting_1">beer, wine &amp; spirits</td><td><img style="width:50%;" src="/media/images/logos/marchands/3.png" alt="IGA"></td><td><span itemprop="price">$11.99</span><span itemprop="eligibleQuantity" itemscope="" itemtype="http://schema.org/QuantitativeValue">/<span itemprop="unitText">6x330mL</span></span></td><td>$0.61/100mL</td><td style="display: none;">2020-02-26</td><td style="display: none;"></td><td style="display: none;">various brands</td><td style="display: none;"></td><td style="display: none;"></td><td style="display: none;"></td><td style="display: none;"></td><td style="display: none;"></td><td style="display: none;"><a class="recipeLink" href="/recipe_ingredient_search_results.php?query=(_QU5E__1__________164__[]_1_1)">Recipes with beer</a></td></tr><tr role="row" class="even"><td tabindex="0"><i class="fas fa-hand-rock"></i></td><td class=" not_printable"><div class="addToGL" data-soscuisine-aisle="11" data-soscuisine-sip="3938653"><i class="fa fa-cart-plus" title="Add to My Grocery List"></i><div></div></div></td><td><img class="storeItemImage" alt="beer" src="/media/images/store_item/blank.jpg"></td><td>beer</td><td class="not_printable sorting_1">beer, wine &amp; spirits</td><td><img style="width:50%;" src="/media/images/logos/marchands/69.png" alt="Intermarche (Provincial)"></td><td><span itemprop="price">$15.99</span><span itemprop="eligibleQuantity" itemscope="" itemtype="http://schema.org/QuantitativeValue">/<span itemprop="unitText">12x341mL</span></span></td><td>$0.39/100mL</td><td style="display: none;">2020-02-26</td><td style="display: none;"></td><td style="display: none;">Belle-Gueule</td><td style="display: none;"></td><td style="display: none;"></td><td style="display: none;"></td><td style="display: none;"></td><td style="display: none;">Moosehead, St-Ambroise, Griffon or Cheval Blanc</td><td style="display: none;"><a class="recipeLink" href="/recipe_ingredient_search_results.php?query=(_QU5E__1__________164__[]_1_1)">Recipes with beer</a></td></tr><tr role="row" class="odd"><td tabindex="0"><i class="fa fa-thumbs-down"></i></td><td class=" not_printable"><div class="addToGL" data-soscuisine-aisle="11" data-soscuisine-sip="3938651"><i class="fa fa-cart-plus" title="Add to My Grocery List"></i><div></div></div></td><td><img class="storeItemImage" alt="beer" src="/media/images/store_item/blank.jpg"></td><td>beer</td><td class="not_printable sorting_1">beer, wine &amp; spirits</td><td><img style="width:50%;" src="/media/images/logos/marchands/69.png" alt="Intermarche (Provincial)"></td><td><span itemprop="price">$5.99</span><span itemprop="eligibleQuantity" itemscope="" itemtype="http://schema.org/QuantitativeValue">/<span itemprop="unitText">750mL</span></span></td><td>$0.80/100mL</td><td style="display: none;">2020-02-26</td><td style="display: none;"></td><td style="display: none;"></td><td style="display: none;"></td><td style="display: none;"></td><td style="display: none;"></td><td style="display: none;"></td><td style="display: none;">Fin du Monde, Maudite, Trois Pistoles or Don de Dieu</td><td style="display: none;"><a class="recipeLink" href="/recipe_ingredient_search_results.php?query=(_QU5E__1__________164__[]_1_1)">Recipes with beer</a></td></tr><tr role="row" class="even"><td tabindex="0"><i class="fas fa-hand-rock"></i></td><td class=" not_printable"><div class="addToGL" data-soscuisine-aisle="11" data-soscuisine-sip="3938427"><i class="fa fa-cart-plus" title="Add to My Grocery List"></i><div></div></div></td><td><img class="storeItemImage" alt="beer" src="/media/images/store_item/blank.jpg"></td><td>beer</td><td class="not_printable sorting_1">beer, wine &amp; spirits</td><td><img style="width:50%;" src="/media/images/logos/marchands/7.png" alt="Intermarché (Saveurs intl.)"></td><td><span itemprop="price">$15.99</span><span itemprop="eligibleQuantity" itemscope="" itemtype="http://schema.org/QuantitativeValue">/<span itemprop="unitText">12x341mL</span></span></td><td>$0.39/100mL</td><td style="display: none;">2020-02-26</td><td style="display: none;"></td><td style="display: none;">Belle-Gueule</td><td style="display: none;"></td><td style="display: none;"></td><td style="display: none;"></td><td style="display: none;"></td><td style="display: none;">Moosehead, St-Ambroise, Griffon or Cheval Blanc</td><td style="display: none;"><a class="recipeLink" href="/recipe_ingredient_search_results.php?query=(_QU5E__1__________164__[]_1_1)">Recipes with beer</a></td></tr><tr role="row" class="odd"><td tabindex="0"><i class="fa fa-thumbs-down"></i></td><td class=" not_printable"><div class="addToGL" data-soscuisine-aisle="11" data-soscuisine-sip="3938425"><i class="fa fa-cart-plus" title="Add to My Grocery List"></i><div></div></div></td><td><img class="storeItemImage" alt="beer" src="/media/images/store_item/blank.jpg"></td><td>beer</td><td class="not_printable sorting_1">beer, wine &amp; spirits</td><td><img style="width:50%;" src="/media/images/logos/marchands/7.png" alt="Intermarché (Saveurs intl.)"></td><td><span itemprop="price">$5.99</span><span itemprop="eligibleQuantity" itemscope="" itemtype="http://schema.org/QuantitativeValue">/<span itemprop="unitText">750mL</span></span></td><td>$0.80/100mL</td><td style="display: none;">2020-02-26</td><td style="display: none;"></td><td style="display: none;"></td><td style="display: none;"></td><td style="display: none;"></td><td style="display: none;"></td><td style="display: none;"></td><td style="display: none;">Fin du Monde, Maudite, Trois Pistoles or Don de Dieu</td><td style="display: none;"><a class="recipeLink" href="/recipe_ingredient_search_results.php?query=(_QU5E__1__________164__[]_1_1)">Recipes with beer</a></td></tr><tr role="row" class="even"><td tabindex="0"><i class="fa fa-thumbs-up"></i></td><td class=" not_printable"><div class="addToGL" data-soscuisine-aisle="11" data-soscuisine-sip="3939215"><i class="fa fa-cart-plus" title="Add to My Grocery List"></i><div></div></div></td><td><img class="storeItemImage" alt="beer" src="/media/images/store_item/blank.jpg"></td><td>beer</td><td class="not_printable sorting_1">beer, wine &amp; spirits</td><td><img style="width:50%;" src="/media/images/logos/marchands/63.png" alt="Marché Adonis"></td><td><span itemprop="price">$14.99</span><span itemprop="eligibleQuantity" itemscope="" itemtype="http://schema.org/QuantitativeValue">/<span itemprop="unitText">12x341mL</span></span></td><td>$0.37/100mL</td><td style="display: none;">2020-02-26</td><td style="display: none;"></td><td style="display: none;">Grolsch</td><td style="display: none;"></td><td style="display: none;"></td><td style="display: none;"></td><td style="display: none;"></td><td style="display: none;">or Moosehead</td><td style="display: none;"><a class="recipeLink" href="/recipe_ingredient_search_results.php?query=(_QU5E__1__________164__[]_1_1)">Recipes with beer</a></td></tr><tr role="row" class="odd"><td tabindex="0"><i class="fa fa-thumbs-up"></i><i class="fa fa-thumbs-up"></i></td><td class=" not_printable"><div class="addToGL" data-soscuisine-aisle="11" data-soscuisine-sip="3938519"><i class="fa fa-cart-plus" title="Add to My Grocery List"></i><div></div></div></td><td><img class="storeItemImage" alt="beer" src="/media/images/store_item/blank.jpg"></td><td>beer</td><td class="not_printable sorting_1">beer, wine &amp; spirits</td><td><img style="width:50%;" src="/media/images/logos/marchands/6.png" alt="Maxi"></td><td><span itemprop="price">$52.00</span><span itemprop="eligibleQuantity" itemscope="" itemtype="http://schema.org/QuantitativeValue">/<span itemprop="unitText">48x355mL</span></span></td><td>$0.31/100mL</td><td style="display: none;">2020-02-26</td><td style="display: none;"></td><td style="display: none;">Bud, Coors</td><td style="display: none;"></td><td style="display: none;">light</td><td style="display: none;"></td><td style="display: none;"></td><td style="display: none;"></td><td style="display: none;"><a class="recipeLink" href="/recipe_ingredient_search_results.php?query=(_QU5E__1__________164__[]_1_1)">Recipes with beer</a></td></tr><tr role="row" class="even"><td tabindex="0"><i class="fa fa-thumbs-up"></i></td><td class=" not_printable"><div class="addToGL" data-soscuisine-aisle="11" data-soscuisine-sip="3938521"><i class="fa fa-cart-plus" title="Add to My Grocery List"></i><div></div></div></td><td><img class="storeItemImage" alt="beer" src="/media/images/store_item/blank.jpg"></td><td>beer</td><td class="not_printable sorting_1">beer, wine &amp; spirits</td><td><img style="width:50%;" src="/media/images/logos/marchands/6.png" alt="Maxi"></td><td><span itemprop="price">$57.00</span><span itemprop="eligibleQuantity" itemscope="" itemtype="http://schema.org/QuantitativeValue">/<span itemprop="value">2</span>x<span itemprop="unitText">24x341mL</span></span></td><td>$0.35/100mL</td><td style="display: none;">2020-02-26</td><td style="display: none;"></td><td style="display: none;">various brands</td><td style="display: none;"></td><td style="display: none;"></td><td style="display: none;"></td><td style="display: none;"></td><td style="display: none;"></td><td style="display: none;"><a class="recipeLink" href="/recipe_ingredient_search_results.php?query=(_QU5E__1__________164__[]_1_1)">Recipes with beer</a></td></tr><tr role="row" class="odd"><td tabindex="0"><i class="fa fa-thumbs-up"></i></td><td class=" not_printable"><div class="addToGL" data-soscuisine-aisle="11" data-soscuisine-sip="3938525"><i class="fa fa-cart-plus" title="Add to My Grocery List"></i><div></div></div></td><td><img class="storeItemImage" alt="beer" src="/media/images/store_item/blank.jpg"></td><td>beer</td><td class="not_printable sorting_1">beer, wine &amp; spirits</td><td><img style="width:50%;" src="/media/images/logos/marchands/6.png" alt="Maxi"></td><td><span itemprop="price">$58.00</span><span itemprop="eligibleQuantity" itemscope="" itemtype="http://schema.org/QuantitativeValue">/<span itemprop="value">2</span>x<span itemprop="unitText">24x330mL</span></span></td><td>$0.37/100mL</td><td style="display: none;">2020-02-26</td><td style="display: none;"></td><td style="display: none;">Corona</td><td style="display: none;"></td><td style="display: none;"></td><td style="display: none;"></td><td style="display: none;"></td><td style="display: none;">or Stella Artois, Heineken, Sol, Sapporo</td><td style="display: none;"><a class="recipeLink" href="/recipe_ingredient_search_results.php?query=(_QU5E__1__________164__[]_1_1)">Recipes with beer</a></td></tr><tr role="row" class="even"><td tabindex="0"><i class="fas fa-hand-rock"></i></td><td class=" not_printable"><div class="addToGL" data-soscuisine-aisle="11" data-soscuisine-sip="3938523"><i class="fa fa-cart-plus" title="Add to My Grocery List"></i><div></div></div></td><td><img class="storeItemImage" alt="beer" src="/media/images/store_item/blank.jpg"></td><td>beer</td><td class="not_printable sorting_1">beer, wine &amp; spirits</td><td><img style="width:50%;" src="/media/images/logos/marchands/6.png" alt="Maxi"></td><td><span itemprop="price">$31.98</span><span itemprop="eligibleQuantity" itemscope="" itemtype="http://schema.org/QuantitativeValue">/<span itemprop="unitText">24x341mL</span></span></td><td>$0.39/100mL</td><td style="display: none;">2020-02-26</td><td style="display: none;"></td><td style="display: none;">various brands</td><td style="display: none;"></td><td style="display: none;"></td><td style="display: none;"></td><td style="display: none;"></td><td style="display: none;"></td><td style="display: none;"><a class="recipeLink" href="/recipe_ingredient_search_results.php?query=(_QU5E__1__________164__[]_1_1)">Recipes with beer</a></td></tr><tr role="row" class="odd"><td tabindex="0"><i class="fas fa-hand-rock"></i></td><td class=" not_printable"><div class="addToGL" data-soscuisine-aisle="11" data-soscuisine-sip="3938527"><i class="fa fa-cart-plus" title="Add to My Grocery List"></i><div></div></div></td><td><img class="storeItemImage" alt="beer" src="/media/images/store_item/blank.jpg"></td><td>beer</td><td class="not_printable sorting_1">beer, wine &amp; spirits</td><td><img style="width:50%;" src="/media/images/logos/marchands/6.png" alt="Maxi"></td><td><span itemprop="price">$32.98</span><span itemprop="eligibleQuantity" itemscope="" itemtype="http://schema.org/QuantitativeValue">/<span itemprop="unitText">24x330mL</span></span></td><td>$0.42/100mL</td><td style="display: none;">2020-02-26</td><td style="display: none;"></td><td style="display: none;">Corona</td><td style="display: none;"></td><td style="display: none;"></td><td style="display: none;"></td><td style="display: none;"></td><td style="display: none;">or Stella Artois, Heineken, Sol, Sapporo</td><td style="display: none;"><a class="recipeLink" href="/recipe_ingredient_search_results.php?query=(_QU5E__1__________164__[]_1_1)">Recipes with beer</a></td></tr><tr role="row" class="even"><td tabindex="0"><i class="fa fa-thumbs-up"></i><i class="fa fa-thumbs-up"></i></td><td class=" not_printable"><div class="addToGL" data-soscuisine-aisle="11" data-soscuisine-sip="3937943"><i class="fa fa-cart-plus" title="Add to My Grocery List"></i><div></div></div></td><td><img class="storeItemImage" alt="beer" src="/media/images/store_item/blank.jpg"></td><td>beer</td><td class="not_printable sorting_1">beer, wine &amp; spirits</td><td><img style="width:50%;" src="/media/images/logos/marchands/1.png" alt="Metro"></td><td><span itemprop="price">$35.99</span><span itemprop="eligibleQuantity" itemscope="" itemtype="http://schema.org/QuantitativeValue">/<span itemprop="unitText">30x355mL</span></span></td><td>$0.34/100mL</td><td style="display: none;">2020-02-26</td><td style="display: none;"></td><td style="display: none;">various brands</td><td style="display: none;"></td><td style="display: none;"></td><td style="display: none;"></td><td style="display: none;"></td><td style="display: none;"></td><td style="display: none;"><a class="recipeLink" href="/recipe_ingredient_search_results.php?query=(_QU5E__1__________164__[]_1_1)">Recipes with beer</a></td></tr><tr role="row" class="odd"><td tabindex="0"><i class="fa fa-thumbs-up"></i></td><td class=" not_printable"><div class="addToGL" data-soscuisine-aisle="11" data-soscuisine-sip="3937941"><i class="fa fa-cart-plus" title="Add to My Grocery List"></i><div></div></div></td><td><img class="storeItemImage" alt="beer" src="/media/images/store_item/blank.jpg"></td><td>beer</td><td class="not_printable sorting_1">beer, wine &amp; spirits</td><td><img style="width:50%;" src="/media/images/logos/marchands/1.png" alt="Metro"></td><td><span itemprop="price">$57.98</span><span itemprop="eligibleQuantity" itemscope="" itemtype="http://schema.org/QuantitativeValue">/<span itemprop="value">2</span>x<span itemprop="unitText">24x341mL</span></span></td><td>$0.35/100mL</td><td style="display: none;">2020-02-26</td><td style="display: none;"></td><td style="display: none;">various brands</td><td style="display: none;"></td><td style="display: none;"></td><td style="display: none;"></td><td style="display: none;"></td><td style="display: none;"></td><td style="display: none;"><a class="recipeLink" href="/recipe_ingredient_search_results.php?query=(_QU5E__1__________164__[]_1_1)">Recipes with beer</a></td></tr><tr role="row" class="even"><td tabindex="0"><i class="fa fa-thumbs-up"></i></td><td class=" not_printable"><div class="addToGL" data-soscuisine-aisle="11" data-soscuisine-sip="3937907"><i class="fa fa-cart-plus" title="Add to My Grocery List"></i><div></div></div></td><td><img class="storeItemImage" alt="beer" src="/media/images/store_item/blank.jpg"></td><td>beer</td><td class="not_printable sorting_1">beer, wine &amp; spirits</td><td><img style="width:50%;" src="/media/images/logos/marchands/1.png" alt="Metro"></td><td><span itemprop="price">$25.99</span><span itemprop="eligibleQuantity" itemscope="" itemtype="http://schema.org/QuantitativeValue">/<span itemprop="unitText">20x355mL</span></span></td><td>$0.37/100mL</td><td style="display: none;">2020-02-26</td><td style="display: none;"></td><td style="display: none;">Sleeman</td><td style="display: none;"></td><td style="display: none;"></td><td style="display: none;"></td><td style="display: none;"></td><td style="display: none;"></td><td style="display: none;"><a class="recipeLink" href="/recipe_ingredient_search_results.php?query=(_QU5E__1__________164__[]_1_1)">Recipes with beer</a></td></tr><tr role="row" class="odd"><td tabindex="0"><i class="fas fa-hand-rock"></i></td><td class=" not_printable"><div class="addToGL" data-soscuisine-aisle="11" data-soscuisine-sip="3937939"><i class="fa fa-cart-plus" title="Add to My Grocery List"></i><div></div></div></td><td><img class="storeItemImage" alt="beer" src="/media/images/store_item/blank.jpg"></td><td>beer</td><td class="not_printable sorting_1">beer, wine &amp; spirits</td><td><img style="width:50%;" src="/media/images/logos/marchands/1.png" alt="Metro"></td><td><span itemprop="price">$31.99</span><span itemprop="eligibleQuantity" itemscope="" itemtype="http://schema.org/QuantitativeValue">/<span itemprop="unitText">24x341mL</span></span></td><td>$0.39/100mL</td><td style="display: none;">2020-02-26</td><td style="display: none;"></td><td style="display: none;">various brands</td><td style="display: none;"></td><td style="display: none;"></td><td style="display: none;"></td><td style="display: none;"></td><td style="display: none;"></td><td style="display: none;"><a class="recipeLink" href="/recipe_ingredient_search_results.php?query=(_QU5E__1__________164__[]_1_1)">Recipes with beer</a></td></tr><tr role="row" class="even"><td tabindex="0"><i class="fas fa-hand-rock"></i></td><td class=" not_printable"><div class="addToGL" data-soscuisine-aisle="11" data-soscuisine-sip="3937937"><i class="fa fa-cart-plus" title="Add to My Grocery List"></i><div></div></div></td><td><img class="storeItemImage" alt="beer" src="/media/images/store_item/blank.jpg"></td><td>beer</td><td class="not_printable sorting_1">beer, wine &amp; spirits</td><td><img style="width:50%;" src="/media/images/logos/marchands/1.png" alt="Metro"></td><td><span itemprop="price">$32.00</span><span itemprop="eligibleQuantity" itemscope="" itemtype="http://schema.org/QuantitativeValue">/<span itemprop="value">2</span>x<span itemprop="unitText">12x341mL</span></span></td><td>$0.39/100mL</td><td style="display: none;">2020-02-26</td><td style="display: none;"></td><td style="display: none;">various brands</td><td style="display: none;"></td><td style="display: none;"></td><td style="display: none;"></td><td style="display: none;"></td><td style="display: none;"></td><td style="display: none;"><a class="recipeLink" href="/recipe_ingredient_search_results.php?query=(_QU5E__1__________164__[]_1_1)">Recipes with beer</a></td></tr><tr role="row" class="odd"><td tabindex="0"><i class="fas fa-hand-rock"></i></td><td class=" not_printable"><div class="addToGL" data-soscuisine-aisle="11" data-soscuisine-sip="3937935"><i class="fa fa-cart-plus" title="Add to My Grocery List"></i><div></div></div></td><td><img class="storeItemImage" alt="beer" src="/media/images/store_item/blank.jpg"></td><td>beer</td><td class="not_printable sorting_1">beer, wine &amp; spirits</td><td><img style="width:50%;" src="/media/images/logos/marchands/1.png" alt="Metro"></td><td><span itemprop="price">$16.99</span><span itemprop="eligibleQuantity" itemscope="" itemtype="http://schema.org/QuantitativeValue">/<span itemprop="unitText">12x341mL</span></span></td><td>$0.42/100mL</td><td style="display: none;">2020-02-26</td><td style="display: none;"></td><td style="display: none;">various brands</td><td style="display: none;"></td><td style="display: none;"></td><td style="display: none;"></td><td style="display: none;"></td><td style="display: none;"></td><td style="display: none;"><a class="recipeLink" href="/recipe_ingredient_search_results.php?query=(_QU5E__1__________164__[]_1_1)">Recipes with beer</a></td></tr><tr role="row" class="even"><td tabindex="0"><i class="fa fa-thumbs-up"></i><i class="fa fa-thumbs-up"></i></td><td class=" not_printable"><div class="addToGL" data-soscuisine-aisle="11" data-soscuisine-sip="3938105"><i class="fa fa-cart-plus" title="Add to My Grocery List"></i><div></div></div></td><td><img class="storeItemImage" alt="beer" src="/media/images/store_item/blank.jpg"></td><td>beer</td><td class="not_printable sorting_1">beer, wine &amp; spirits</td><td><img style="width:50%;" src="/media/images/logos/marchands/2.png" alt="Provigo"></td><td><span itemprop="price">$23.99</span><span itemprop="eligibleQuantity" itemscope="" itemtype="http://schema.org/QuantitativeValue">/<span itemprop="unitText">20x355mL</span></span></td><td>$0.34/100mL</td><td style="display: none;">2020-02-26</td><td style="display: none;"></td><td style="display: none;">various brands</td><td style="display: none;"></td><td style="display: none;"></td><td style="display: none;"></td><td style="display: none;"></td><td style="display: none;"></td><td style="display: none;"><a class="recipeLink" href="/recipe_ingredient_search_results.php?query=(_QU5E__1__________164__[]_1_1)">Recipes with beer</a></td></tr><tr role="row" class="odd"><td tabindex="0"><i class="fa fa-thumbs-up"></i><i class="fa fa-thumbs-up"></i></td><td class=" not_printable"><div class="addToGL" data-soscuisine-aisle="11" data-soscuisine-sip="3938103"><i class="fa fa-cart-plus" title="Add to My Grocery List"></i><div></div></div></td><td><img class="storeItemImage" alt="beer" src="/media/images/store_item/blank.jpg"></td><td>beer</td><td class="not_printable sorting_1">beer, wine &amp; spirits</td><td><img style="width:50%;" src="/media/images/logos/marchands/2.png" alt="Provigo"></td><td><span itemprop="price">$55.00</span><span itemprop="eligibleQuantity" itemscope="" itemtype="http://schema.org/QuantitativeValue">/<span itemprop="value">2</span>x<span itemprop="unitText">24x341mL</span></span></td><td>$0.34/100mL</td><td style="display: none;">2020-02-26</td><td style="display: none;"></td><td style="display: none;">various brands</td><td style="display: none;"></td><td style="display: none;"></td><td style="display: none;"></td><td style="display: none;"></td><td style="display: none;"></td><td style="display: none;"><a class="recipeLink" href="/recipe_ingredient_search_results.php?query=(_QU5E__1__________164__[]_1_1)">Recipes with beer</a></td></tr><tr role="row" class="even"><td tabindex="0"><i class="fa fa-thumbs-up"></i></td><td class=" not_printable"><div class="addToGL" data-soscuisine-aisle="11" data-soscuisine-sip="3938111"><i class="fa fa-cart-plus" title="Add to My Grocery List"></i><div></div></div></td><td><img class="storeItemImage" alt="beer" src="/media/images/store_item/blank.jpg"></td><td>beer</td><td class="not_printable sorting_1">beer, wine &amp; spirits</td><td><img style="width:50%;" src="/media/images/logos/marchands/2.png" alt="Provigo"></td><td><span itemprop="price">$30.00</span><span itemprop="eligibleQuantity" itemscope="" itemtype="http://schema.org/QuantitativeValue">/<span itemprop="value">2</span>x<span itemprop="unitText">12x341mL</span></span></td><td>$0.37/100mL</td><td style="display: none;">2020-02-26</td><td style="display: none;"></td><td style="display: none;">various brands</td><td style="display: none;"></td><td style="display: none;"></td><td style="display: none;"></td><td style="display: none;"></td><td style="display: none;"></td><td style="display: none;"><a class="recipeLink" href="/recipe_ingredient_search_results.php?query=(_QU5E__1__________164__[]_1_1)">Recipes with beer</a></td></tr><tr role="row" class="odd"><td tabindex="0"><i class="fas fa-hand-rock"></i></td><td class=" not_printable"><div class="addToGL" data-soscuisine-aisle="11" data-soscuisine-sip="3938109"><i class="fa fa-cart-plus" title="Add to My Grocery List"></i><div></div></div></td><td><img class="storeItemImage" alt="beer" src="/media/images/store_item/blank.jpg"></td><td>beer</td><td class="not_printable sorting_1">beer, wine &amp; spirits</td><td><img style="width:50%;" src="/media/images/logos/marchands/2.png" alt="Provigo"></td><td><span itemprop="price">$15.99</span><span itemprop="eligibleQuantity" itemscope="" itemtype="http://schema.org/QuantitativeValue">/<span itemprop="unitText">12x341mL</span></span></td><td>$0.39/100mL</td><td style="display: none;">2020-02-26</td><td style="display: none;"></td><td style="display: none;">various brands</td><td style="display: none;"></td><td style="display: none;"></td><td style="display: none;"></td><td style="display: none;"></td><td style="display: none;"></td><td style="display: none;"><a class="recipeLink" href="/recipe_ingredient_search_results.php?query=(_QU5E__1__________164__[]_1_1)">Recipes with beer</a></td></tr><tr role="row" class="even"><td tabindex="0"><i class="fas fa-hand-rock"></i></td><td class=" not_printable"><div class="addToGL" data-soscuisine-aisle="11" data-soscuisine-sip="3938099"><i class="fa fa-cart-plus" title="Add to My Grocery List"></i><div></div></div></td><td><img class="storeItemImage" alt="beer" src="/media/images/store_item/blank.jpg"></td><td>beer</td><td class="not_printable sorting_1">beer, wine &amp; spirits</td><td><img style="width:50%;" src="/media/images/logos/marchands/2.png" alt="Provigo"></td><td><span itemprop="price">$31.99</span><span itemprop="eligibleQuantity" itemscope="" itemtype="http://schema.org/QuantitativeValue">/<span itemprop="unitText">24x341mL</span></span></td><td>$0.39/100mL</td><td style="display: none;">2020-02-26</td><td style="display: none;"></td><td style="display: none;">various brands</td><td style="display: none;"></td><td style="display: none;"></td><td style="display: none;"></td><td style="display: none;"></td><td style="display: none;"></td><td style="display: none;"><a class="recipeLink" href="/recipe_ingredient_search_results.php?query=(_QU5E__1__________164__[]_1_1)">Recipes with beer</a></td></tr><tr role="row" class="odd"><td tabindex="0"><i class="fa fa-thumbs-down"></i></td><td class=" not_printable"><div class="addToGL" data-soscuisine-aisle="11" data-soscuisine-sip="3938115"><i class="fa fa-cart-plus" title="Add to My Grocery List"></i><div></div></div></td><td><img class="storeItemImage" alt="beer" src="/media/images/store_item/blank.jpg"></td><td>beer</td><td class="not_printable sorting_1">beer, wine &amp; spirits</td><td><img style="width:50%;" src="/media/images/logos/marchands/2.png" alt="Provigo"></td><td><span itemprop="price">$30.00</span><span itemprop="eligibleQuantity" itemscope="" itemtype="http://schema.org/QuantitativeValue">/<span itemprop="value">3</span>x<span itemprop="unitText">6x330mL</span></span></td><td>$0.51/100mL</td><td style="display: none;">2020-02-26</td><td style="display: none;"></td><td style="display: none;">various brands</td><td style="display: none;"></td><td style="display: none;"></td><td style="display: none;"></td><td style="display: none;"></td><td style="display: none;"></td><td style="display: none;"><a class="recipeLink" href="/recipe_ingredient_search_results.php?query=(_QU5E__1__________164__[]_1_1)">Recipes with beer</a></td></tr><tr role="row" class="even"><td tabindex="0"><i class="fa fa-thumbs-down"></i></td><td class=" not_printable"><div class="addToGL" data-soscuisine-aisle="11" data-soscuisine-sip="3938113"><i class="fa fa-cart-plus" title="Add to My Grocery List"></i><div></div></div></td><td><img class="storeItemImage" alt="beer" src="/media/images/store_item/blank.jpg"></td><td>beer</td><td class="not_printable sorting_1">beer, wine &amp; spirits</td><td><img style="width:50%;" src="/media/images/logos/marchands/2.png" alt="Provigo"></td><td><span itemprop="price">$12.49</span><span itemprop="eligibleQuantity" itemscope="" itemtype="http://schema.org/QuantitativeValue">/<span itemprop="unitText">6x330mL</span></span></td><td>$0.63/100mL</td><td style="display: none;">2020-02-26</td><td style="display: none;"></td><td style="display: none;">various brands</td><td style="display: none;"></td><td style="display: none;"></td><td style="display: none;"></td><td style="display: none;"></td><td style="display: none;"></td><td style="display: none;"><a class="recipeLink" href="/recipe_ingredient_search_results.php?query=(_QU5E__1__________164__[]_1_1)">Recipes with beer</a></td></tr><tr role="row" class="odd"><td tabindex="0"><i class="fa fa-thumbs-up"></i><i class="fa fa-thumbs-up"></i></td><td class=" not_printable"><div class="addToGL" data-soscuisine-aisle="11" data-soscuisine-sip="3940849"><i class="fa fa-cart-plus" title="Add to My Grocery List"></i><div></div></div></td><td><img class="storeItemImage" alt="beer" src="/media/images/store_item/blank.jpg"></td><td>beer</td><td class="not_printable sorting_1">beer, wine &amp; spirits</td><td><img style="width:50%;" src="/media/images/logos/marchands/12.png" alt="Richelieu"></td><td><span itemprop="price">$32.99</span><span itemprop="eligibleQuantity" itemscope="" itemtype="http://schema.org/QuantitativeValue">/<span itemprop="unitText">30x355mL</span></span></td><td>$0.31/100mL</td><td style="display: none;">2020-02-26</td><td style="display: none;"></td><td style="display: none;">Bud, Bleue, Sleeman</td><td style="display: none;"></td><td style="display: none;"></td><td style="display: none;"></td><td style="display: none;"></td><td style="display: none;"></td><td style="display: none;"><a class="recipeLink" href="/recipe_ingredient_search_results.php?query=(_QU5E__1__________164__[]_1_1)">Recipes with beer</a></td></tr><tr role="row" class="even"><td tabindex="0"><i class="fa fa-thumbs-up"></i><i class="fa fa-thumbs-up"></i></td><td class=" not_printable"><div class="addToGL" data-soscuisine-aisle="11" data-soscuisine-sip="3940977"><i class="fa fa-cart-plus" title="Add to My Grocery List"></i><div></div></div></td><td><img class="storeItemImage" alt="beer" src="/media/images/store_item/blank.jpg"></td><td>beer</td><td class="not_printable sorting_1">beer, wine &amp; spirits</td><td><img style="width:50%;" src="/media/images/logos/marchands/12.png" alt="Richelieu"></td><td><span itemprop="price">$35.99</span><span itemprop="eligibleQuantity" itemscope="" itemtype="http://schema.org/QuantitativeValue">/<span itemprop="unitText">30x355mL</span></span></td><td>$0.34/100mL</td><td style="display: none;">2020-02-26</td><td style="display: none;"></td><td style="display: none;">Bud, Bleue, Sleeman</td><td style="display: none;"></td><td style="display: none;"></td><td style="display: none;"></td><td style="display: none;"></td><td style="display: none;">Molson, labatt</td><td style="display: none;"><a class="recipeLink" href="/recipe_ingredient_search_results.php?query=(_QU5E__1__________164__[]_1_1)">Recipes with beer</a></td></tr><tr role="row" class="odd"><td tabindex="0"><i class="fas fa-hand-rock"></i></td><td class=" not_printable"><div class="addToGL" data-soscuisine-aisle="11" data-soscuisine-sip="3940981"><i class="fa fa-cart-plus" title="Add to My Grocery List"></i><div></div></div></td><td><img class="storeItemImage" alt="beer" src="/media/images/store_item/blank.jpg"></td><td>beer</td><td class="not_printable sorting_1">beer, wine &amp; spirits</td><td><img style="width:50%;" src="/media/images/logos/marchands/12.png" alt="Richelieu"></td><td><span itemprop="price">$16.99</span><span itemprop="eligibleQuantity" itemscope="" itemtype="http://schema.org/QuantitativeValue">/<span itemprop="unitText">12x341mL</span></span></td><td>$0.42/100mL</td><td style="display: none;">2020-02-26</td><td style="display: none;"></td><td style="display: none;">various brands</td><td style="display: none;"></td><td style="display: none;"></td><td style="display: none;"></td><td style="display: none;"></td><td style="display: none;"></td><td style="display: none;"><a class="recipeLink" href="/recipe_ingredient_search_results.php?query=(_QU5E__1__________164__[]_1_1)">Recipes with beer</a></td></tr><tr role="row" class="even"><td tabindex="0"><i class="fa fa-thumbs-down"></i></td><td class=" not_printable"><div class="addToGL" data-soscuisine-aisle="11" data-soscuisine-sip="3940983"><i class="fa fa-cart-plus" title="Add to My Grocery List"></i><div></div></div></td><td><img class="storeItemImage" alt="beer" src="/media/images/store_item/blank.jpg"></td><td>beer</td><td class="not_printable sorting_1">beer, wine &amp; spirits</td><td><img style="width:50%;" src="/media/images/logos/marchands/12.png" alt="Richelieu"></td><td><span itemprop="price">$19.99</span><span itemprop="eligibleQuantity" itemscope="" itemtype="http://schema.org/QuantitativeValue">/<span itemprop="unitText">12x341mL</span></span></td><td>$0.49/100mL</td><td style="display: none;">2020-02-26</td><td style="display: none;"></td><td style="display: none;">various brands</td><td style="display: none;"></td><td style="display: none;"></td><td style="display: none;"></td><td style="display: none;"></td><td style="display: none;"></td><td style="display: none;"><a class="recipeLink" href="/recipe_ingredient_search_results.php?query=(_QU5E__1__________164__[]_1_1)">Recipes with beer</a></td></tr><tr role="row" class="odd"><td tabindex="0"><i class="fa fa-thumbs-down"></i></td><td class=" not_printable"><div class="addToGL" data-soscuisine-aisle="11" data-soscuisine-sip="3940985"><i class="fa fa-cart-plus" title="Add to My Grocery List"></i><div></div></div></td><td><img class="storeItemImage" alt="beer" src="/media/images/store_item/blank.jpg"></td><td>beer</td><td class="not_printable sorting_1">beer, wine &amp; spirits</td><td><img style="width:50%;" src="/media/images/logos/marchands/12.png" alt="Richelieu"></td><td><span itemprop="price">$9.99</span><span itemprop="eligibleQuantity" itemscope="" itemtype="http://schema.org/QuantitativeValue">/<span itemprop="unitText">6x341mL</span></span></td><td>$0.49/100mL</td><td style="display: none;">2020-02-26</td><td style="display: none;"></td><td style="display: none;">various brands</td><td style="display: none;"></td><td style="display: none;"></td><td style="display: none;"></td><td style="display: none;"></td><td style="display: none;"></td><td style="display: none;"><a class="recipeLink" href="/recipe_ingredient_search_results.php?query=(_QU5E__1__________164__[]_1_1)">Recipes with beer</a></td></tr><tr role="row" class="even"><td tabindex="0"><i class="fa fa-thumbs-down"></i></td><td class=" not_printable"><div class="addToGL" data-soscuisine-aisle="11" data-soscuisine-sip="3940979"><i class="fa fa-cart-plus" title="Add to My Grocery List"></i><div></div></div></td><td><img class="storeItemImage" alt="beer" src="/media/images/store_item/blank.jpg"></td><td>beer</td><td class="not_printable sorting_1">beer, wine &amp; spirits</td><td><img style="width:50%;" src="/media/images/logos/marchands/12.png" alt="Richelieu"></td><td><span itemprop="price">$6.00</span><span itemprop="eligibleQuantity" itemscope="" itemtype="http://schema.org/QuantitativeValue">/<span itemprop="value">2</span>x<span itemprop="unitText">pint (473mL)</span></span></td><td>$0.63/100mL</td><td style="display: none;">2020-02-26</td><td style="display: none;"></td><td style="display: none;">various brands</td><td style="display: none;"></td><td style="display: none;"></td><td style="display: none;"></td><td style="display: none;"></td><td style="display: none;"></td><td style="display: none;"><a class="recipeLink" href="/recipe_ingredient_search_results.php?query=(_QU5E__1__________164__[]_1_1)">Recipes with beer</a></td></tr><tr role="row" class="odd"><td tabindex="0"><i class="fa fa-thumbs-up"></i><i class="fa fa-thumbs-up"></i></td><td class=" not_printable"><div class="addToGL" data-soscuisine-aisle="11" data-soscuisine-sip="3940771"><i class="fa fa-cart-plus" title="Add to My Grocery List"></i><div></div></div></td><td><img class="storeItemImage" alt="beer" src="/media/images/store_item/blank.jpg"></td><td>beer</td><td class="not_printable sorting_1">beer, wine &amp; spirits</td><td><img style="width:50%;" src="/media/images/logos/marchands/5.png" alt="Super C"></td><td><span itemprop="price">$52.00</span><span itemprop="eligibleQuantity" itemscope="" itemtype="http://schema.org/QuantitativeValue">/<span itemprop="unitText">48x355mL</span></span></td><td>$0.31/100mL</td><td style="display: none;">2020-02-26</td><td style="display: none;"></td><td style="display: none;">Bud, Coors</td><td style="display: none;"></td><td style="display: none;">light</td><td style="display: none;"></td><td style="display: none;"></td><td style="display: none;"></td><td style="display: none;"><a class="recipeLink" href="/recipe_ingredient_search_results.php?query=(_QU5E__1__________164__[]_1_1)">Recipes with beer</a></td></tr><tr role="row" class="even"><td tabindex="0"><i class="fa fa-thumbs-up"></i><i class="fa fa-thumbs-up"></i></td><td class=" not_printable"><div class="addToGL" data-soscuisine-aisle="11" data-soscuisine-sip="3940775"><i class="fa fa-cart-plus" title="Add to My Grocery List"></i><div></div></div></td><td><img class="storeItemImage" alt="beer" src="/media/images/store_item/blank.jpg"></td><td>beer</td><td class="not_printable sorting_1">beer, wine &amp; spirits</td><td><img style="width:50%;" src="/media/images/logos/marchands/5.png" alt="Super C"></td><td><span itemprop="price">$57.00</span><span itemprop="eligibleQuantity" itemscope="" itemtype="http://schema.org/QuantitativeValue">/<span itemprop="unitText">48x355mL</span></span></td><td>$0.33/100mL</td><td style="display: none;">2020-02-26</td><td style="display: none;"></td><td style="display: none;">Labatt, Molson</td><td style="display: none;"></td><td style="display: none;"></td><td style="display: none;"></td><td style="display: none;"></td><td style="display: none;"></td><td style="display: none;"><a class="recipeLink" href="/recipe_ingredient_search_results.php?query=(_QU5E__1__________164__[]_1_1)">Recipes with beer</a></td></tr><tr role="row" class="odd"><td tabindex="0"><i class="fa fa-thumbs-up"></i></td><td class=" not_printable"><div class="addToGL" data-soscuisine-aisle="11" data-soscuisine-sip="3940781"><i class="fa fa-cart-plus" title="Add to My Grocery List"></i><div></div></div></td><td><img class="storeItemImage" alt="beer" src="/media/images/store_item/blank.jpg"></td><td>beer</td><td class="not_printable sorting_1">beer, wine &amp; spirits</td><td><img style="width:50%;" src="/media/images/logos/marchands/5.png" alt="Super C"></td><td><span itemprop="price">$58.00</span><span itemprop="eligibleQuantity" itemscope="" itemtype="http://schema.org/QuantitativeValue">/<span itemprop="value">2</span>x<span itemprop="unitText">24x341mL</span></span></td><td>$0.35/100mL</td><td style="display: none;">2020-02-26</td><td style="display: none;"></td><td style="display: none;">Labatt, Molson</td><td style="display: none;"></td><td style="display: none;"></td><td style="display: none;"></td><td style="display: none;"></td><td style="display: none;">or Sleeman</td><td style="display: none;"><a class="recipeLink" href="/recipe_ingredient_search_results.php?query=(_QU5E__1__________164__[]_1_1)">Recipes with beer</a></td></tr><tr role="row" class="even"><td tabindex="0"><i class="fas fa-hand-rock"></i></td><td class=" not_printable"><div class="addToGL" data-soscuisine-aisle="11" data-soscuisine-sip="3940785"><i class="fa fa-cart-plus" title="Add to My Grocery List"></i><div></div></div></td><td><img class="storeItemImage" alt="beer" src="/media/images/store_item/blank.jpg"></td><td>beer</td><td class="not_printable sorting_1">beer, wine &amp; spirits</td><td><img style="width:50%;" src="/media/images/logos/marchands/5.png" alt="Super C"></td><td><span itemprop="price">$31.99</span><span itemprop="eligibleQuantity" itemscope="" itemtype="http://schema.org/QuantitativeValue">/<span itemprop="unitText">24x341mL</span></span></td><td>$0.39/100mL</td><td style="display: none;">2020-02-26</td><td style="display: none;"></td><td style="display: none;">Labatt, Molson</td><td style="display: none;"></td><td style="display: none;"></td><td style="display: none;"></td><td style="display: none;"></td><td style="display: none;">or Sleeman</td><td style="display: none;"><a class="recipeLink" href="/recipe_ingredient_search_results.php?query=(_QU5E__1__________164__[]_1_1)">Recipes with beer</a></td></tr><tr role="row" class="odd"><td tabindex="0"><i class="fa fa-thumbs-up"></i></td><td class=" not_printable"><div class="addToGL" data-soscuisine-aisle="11" data-soscuisine-sip="3936005"><i class="fa fa-cart-plus" title="Add to My Grocery List"></i><div></div></div></td><td><img class="storeItemImage" alt="beer" src="/media/images/store_item/blank.jpg"></td><td>beer</td><td class="not_printable sorting_1">beer, wine &amp; spirits</td><td><img style="width:50%;" src="/media/images/logos/marchands/62.png" alt="Supermarché PA"></td><td><span itemprop="price">$4.00</span><span itemprop="eligibleQuantity" itemscope="" itemtype="http://schema.org/QuantitativeValue">/<span itemprop="value">2</span>x<span itemprop="unitText">568mL</span></span></td><td>$0.35/100mL</td><td style="display: none;">2020-02-23</td><td style="display: none;"></td><td style="display: none;"></td><td style="display: none;"></td><td style="display: none;"></td><td style="display: none;"></td><td style="display: none;"></td><td style="display: none;">La Bittt à Tibi</td><td style="display: none;"><a class="recipeLink" href="/recipe_ingredient_search_results.php?query=(_QU5E__1__________164__[]_1_1)">Recipes with beer</a></td></tr><tr role="row" class="even"><td tabindex="0"><i class="fa fa-thumbs-up"></i></td><td class=" not_printable"><div class="addToGL" data-soscuisine-aisle="11" data-soscuisine-sip="3940835"><i class="fa fa-cart-plus" title="Add to My Grocery List"></i><div></div></div></td><td><img class="storeItemImage" alt="beer" src="/media/images/store_item/blank.jpg"></td><td>beer</td><td class="not_printable sorting_1">beer, wine &amp; spirits</td><td><img style="width:50%;" src="/media/images/logos/marchands/11.png" alt="Tradition"></td><td><span itemprop="price">$25.99</span><span itemprop="eligibleQuantity" itemscope="" itemtype="http://schema.org/QuantitativeValue">/<span itemprop="unitText">20x355mL</span></span></td><td>$0.37/100mL</td><td style="display: none;">2020-02-26</td><td style="display: none;"></td><td style="display: none;">various brands</td><td style="display: none;"></td><td style="display: none;"></td><td style="display: none;"></td><td style="display: none;"></td><td style="display: none;"></td><td style="display: none;"><a class="recipeLink" href="/recipe_ingredient_search_results.php?query=(_QU5E__1__________164__[]_1_1)">Recipes with beer</a></td></tr><tr role="row" class="odd"><td tabindex="0"><i class="fas fa-hand-rock"></i></td><td class=" not_printable"><div class="addToGL" data-soscuisine-aisle="11" data-soscuisine-sip="3940817"><i class="fa fa-cart-plus" title="Add to My Grocery List"></i><div></div></div></td><td><img class="storeItemImage" alt="beer" src="/media/images/store_item/blank.jpg"></td><td>beer</td><td class="not_printable sorting_1">beer, wine &amp; spirits</td><td><img style="width:50%;" src="/media/images/logos/marchands/11.png" alt="Tradition"></td><td><span itemprop="price">$16.99</span><span itemprop="eligibleQuantity" itemscope="" itemtype="http://schema.org/QuantitativeValue">/<span itemprop="unitText">12x341mL</span></span></td><td>$0.42/100mL</td><td style="display: none;">2020-02-26</td><td style="display: none;"></td><td style="display: none;">various brands</td><td style="display: none;"></td><td style="display: none;"></td><td style="display: none;"></td><td style="display: none;"></td><td style="display: none;"></td><td style="display: none;"><a class="recipeLink" href="/recipe_ingredient_search_results.php?query=(_QU5E__1__________164__[]_1_1)">Recipes with beer</a></td></tr><tr role="row" class="even"><td tabindex="0"><i class="fa fa-thumbs-down"></i></td><td class=" not_printable"><div class="addToGL" data-soscuisine-aisle="11" data-soscuisine-sip="3939747"><i class="fa fa-cart-plus" title="Add to My Grocery List"></i><div></div></div></td><td><img class="storeItemImage" alt="beer, alcohol-free" src="/media/images/store_item/blank.jpg"></td><td>beer, alcohol-free</td><td class="not_printable sorting_1">beer, wine &amp; spirits</td><td><img style="width:50%;" src="/media/images/logos/marchands/10.png" alt="Bonichoix"></td><td><span itemprop="price">$11.99</span><span itemprop="eligibleQuantity" itemscope="" itemtype="http://schema.org/QuantitativeValue">/<span itemprop="unitText">6x330mL</span></span></td><td>$0.61/100mL</td><td style="display: none;">2020-02-26</td><td style="display: none;"></td><td style="display: none;">Heineken</td><td style="display: none;"></td><td style="display: none;"></td><td style="display: none;"></td><td style="display: none;"></td><td style="display: none;"></td><td style="display: none;"><a class="recipeLink" href="/recipe_ingredient_search_results.php?query=(_QU5E__1__________532__[]_1_1)">Recipes with beer, alcohol-free</a></td></tr><tr role="row" class="odd"><td tabindex="0"><i class="fas fa-hand-rock"></i></td><td class=" not_printable"><div class="addToGL" data-soscuisine-aisle="11" data-soscuisine-sip="3938973"><i class="fa fa-cart-plus" title="Add to My Grocery List"></i><div></div></div></td><td><img class="storeItemImage" alt="beer, alcohol-free" src="/media/images/store_item/blank.jpg"></td><td>beer, alcohol-free</td><td class="not_printable sorting_1">beer, wine &amp; spirits</td><td><img style="width:50%;" src="/media/images/logos/marchands/3.png" alt="IGA"></td><td><span itemprop="price">$29.97</span><span itemprop="eligibleQuantity" itemscope="" itemtype="http://schema.org/QuantitativeValue">/<span itemprop="value">3</span>x<span itemprop="unitText">6x330mL</span></span></td><td>$0.50/100mL</td><td style="display: none;">2020-02-26</td><td style="display: none;"></td><td style="display: none;">Heineken</td><td style="display: none;"></td><td style="display: none;"></td><td style="display: none;"></td><td style="display: none;"></td><td style="display: none;">or Beck's, Kronenbourg</td><td style="display: none;"><a class="recipeLink" href="/recipe_ingredient_search_results.php?query=(_QU5E__1__________532__[]_1_1)">Recipes with beer, alcohol-free</a></td></tr><tr role="row" class="even"><td tabindex="0"><i class="fa fa-thumbs-down"></i></td><td class=" not_printable"><div class="addToGL" data-soscuisine-aisle="11" data-soscuisine-sip="3938975"><i class="fa fa-cart-plus" title="Add to My Grocery List"></i><div></div></div></td><td><img class="storeItemImage" alt="beer, alcohol-free" src="/media/images/store_item/blank.jpg"></td><td>beer, alcohol-free</td><td class="not_printable sorting_1">beer, wine &amp; spirits</td><td><img style="width:50%;" src="/media/images/logos/marchands/3.png" alt="IGA"></td><td><span itemprop="price">$11.99</span><span itemprop="eligibleQuantity" itemscope="" itemtype="http://schema.org/QuantitativeValue">/<span itemprop="unitText">6x330mL</span></span></td><td>$0.61/100mL</td><td style="display: none;">2020-02-26</td><td style="display: none;"></td><td style="display: none;">Heineken</td><td style="display: none;"></td><td style="display: none;"></td><td style="display: none;"></td><td style="display: none;"></td><td style="display: none;">or Beck's, Kronenbourg</td><td style="display: none;"><a class="recipeLink" href="/recipe_ingredient_search_results.php?query=(_QU5E__1__________532__[]_1_1)">Recipes with beer, alcohol-free</a></td></tr><tr role="row" class="odd"><td tabindex="0"><i class="fa fa-thumbs-down"></i></td><td class=" not_printable"><div class="addToGL" data-soscuisine-aisle="11" data-soscuisine-sip="3912991"><i class="fa fa-cart-plus" title="Add to My Grocery List"></i><div></div></div></td><td><img class="storeItemImage" alt="wine, red" src="/media/images/store_item/blank.jpg"></td><td>wine, red</td><td class="not_printable sorting_1">beer, wine &amp; spirits</td><td><img style="width:50%;" src="/media/images/logos/marchands/94.png" alt="Avril"></td><td><span itemprop="price">$29.99</span><span itemprop="eligibleQuantity" itemscope="" itemtype="http://schema.org/QuantitativeValue">/<span itemprop="unitText">750mL</span></span></td><td>$4.00/100mL</td><td style="display: none;">2020-03-03</td><td style="display: none;"></td><td style="display: none;"></td><td style="display: none;"></td><td style="display: none;"></td><td style="display: none;"></td><td style="display: none;"></td><td style="display: none;"></td><td style="display: none;"><a class="recipeLink" href="/recipe_ingredient_search_results.php?query=(_QU5E__1__________160__[]_1_1)">Recipes with wine, red</a></td></tr><tr role="row" class="even"><td tabindex="0"><i class="fa fa-thumbs-down"></i></td><td class=" not_printable"><div class="addToGL" data-soscuisine-aisle="11" data-soscuisine-sip="3912987"><i class="fa fa-cart-plus" title="Add to My Grocery List"></i><div></div></div></td><td><img class="storeItemImage" alt="wine, red" src="/media/images/store_item/blank.jpg"></td><td>wine, red</td><td class="not_printable sorting_1">beer, wine &amp; spirits</td><td><img style="width:50%;" src="/media/images/logos/marchands/94.png" alt="Avril"></td><td><span itemprop="price">$32.99</span><span itemprop="eligibleQuantity" itemscope="" itemtype="http://schema.org/QuantitativeValue">/<span itemprop="unitText">750mL</span></span></td><td>$4.40/100mL</td><td style="display: none;">2020-03-03</td><td style="display: none;"></td><td style="display: none;"></td><td style="display: none;"></td><td style="display: none;"></td><td style="display: none;"></td><td style="display: none;"></td><td style="display: none;"></td><td style="display: none;"><a class="recipeLink" href="/recipe_ingredient_search_results.php?query=(_QU5E__1__________160__[]_1_1)">Recipes with wine, red</a></td></tr><tr role="row" class="odd"><td tabindex="0"><i class="fa fa-thumbs-up"></i><i class="fa fa-thumbs-up"></i></td><td class=" not_printable"><div class="addToGL" data-soscuisine-aisle="11" data-soscuisine-sip="3939753"><i class="fa fa-cart-plus" title="Add to My Grocery List"></i><div></div></div></td><td><img class="storeItemImage" alt="wine, red" src="/media/images/store_item/blank.jpg"></td><td>wine, red</td><td class="not_printable sorting_1">beer, wine &amp; spirits</td><td><img style="width:50%;" src="/media/images/logos/marchands/10.png" alt="Bonichoix"></td><td><span itemprop="price">$9.79</span><span itemprop="eligibleQuantity" itemscope="" itemtype="http://schema.org/QuantitativeValue">/<span itemprop="unitText">1L</span></span></td><td>$0.98/100mL</td><td style="display: none;">2020-02-26</td><td style="display: none;"></td><td style="display: none;"></td><td style="display: none;"></td><td style="display: none;"></td><td style="display: none;"></td><td style="display: none;"></td><td style="display: none;">Marquis de Mericourt</td><td style="display: none;"><a class="recipeLink" href="/recipe_ingredient_search_results.php?query=(_QU5E__1__________160__[]_1_1)">Recipes with wine, red</a></td></tr><tr role="row" class="even"><td tabindex="0"><i class="fa fa-thumbs-up"></i></td><td class=" not_printable"><div class="addToGL" data-soscuisine-aisle="11" data-soscuisine-sip="3939767"><i class="fa fa-cart-plus" title="Add to My Grocery List"></i><div></div></div></td><td><img class="storeItemImage" alt="wine, red" src="/media/images/store_item/blank.jpg"></td><td>wine, red</td><td class="not_printable sorting_1">beer, wine &amp; spirits</td><td><img style="width:50%;" src="/media/images/logos/marchands/10.png" alt="Bonichoix"></td><td><span itemprop="price">$10.49</span><span itemprop="eligibleQuantity" itemscope="" itemtype="http://schema.org/QuantitativeValue">/<span itemprop="unitText">1L</span></span></td><td>$1.05/100mL</td><td style="display: none;">2020-02-26</td><td style="display: none;"></td><td style="display: none;"></td><td style="display: none;"></td><td style="display: none;"></td><td style="display: none;"></td><td style="display: none;"></td><td style="display: none;">Notre Vin Maison</td><td style="display: none;"><a class="recipeLink" href="/recipe_ingredient_search_results.php?query=(_QU5E__1__________160__[]_1_1)">Recipes with wine, red</a></td></tr><tr role="row" class="odd"><td tabindex="0"><i class="fa fa-thumbs-up"></i></td><td class=" not_printable"><div class="addToGL" data-soscuisine-aisle="11" data-soscuisine-sip="3939733"><i class="fa fa-cart-plus" title="Add to My Grocery List"></i><div></div></div></td><td><img class="storeItemImage" alt="wine, red" src="/media/images/store_item/blank.jpg"></td><td>wine, red</td><td class="not_printable sorting_1">beer, wine &amp; spirits</td><td><img style="width:50%;" src="/media/images/logos/marchands/3.png" alt="IGA"></td><td><span itemprop="price">$16.00</span><span itemprop="eligibleQuantity" itemscope="" itemtype="http://schema.org/QuantitativeValue">/<span itemprop="value">2</span>x<span itemprop="unitText">750mL</span></span></td><td>$1.07/100mL</td><td style="display: none;">2020-02-26</td><td style="display: none;"></td><td style="display: none;">various brands</td><td style="display: none;"></td><td style="display: none;"></td><td style="display: none;"></td><td style="display: none;"></td><td style="display: none;"></td><td style="display: none;"><a class="recipeLink" href="/recipe_ingredient_search_results.php?query=(_QU5E__1__________160__[]_1_1)">Recipes with wine, red</a></td></tr><tr role="row" class="even"><td tabindex="0"><i class="fas fa-hand-rock"></i></td><td class=" not_printable"><div class="addToGL" data-soscuisine-aisle="11" data-soscuisine-sip="3939735"><i class="fa fa-cart-plus" title="Add to My Grocery List"></i><div></div></div></td><td><img class="storeItemImage" alt="wine, red" src="/media/images/store_item/blank.jpg"></td><td>wine, red</td><td class="not_printable sorting_1">beer, wine &amp; spirits</td><td><img style="width:50%;" src="/media/images/logos/marchands/3.png" alt="IGA"></td><td><span itemprop="price">$9.99</span><span itemprop="eligibleQuantity" itemscope="" itemtype="http://schema.org/QuantitativeValue">/<span itemprop="unitText">750mL</span></span></td><td>$1.33/100mL</td><td style="display: none;">2020-02-26</td><td style="display: none;"></td><td style="display: none;">various brands</td><td style="display: none;"></td><td style="display: none;"></td><td style="display: none;"></td><td style="display: none;"></td><td style="display: none;"></td><td style="display: none;"><a class="recipeLink" href="/recipe_ingredient_search_results.php?query=(_QU5E__1__________160__[]_1_1)">Recipes with wine, red</a></td></tr><tr role="row" class="odd"><td tabindex="0"><i class="fa fa-thumbs-up"></i></td><td class=" not_printable"><div class="addToGL" data-soscuisine-aisle="11" data-soscuisine-sip="3938659"><i class="fa fa-cart-plus" title="Add to My Grocery List"></i><div></div></div></td><td><img class="storeItemImage" alt="wine, red" src="/media/images/store_item/blank.jpg"></td><td>wine, red</td><td class="not_printable sorting_1">beer, wine &amp; spirits</td><td><img style="width:50%;" src="/media/images/logos/marchands/69.png" alt="Intermarche (Provincial)"></td><td><span itemprop="price">$10.49</span><span itemprop="eligibleQuantity" itemscope="" itemtype="http://schema.org/QuantitativeValue">/<span itemprop="unitText">1L</span></span></td><td>$1.05/100mL</td><td style="display: none;">2020-02-26</td><td style="display: none;"></td><td style="display: none;"></td><td style="display: none;"></td><td style="display: none;"></td><td style="display: none;"></td><td style="display: none;"></td><td style="display: none;">Notre Vin Maison</td><td style="display: none;"><a class="recipeLink" href="/recipe_ingredient_search_results.php?query=(_QU5E__1__________160__[]_1_1)">Recipes with wine, red</a></td></tr><tr role="row" class="even"><td tabindex="0"><i class="fas fa-hand-rock"></i></td><td class=" not_printable"><div class="addToGL" data-soscuisine-aisle="11" data-soscuisine-sip="3938655"><i class="fa fa-cart-plus" title="Add to My Grocery List"></i><div></div></div></td><td><img class="storeItemImage" alt="wine, red" src="/media/images/store_item/blank.jpg"></td><td>wine, red</td><td class="not_printable sorting_1">beer, wine &amp; spirits</td><td><img style="width:50%;" src="/media/images/logos/marchands/69.png" alt="Intermarche (Provincial)"></td><td><span itemprop="price">$9.59</span><span itemprop="eligibleQuantity" itemscope="" itemtype="http://schema.org/QuantitativeValue">/<span itemprop="unitText">750mL</span></span></td><td>$1.28/100mL</td><td style="display: none;">2020-02-26</td><td style="display: none;"></td><td style="display: none;"></td><td style="display: none;"></td><td style="display: none;"></td><td style="display: none;"></td><td style="display: none;"></td><td style="display: none;">Keep Calm</td><td style="display: none;"><a class="recipeLink" href="/recipe_ingredient_search_results.php?query=(_QU5E__1__________160__[]_1_1)">Recipes with wine, red</a></td></tr><tr role="row" class="odd"><td tabindex="0"><i class="fa fa-thumbs-up"></i></td><td class=" not_printable"><div class="addToGL" data-soscuisine-aisle="11" data-soscuisine-sip="3938433"><i class="fa fa-cart-plus" title="Add to My Grocery List"></i><div></div></div></td><td><img class="storeItemImage" alt="wine, red" src="/media/images/store_item/blank.jpg"></td><td>wine, red</td><td class="not_printable sorting_1">beer, wine &amp; spirits</td><td><img style="width:50%;" src="/media/images/logos/marchands/7.png" alt="Intermarché (Saveurs intl.)"></td><td><span itemprop="price">$10.49</span><span itemprop="eligibleQuantity" itemscope="" itemtype="http://schema.org/QuantitativeValue">/<span itemprop="unitText">1L</span></span></td><td>$1.05/100mL</td><td style="display: none;">2020-02-26</td><td style="display: none;"></td><td style="display: none;"></td><td style="display: none;"></td><td style="display: none;"></td><td style="display: none;"></td><td style="display: none;"></td><td style="display: none;">Notre Vin Maison</td><td style="display: none;"><a class="recipeLink" href="/recipe_ingredient_search_results.php?query=(_QU5E__1__________160__[]_1_1)">Recipes with wine, red</a></td></tr><tr role="row" class="even"><td tabindex="0"><i class="fas fa-hand-rock"></i></td><td class=" not_printable"><div class="addToGL" data-soscuisine-aisle="11" data-soscuisine-sip="3938429"><i class="fa fa-cart-plus" title="Add to My Grocery List"></i><div></div></div></td><td><img class="storeItemImage" alt="wine, red" src="/media/images/store_item/blank.jpg"></td><td>wine, red</td><td class="not_printable sorting_1">beer, wine &amp; spirits</td><td><img style="width:50%;" src="/media/images/logos/marchands/7.png" alt="Intermarché (Saveurs intl.)"></td><td><span itemprop="price">$9.59</span><span itemprop="eligibleQuantity" itemscope="" itemtype="http://schema.org/QuantitativeValue">/<span itemprop="unitText">750mL</span></span></td><td>$1.28/100mL</td><td style="display: none;">2020-02-26</td><td style="display: none;"></td><td style="display: none;"></td><td style="display: none;"></td><td style="display: none;"></td><td style="display: none;"></td><td style="display: none;"></td><td style="display: none;">Keep Calm</td><td style="display: none;"><a class="recipeLink" href="/recipe_ingredient_search_results.php?query=(_QU5E__1__________160__[]_1_1)">Recipes with wine, red</a></td></tr><tr role="row" class="odd"><td tabindex="0"><i class="fa fa-thumbs-up"></i><i class="fa fa-thumbs-up"></i></td><td class=" not_printable"><div class="addToGL" data-soscuisine-aisle="11" data-soscuisine-sip="3938273"><i class="fa fa-cart-plus" title="Add to My Grocery List"></i><div></div></div></td><td><img class="storeItemImage" alt="wine, red" src="/media/images/store_item/blank.jpg"></td><td>wine, red</td><td class="not_printable sorting_1">beer, wine &amp; spirits</td><td><img style="width:50%;" src="/media/images/logos/marchands/2.png" alt="Provigo"></td><td><span itemprop="price">$18.00</span><span itemprop="eligibleQuantity" itemscope="" itemtype="http://schema.org/QuantitativeValue">/<span itemprop="value">2</span>x<span itemprop="unitText">1L</span></span></td><td>$0.90/100mL</td><td style="display: none;">2020-02-26</td><td style="display: none;"></td><td style="display: none;"></td><td style="display: none;"></td><td style="display: none;"></td><td style="display: none;"></td><td style="display: none;"></td><td style="display: none;">Selection Chatenois, Marquis de Mericourt, Mystery Road</td><td style="display: none;"><a class="recipeLink" href="/recipe_ingredient_search_results.php?query=(_QU5E__1__________160__[]_1_1)">Recipes with wine, red</a></td></tr><tr role="row" class="even"><td tabindex="0"><i class="fa fa-thumbs-up"></i><i class="fa fa-thumbs-up"></i></td><td class=" not_printable"><div class="addToGL" data-soscuisine-aisle="11" data-soscuisine-sip="3938265"><i class="fa fa-cart-plus" title="Add to My Grocery List"></i><div></div></div></td><td><img class="storeItemImage" alt="wine, red" src="/media/images/store_item/blank.jpg"></td><td>wine, red</td><td class="not_printable sorting_1">beer, wine &amp; spirits</td><td><img style="width:50%;" src="/media/images/logos/marchands/2.png" alt="Provigo"></td><td><span itemprop="price">$9.79</span><span itemprop="eligibleQuantity" itemscope="" itemtype="http://schema.org/QuantitativeValue">/<span itemprop="unitText">1L</span></span></td><td>$0.98/100mL</td><td style="display: none;">2020-02-26</td><td style="display: none;"></td><td style="display: none;"></td><td style="display: none;"></td><td style="display: none;"></td><td style="display: none;"></td><td style="display: none;"></td><td style="display: none;">Selection Chatenois, Marquis de Mericourt, Mystery Road</td><td style="display: none;"><a class="recipeLink" href="/recipe_ingredient_search_results.php?query=(_QU5E__1__________160__[]_1_1)">Recipes with wine, red</a></td></tr><tr role="row" class="odd"><td tabindex="0"><i class="fa fa-thumbs-up"></i></td><td class=" not_printable"><div class="addToGL" data-soscuisine-aisle="11" data-soscuisine-sip="3938279"><i class="fa fa-cart-plus" title="Add to My Grocery List"></i><div></div></div></td><td><img class="storeItemImage" alt="wine, red" src="/media/images/store_item/blank.jpg"></td><td>wine, red</td><td class="not_printable sorting_1">beer, wine &amp; spirits</td><td><img style="width:50%;" src="/media/images/logos/marchands/2.png" alt="Provigo"></td><td><span itemprop="price">$10.99</span><span itemprop="eligibleQuantity" itemscope="" itemtype="http://schema.org/QuantitativeValue">/<span itemprop="unitText">1L</span></span></td><td>$1.10/100mL</td><td style="display: none;">2020-02-26</td><td style="display: none;"></td><td style="display: none;"></td><td style="display: none;"></td><td style="display: none;"></td><td style="display: none;"></td><td style="display: none;"></td><td style="display: none;">Toro Loco</td><td style="display: none;"><a class="recipeLink" href="/recipe_ingredient_search_results.php?query=(_QU5E__1__________160__[]_1_1)">Recipes with wine, red</a></td></tr><tr role="row" class="even"><td tabindex="0"><i class="fa fa-thumbs-up"></i><i class="fa fa-thumbs-up"></i></td><td class=" not_printable"><div class="addToGL" data-soscuisine-aisle="11" data-soscuisine-sip="3940683"><i class="fa fa-cart-plus" title="Add to My Grocery List"></i><div></div></div></td><td><img class="storeItemImage" alt="wine, red" src="/media/images/store_item/blank.jpg"></td><td>wine, red</td><td class="not_printable sorting_1">beer, wine &amp; spirits</td><td><img style="width:50%;" src="/media/images/logos/marchands/5.png" alt="Super C"></td><td><span itemprop="price">$20.00</span><span itemprop="eligibleQuantity" itemscope="" itemtype="http://schema.org/QuantitativeValue">/<span itemprop="value">2</span>x<span itemprop="unitText">1L</span></span></td><td>$1.00/100mL</td><td style="display: none;">2020-02-26</td><td style="display: none;"></td><td style="display: none;"></td><td style="display: none;"></td><td style="display: none;"></td><td style="display: none;"></td><td style="display: none;"></td><td style="display: none;">Marquis de Méricourt, Nicolas Laloux</td><td style="display: none;"><a class="recipeLink" href="/recipe_ingredient_search_results.php?query=(_QU5E__1__________160__[]_1_1)">Recipes with wine, red</a></td></tr><tr role="row" class="odd"><td tabindex="0"><i class="fas fa-hand-rock"></i></td><td class=" not_printable"><div class="addToGL" data-soscuisine-aisle="11" data-soscuisine-sip="3940685"><i class="fa fa-cart-plus" title="Add to My Grocery List"></i><div></div></div></td><td><img class="storeItemImage" alt="wine, red" src="/media/images/store_item/blank.jpg"></td><td>wine, red</td><td class="not_printable sorting_1">beer, wine &amp; spirits</td><td><img style="width:50%;" src="/media/images/logos/marchands/5.png" alt="Super C"></td><td><span itemprop="price">$20.00</span><span itemprop="eligibleQuantity" itemscope="" itemtype="http://schema.org/QuantitativeValue">/<span itemprop="value">2</span>x<span itemprop="unitText">750mL</span></span></td><td>$1.33/100mL</td><td style="display: none;">2020-02-26</td><td style="display: none;"></td><td style="display: none;"></td><td style="display: none;"></td><td style="display: none;"></td><td style="display: none;"></td><td style="display: none;"></td><td style="display: none;">Bodacious</td><td style="display: none;"><a class="recipeLink" href="/recipe_ingredient_search_results.php?query=(_QU5E__1__________160__[]_1_1)">Recipes with wine, red</a></td></tr><tr role="row" class="even"><td tabindex="0"><i class="fa fa-thumbs-up"></i></td><td class=" not_printable"><div class="addToGL" data-soscuisine-aisle="11" data-soscuisine-sip="3940819"><i class="fa fa-cart-plus" title="Add to My Grocery List"></i><div></div></div></td><td><img class="storeItemImage" alt="wine, red" src="/media/images/store_item/blank.jpg"></td><td>wine, red</td><td class="not_printable sorting_1">beer, wine &amp; spirits</td><td><img style="width:50%;" src="/media/images/logos/marchands/11.png" alt="Tradition"></td><td><span itemprop="price">$10.49</span><span itemprop="eligibleQuantity" itemscope="" itemtype="http://schema.org/QuantitativeValue">/<span itemprop="unitText">1L</span></span></td><td>$1.05/100mL</td><td style="display: none;">2020-02-26</td><td style="display: none;"></td><td style="display: none;"></td><td style="display: none;"></td><td style="display: none;"></td><td style="display: none;"></td><td style="display: none;"></td><td style="display: none;">Notre Vin Maison</td><td style="display: none;"><a class="recipeLink" href="/recipe_ingredient_search_results.php?query=(_QU5E__1__________160__[]_1_1)">Recipes with wine, red</a></td></tr><tr role="row" class="odd"><td tabindex="0"><i class="fa fa-thumbs-down"></i></td><td class=" not_printable"><div class="addToGL" data-soscuisine-aisle="11" data-soscuisine-sip="3912983"><i class="fa fa-cart-plus" title="Add to My Grocery List"></i><div></div></div></td><td><img class="storeItemImage" alt="wine, white" src="/media/images/store_item/blank.jpg"></td><td>wine, white</td><td class="not_printable sorting_1">beer, wine &amp; spirits</td><td><img style="width:50%;" src="/media/images/logos/marchands/94.png" alt="Avril"></td><td><span itemprop="price">$30.99</span><span itemprop="eligibleQuantity" itemscope="" itemtype="http://schema.org/QuantitativeValue">/<span itemprop="unitText">750mL</span></span></td><td>$4.13/100mL</td><td style="display: none;">2020-03-03</td><td style="display: none;"></td><td style="display: none;"></td><td style="display: none;"></td><td style="display: none;"></td><td style="display: none;"></td><td style="display: none;"></td><td style="display: none;"></td><td style="display: none;"><a class="recipeLink" href="/recipe_ingredient_search_results.php?query=(_QU5E__1__________165__[]_1_1)">Recipes with wine, white</a></td></tr><tr role="row" class="even"><td tabindex="0"><i class="fa fa-thumbs-down"></i></td><td class=" not_printable"><div class="addToGL" data-soscuisine-aisle="11" data-soscuisine-sip="3912979"><i class="fa fa-cart-plus" title="Add to My Grocery List"></i><div></div></div></td><td><img class="storeItemImage" alt="wine, white" src="/media/images/store_item/blank.jpg"></td><td>wine, white</td><td class="not_printable sorting_1">beer, wine &amp; spirits</td><td><img style="width:50%;" src="/media/images/logos/marchands/94.png" alt="Avril"></td><td><span itemprop="price">$35.99</span><span itemprop="eligibleQuantity" itemscope="" itemtype="http://schema.org/QuantitativeValue">/<span itemprop="unitText">750mL</span></span></td><td>$4.80/100mL</td><td style="display: none;">2020-03-03</td><td style="display: none;"></td><td style="display: none;"></td><td style="display: none;"></td><td style="display: none;"></td><td style="display: none;"></td><td style="display: none;"></td><td style="display: none;"></td><td style="display: none;"><a class="recipeLink" href="/recipe_ingredient_search_results.php?query=(_QU5E__1__________165__[]_1_1)">Recipes with wine, white</a></td></tr><tr role="row" class="odd"><td tabindex="0"><i class="fa fa-thumbs-up"></i><i class="fa fa-thumbs-up"></i></td><td class=" not_printable"><div class="addToGL" data-soscuisine-aisle="11" data-soscuisine-sip="3939761"><i class="fa fa-cart-plus" title="Add to My Grocery List"></i><div></div></div></td><td><img class="storeItemImage" alt="wine, white" src="/media/images/store_item/blank.jpg"></td><td>wine, white</td><td class="not_printable sorting_1">beer, wine &amp; spirits</td><td><img style="width:50%;" src="/media/images/logos/marchands/10.png" alt="Bonichoix"></td><td><span itemprop="price">$9.79</span><span itemprop="eligibleQuantity" itemscope="" itemtype="http://schema.org/QuantitativeValue">/<span itemprop="unitText">1L</span></span></td><td>$0.98/100mL</td><td style="display: none;">2020-02-26</td><td style="display: none;"></td><td style="display: none;"></td><td style="display: none;"></td><td style="display: none;"></td><td style="display: none;"></td><td style="display: none;"></td><td style="display: none;">Marquis de Mericourt</td><td style="display: none;"><a class="recipeLink" href="/recipe_ingredient_search_results.php?query=(_QU5E__1__________165__[]_1_1)">Recipes with wine, white</a></td></tr><tr role="row" class="even"><td tabindex="0"><i class="fa fa-thumbs-up"></i></td><td class=" not_printable"><div class="addToGL" data-soscuisine-aisle="11" data-soscuisine-sip="3939777"><i class="fa fa-cart-plus" title="Add to My Grocery List"></i><div></div></div></td><td><img class="storeItemImage" alt="wine, white" src="/media/images/store_item/blank.jpg"></td><td>wine, white</td><td class="not_printable sorting_1">beer, wine &amp; spirits</td><td><img style="width:50%;" src="/media/images/logos/marchands/10.png" alt="Bonichoix"></td><td><span itemprop="price">$10.49</span><span itemprop="eligibleQuantity" itemscope="" itemtype="http://schema.org/QuantitativeValue">/<span itemprop="unitText">1L</span></span></td><td>$1.05/100mL</td><td style="display: none;">2020-02-26</td><td style="display: none;"></td><td style="display: none;"></td><td style="display: none;"></td><td style="display: none;"></td><td style="display: none;"></td><td style="display: none;"></td><td style="display: none;">Notre Vin Maison</td><td style="display: none;"><a class="recipeLink" href="/recipe_ingredient_search_results.php?query=(_QU5E__1__________165__[]_1_1)">Recipes with wine, white</a></td></tr><tr role="row" class="odd"><td tabindex="0"><i class="fa fa-thumbs-up"></i></td><td class=" not_printable"><div class="addToGL" data-soscuisine-aisle="11" data-soscuisine-sip="3939729"><i class="fa fa-cart-plus" title="Add to My Grocery List"></i><div></div></div></td><td><img class="storeItemImage" alt="wine, white" src="/media/images/store_item/blank.jpg"></td><td>wine, white</td><td class="not_printable sorting_1">beer, wine &amp; spirits</td><td><img style="width:50%;" src="/media/images/logos/marchands/3.png" alt="IGA"></td><td><span itemprop="price">$16.00</span><span itemprop="eligibleQuantity" itemscope="" itemtype="http://schema.org/QuantitativeValue">/<span itemprop="value">2</span>x<span itemprop="unitText">750mL</span></span></td><td>$1.07/100mL</td><td style="display: none;">2020-02-26</td><td style="display: none;"></td><td style="display: none;">various brands</td><td style="display: none;"></td><td style="display: none;"></td><td style="display: none;"></td><td style="display: none;"></td><td style="display: none;"></td><td style="display: none;"><a class="recipeLink" href="/recipe_ingredient_search_results.php?query=(_QU5E__1__________165__[]_1_1)">Recipes with wine, white</a></td></tr><tr role="row" class="even"><td tabindex="0"><i class="fas fa-hand-rock"></i></td><td class=" not_printable"><div class="addToGL" data-soscuisine-aisle="11" data-soscuisine-sip="3939731"><i class="fa fa-cart-plus" title="Add to My Grocery List"></i><div></div></div></td><td><img class="storeItemImage" alt="wine, white" src="/media/images/store_item/blank.jpg"></td><td>wine, white</td><td class="not_printable sorting_1">beer, wine &amp; spirits</td><td><img style="width:50%;" src="/media/images/logos/marchands/3.png" alt="IGA"></td><td><span itemprop="price">$9.99</span><span itemprop="eligibleQuantity" itemscope="" itemtype="http://schema.org/QuantitativeValue">/<span itemprop="unitText">750mL</span></span></td><td>$1.33/100mL</td><td style="display: none;">2020-02-26</td><td style="display: none;"></td><td style="display: none;">various brands</td><td style="display: none;"></td><td style="display: none;"></td><td style="display: none;"></td><td style="display: none;"></td><td style="display: none;"></td><td style="display: none;"><a class="recipeLink" href="/recipe_ingredient_search_results.php?query=(_QU5E__1__________165__[]_1_1)">Recipes with wine, white</a></td></tr><tr role="row" class="odd"><td tabindex="0"><i class="fa fa-thumbs-up"></i></td><td class=" not_printable"><div class="addToGL" data-soscuisine-aisle="11" data-soscuisine-sip="3938661"><i class="fa fa-cart-plus" title="Add to My Grocery List"></i><div></div></div></td><td><img class="storeItemImage" alt="wine, white" src="/media/images/store_item/blank.jpg"></td><td>wine, white</td><td class="not_printable sorting_1">beer, wine &amp; spirits</td><td><img style="width:50%;" src="/media/images/logos/marchands/69.png" alt="Intermarche (Provincial)"></td><td><span itemprop="price">$10.49</span><span itemprop="eligibleQuantity" itemscope="" itemtype="http://schema.org/QuantitativeValue">/<span itemprop="unitText">1L</span></span></td><td>$1.05/100mL</td><td style="display: none;">2020-02-26</td><td style="display: none;"></td><td style="display: none;"></td><td style="display: none;"></td><td style="display: none;"></td><td style="display: none;"></td><td style="display: none;"></td><td style="display: none;">Notre Vin Maison</td><td style="display: none;"><a class="recipeLink" href="/recipe_ingredient_search_results.php?query=(_QU5E__1__________165__[]_1_1)">Recipes with wine, white</a></td></tr><tr role="row" class="even"><td tabindex="0"><i class="fas fa-hand-rock"></i></td><td class=" not_printable"><div class="addToGL" data-soscuisine-aisle="11" data-soscuisine-sip="3938657"><i class="fa fa-cart-plus" title="Add to My Grocery List"></i><div></div></div></td><td><img class="storeItemImage" alt="wine, white" src="/media/images/store_item/blank.jpg"></td><td>wine, white</td><td class="not_printable sorting_1">beer, wine &amp; spirits</td><td><img style="width:50%;" src="/media/images/logos/marchands/69.png" alt="Intermarche (Provincial)"></td><td><span itemprop="price">$9.59</span><span itemprop="eligibleQuantity" itemscope="" itemtype="http://schema.org/QuantitativeValue">/<span itemprop="unitText">750mL</span></span></td><td>$1.28/100mL</td><td style="display: none;">2020-02-26</td><td style="display: none;"></td><td style="display: none;"></td><td style="display: none;"></td><td style="display: none;"></td><td style="display: none;"></td><td style="display: none;"></td><td style="display: none;">Keep Calm</td><td style="display: none;"><a class="recipeLink" href="/recipe_ingredient_search_results.php?query=(_QU5E__1__________165__[]_1_1)">Recipes with wine, white</a></td></tr><tr role="row" class="odd"><td tabindex="0"><i class="fa fa-thumbs-up"></i></td><td class=" not_printable"><div class="addToGL" data-soscuisine-aisle="11" data-soscuisine-sip="3938435"><i class="fa fa-cart-plus" title="Add to My Grocery List"></i><div></div></div></td><td><img class="storeItemImage" alt="wine, white" src="/media/images/store_item/blank.jpg"></td><td>wine, white</td><td class="not_printable sorting_1">beer, wine &amp; spirits</td><td><img style="width:50%;" src="/media/images/logos/marchands/7.png" alt="Intermarché (Saveurs intl.)"></td><td><span itemprop="price">$10.49</span><span itemprop="eligibleQuantity" itemscope="" itemtype="http://schema.org/QuantitativeValue">/<span itemprop="unitText">1L</span></span></td><td>$1.05/100mL</td><td style="display: none;">2020-02-26</td><td style="display: none;"></td><td style="display: none;"></td><td style="display: none;"></td><td style="display: none;"></td><td style="display: none;"></td><td style="display: none;"></td><td style="display: none;">Notre Vin Maison</td><td style="display: none;"><a class="recipeLink" href="/recipe_ingredient_search_results.php?query=(_QU5E__1__________165__[]_1_1)">Recipes with wine, white</a></td></tr><tr role="row" class="even"><td tabindex="0"><i class="fas fa-hand-rock"></i></td><td class=" not_printable"><div class="addToGL" data-soscuisine-aisle="11" data-soscuisine-sip="3938431"><i class="fa fa-cart-plus" title="Add to My Grocery List"></i><div></div></div></td><td><img class="storeItemImage" alt="wine, white" src="/media/images/store_item/blank.jpg"></td><td>wine, white</td><td class="not_printable sorting_1">beer, wine &amp; spirits</td><td><img style="width:50%;" src="/media/images/logos/marchands/7.png" alt="Intermarché (Saveurs intl.)"></td><td><span itemprop="price">$9.59</span><span itemprop="eligibleQuantity" itemscope="" itemtype="http://schema.org/QuantitativeValue">/<span itemprop="unitText">750mL</span></span></td><td>$1.28/100mL</td><td style="display: none;">2020-02-26</td><td style="display: none;"></td><td style="display: none;"></td><td style="display: none;"></td><td style="display: none;"></td><td style="display: none;"></td><td style="display: none;"></td><td style="display: none;">Keep Calm</td><td style="display: none;"><a class="recipeLink" href="/recipe_ingredient_search_results.php?query=(_QU5E__1__________165__[]_1_1)">Recipes with wine, white</a></td></tr><tr role="row" class="odd"><td tabindex="0"><i class="fa fa-thumbs-up"></i><i class="fa fa-thumbs-up"></i></td><td class=" not_printable"><div class="addToGL" data-soscuisine-aisle="11" data-soscuisine-sip="3938277"><i class="fa fa-cart-plus" title="Add to My Grocery List"></i><div></div></div></td><td><img class="storeItemImage" alt="wine, white" src="/media/images/store_item/blank.jpg"></td><td>wine, white</td><td class="not_printable sorting_1">beer, wine &amp; spirits</td><td><img style="width:50%;" src="/media/images/logos/marchands/2.png" alt="Provigo"></td><td><span itemprop="price">$18.00</span><span itemprop="eligibleQuantity" itemscope="" itemtype="http://schema.org/QuantitativeValue">/<span itemprop="value">2</span>x<span itemprop="unitText">1L</span></span></td><td>$0.90/100mL</td><td style="display: none;">2020-02-26</td><td style="display: none;"></td><td style="display: none;"></td><td style="display: none;"></td><td style="display: none;"></td><td style="display: none;"></td><td style="display: none;"></td><td style="display: none;">Selection Chatenois, Marquis de Mericourt, Mystery Road</td><td style="display: none;"><a class="recipeLink" href="/recipe_ingredient_search_results.php?query=(_QU5E__1__________165__[]_1_1)">Recipes with wine, white</a></td></tr><tr role="row" class="even"><td tabindex="0"><i class="fa fa-thumbs-up"></i><i class="fa fa-thumbs-up"></i></td><td class=" not_printable"><div class="addToGL" data-soscuisine-aisle="11" data-soscuisine-sip="3938269"><i class="fa fa-cart-plus" title="Add to My Grocery List"></i><div></div></div></td><td><img class="storeItemImage" alt="wine, white" src="/media/images/store_item/blank.jpg"></td><td>wine, white</td><td class="not_printable sorting_1">beer, wine &amp; spirits</td><td><img style="width:50%;" src="/media/images/logos/marchands/2.png" alt="Provigo"></td><td><span itemprop="price">$9.79</span><span itemprop="eligibleQuantity" itemscope="" itemtype="http://schema.org/QuantitativeValue">/<span itemprop="unitText">1L</span></span></td><td>$0.98/100mL</td><td style="display: none;">2020-02-26</td><td style="display: none;"></td><td style="display: none;"></td><td style="display: none;"></td><td style="display: none;"></td><td style="display: none;"></td><td style="display: none;"></td><td style="display: none;">Selection Chatenois, Marquis de Mericourt, Mystery Road</td><td style="display: none;"><a class="recipeLink" href="/recipe_ingredient_search_results.php?query=(_QU5E__1__________165__[]_1_1)">Recipes with wine, white</a></td></tr><tr role="row" class="odd"><td tabindex="0"><i class="fa fa-thumbs-up"></i></td><td class=" not_printable"><div class="addToGL" data-soscuisine-aisle="11" data-soscuisine-sip="3938281"><i class="fa fa-cart-plus" title="Add to My Grocery List"></i><div></div></div></td><td><img class="storeItemImage" alt="wine, white" src="/media/images/store_item/blank.jpg"></td><td>wine, white</td><td class="not_printable sorting_1">beer, wine &amp; spirits</td><td><img style="width:50%;" src="/media/images/logos/marchands/2.png" alt="Provigo"></td><td><span itemprop="price">$10.99</span><span itemprop="eligibleQuantity" itemscope="" itemtype="http://schema.org/QuantitativeValue">/<span itemprop="unitText">1L</span></span></td><td>$1.10/100mL</td><td style="display: none;">2020-02-26</td><td style="display: none;"></td><td style="display: none;"></td><td style="display: none;"></td><td style="display: none;"></td><td style="display: none;"></td><td style="display: none;"></td><td style="display: none;">Toro Loco</td><td style="display: none;"><a class="recipeLink" href="/recipe_ingredient_search_results.php?query=(_QU5E__1__________165__[]_1_1)">Recipes with wine, white</a></td></tr><tr role="row" class="even"><td tabindex="0"><i class="fa fa-thumbs-up"></i><i class="fa fa-thumbs-up"></i></td><td class=" not_printable"><div class="addToGL" data-soscuisine-aisle="11" data-soscuisine-sip="3940689"><i class="fa fa-cart-plus" title="Add to My Grocery List"></i><div></div></div></td><td><img class="storeItemImage" alt="wine, white" src="/media/images/store_item/blank.jpg"></td><td>wine, white</td><td class="not_printable sorting_1">beer, wine &amp; spirits</td><td><img style="width:50%;" src="/media/images/logos/marchands/5.png" alt="Super C"></td><td><span itemprop="price">$20.00</span><span itemprop="eligibleQuantity" itemscope="" itemtype="http://schema.org/QuantitativeValue">/<span itemprop="value">2</span>x<span itemprop="unitText">1L</span></span></td><td>$1.00/100mL</td><td style="display: none;">2020-02-26</td><td style="display: none;"></td><td style="display: none;"></td><td style="display: none;"></td><td style="display: none;"></td><td style="display: none;"></td><td style="display: none;"></td><td style="display: none;">Marquis de Méricourt, Nicolas Laloux</td><td style="display: none;"><a class="recipeLink" href="/recipe_ingredient_search_results.php?query=(_QU5E__1__________165__[]_1_1)">Recipes with wine, white</a></td></tr><tr role="row" class="odd"><td tabindex="0"><i class="fas fa-hand-rock"></i></td><td class=" not_printable"><div class="addToGL" data-soscuisine-aisle="11" data-soscuisine-sip="3940695"><i class="fa fa-cart-plus" title="Add to My Grocery List"></i><div></div></div></td><td><img class="storeItemImage" alt="wine, white" src="/media/images/store_item/blank.jpg"></td><td>wine, white</td><td class="not_printable sorting_1">beer, wine &amp; spirits</td><td><img style="width:50%;" src="/media/images/logos/marchands/5.png" alt="Super C"></td><td><span itemprop="price">$20.00</span><span itemprop="eligibleQuantity" itemscope="" itemtype="http://schema.org/QuantitativeValue">/<span itemprop="value">2</span>x<span itemprop="unitText">750mL</span></span></td><td>$1.33/100mL</td><td style="display: none;">2020-02-26</td><td style="display: none;"></td><td style="display: none;"></td><td style="display: none;"></td><td style="display: none;"></td><td style="display: none;"></td><td style="display: none;"></td><td style="display: none;">Bodacious</td><td style="display: none;"><a class="recipeLink" href="/recipe_ingredient_search_results.php?query=(_QU5E__1__________165__[]_1_1)">Recipes with wine, white</a></td></tr></tbody>
                </table><div class="dataTables_info" id="example_info" role="status" aria-live="polite">Showing 1 to 1,525 of 1,526 results</div><div class="dataTables_paginate paging_simple_numbers"><a class="paginate_button previous disabled" aria-controls="example" data-dt-idx="0" tabindex="0">&lt;&lt;</a><span><a class="paginate_button current" aria-controls="example" data-dt-idx="1" tabindex="0">1</a></span><a class="paginate_button next disabled" aria-controls="example" data-dt-idx="2" tabindex="0">&gt;&gt;</a></div></div>
            </div>
        </div>
    </div>
</div>
<script>
  var dataTableDeferLoading = 155;
</script>
<div class="row sios-legend" id="legend">
    <div class="col-xs-12 col-sm-12 col-md-12 col-lg-12" style="text-align: center;text-decoration: underline;">
        LEGEND:
    </div>
    <div class="col-xs-1 col-sm-1 col-md-1 col-lg-1"></div>
    <div class="col-xs-12 col-sm-2 col-md-2 col-lg-2">
        <div class="very-light-grey-bg legend-box">
            <b>Great bargain</b>
            <i class="fa fa-thumbs-up right"></i><i class="fa fa-thumbs-up right"></i><br>
            This product is very rarely cheaper at this time of year in your region - Stock up!        </div>
    </div>
    <div class="col-xs-12 col-sm-2 col-md-2 col-lg-2">
        <div class="very-light-grey-bg legend-box">
            <b>Bargain</b>
            <i class="fa fa-thumbs-up right"></i><br>
            This product is rarely cheaper at this time of year in your region - Stock up!        </div>
    </div>
    <div class="col-xs-12 col-sm-2 col-md-2 col-lg-2">
        <div class="very-light-grey-bg legend-box">
            <b>So-so</b>
            <i class="fas fa-hand-rock right"></i><br>
            The price is about average for this time of year in your region.        </div>
    </div>
    <div class="col-xs-12 col-sm-2 col-md-2 col-lg-2">
        <div class="very-light-grey-bg legend-box">
            <b>Pricey</b>
            <i class="fa fa-thumbs-down right"></i><br>
            This product is usually cheaper at this time of year in your region - Buy if quality is worth it or if really needed.        </div>
    </div>
    <div class="col-xs-12 col-sm-2 col-md-2 col-lg-2">
        <div class="very-light-grey-bg legend-box">
            <b>
                Not qualifiable            </b>
            <i class="fas fa-exclamation right"></i>
            <i class="fas fa-circle right" style="padding-right:5px"></i><br>
            The price cannot be qualified, due either to insufficient data provided by the merchant (<i class="fas fa-circle"></i>), or insufficient historical data (<i class="fas fa-exclamation"></i>).        </div>
    </div>
    <div class="col-xs-1 col-sm-1 col-md-1 col-lg-1"></div>
</div>
<script src="/wp-content/themes/soscuisinewp/js/sios-page.js?12=19"></script>
<!-- FIN TUTORIAL -->
<div id="newsletterPopup">
    <div class="popupContent">
        <div class="newsletterPopupContent">
            <p class="newsletterPopupSubtitle">
                Our weekly newsletter includes:            </p>
            <ul class="newsletterInclusion">
	            <li>Recipes, tips  and advice on healthy eating</li>
                         <li>Occasional promotions on products &amp; services from SOSCuisine and some trusted partners</li>
                         <li>Occasional invitations to help scientific research by answering surveys or participating in studies</li>
                         <li>Your email address will never be shared without your permission and you may unsubscribe at any time.</li></ul>
                         <div class="sosCuisineAddress">SOSCuisine, 3470 Stanley, Suite 1605, Montreal, QC, H3A 1R9, Canada.</div>            <form id="NLFooterForm" class="feedback-form" action="/" method="POST" name="NLFooterForm">
                <fieldset style="padding-bottom: 0px; padding-top: 0px;">
                    <input class="nLSubscriberEmail" type="email" placeholder="Enter your email" name="email">
                    <input class="nLLanguage" type="hidden" name="language" value="en">
                </fieldset>
                <div class="NLhidden emailExist">
                    <p>
                        This email exists already                    </p>
                </div>
                <div class="NLhidden alreadyMember">
                    <p>
                        You are already a member                    </p>
                </div>
                <div class="NLhidden randomError">
                    <p>
	                    Sorry an error occurred                    </p>
                </div>
                <div class="NLhidden newsletterInscriptionSuccess">
                    <p>
	                    You are now subscribed to our newsletter                    </p>
                </div>
                <div class="NLbuttons">
                    <a class="cancelButton" id="close">
                        Close                    </a>
                    <button class="validButton" value="send" type="submit" id="confirm">
	                    Confirm                    </button>
                </div>
            </form>
        </div>
    </div>
</div>
</main>
	</div><div id="_atssh" style="visibility: hidden; height: 1px; width: 1px; position: absolute; top: -9999px; z-index: 100000;"><iframe id="_atssh488" title="AddThis utility frame" style="height: 1px; width: 1px; position: absolute; top: 0px; z-index: 100000; border: 0px; left: 0px; overflow: hidden;" scrolling="no" src="https://s7.addthis.com/static/sh.f48a1a04fe8dbf021b4cda1d.html#rand=0.45764962857188807&amp;iit=1582343323511&amp;tmr=load%3D1582343323254%26core%3D1582343323266%26main%3D1582343323510%26ifr%3D1582343323513&amp;cb=0&amp;cdn=0&amp;md=0&amp;kw=&amp;ab=-&amp;dh=www.soscuisine.com&amp;dr=&amp;du=https%3A%2F%2Fwww.soscuisine.com%2Fgrocery-flyers%2F&amp;href=https%3A%2F%2Fwww.soscuisine.com%2Fgrocery-flyers%2F&amp;dt=Flyer%20Specials&amp;dbg=0&amp;cap=tc%3D0%26ab%3D0&amp;inst=1&amp;jsl=1&amp;prod=undefined&amp;lng=en&amp;ogt=site_name%2Curl%2Ctype%3Darticle%2Clocale%2Cimage&amp;pc=wpp&amp;pub=SOSCuisine&amp;ssl=1&amp;sid=5e50a49b50239966&amp;srf=0.01&amp;ver=300&amp;xck=0&amp;xtr=0&amp;og=image%3D%26locale%3Den_US%26type%3Darticle%26url%3Dhttps%253A%252F%252Fwww.soscuisine.com%252Fgrocery-flyers%252F%26site_name%3DSOSCuisine&amp;csi=undefined&amp;rev=v8.28.3-wp&amp;ct=1&amp;xld=1&amp;xd=1"></iframe></div><style id="service-icons-0"></style>
	<div id="fb-root" class=" fb_reset"><div style="position: absolute; top: -10000px; width: 0px; height: 0px;"><div></div></div></div>
<script src="/wp-content/themes/soscuisinewp/js/bootstrap.min.js"></script>
<script src="/wp-content/themes/soscuisinewp/js/footer-enhanced.js"></script>
	<!-- include jQuery library -->
<script type="text/javascript" src="https://www.soscuisine.com/wp-content/themes/soscuisinewp/js/min/jquery-ui.min.js"></script>
<script src="//www.google-analytics.com/analytics.js"></script>
	<!-- include bootstrap JavaScript -->
	<script type="text/javascript" src="https://www.soscuisine.com/wp-content/themes/soscuisinewp/js/jquery.main.js?01=13"></script>
<script>(function(d, s, id) {
  var js, fjs = d.getElementsByTagName(s)[0];
  if (d.getElementById(id)) return;
  js = d.createElement(s); js.id = id;
  js.src = "//connect.facebook.net/en_US/sdk.js#xfbml=1&version=v2.5";
  fjs.parentNode.insertBefore(js, fjs);
}(document, 'script', 'facebook-jssdk'));</script>
 <!-- Instagram Feed JS -->
<script type="text/javascript">
var sbiajaxurl = "https://www.soscuisine.com/wp-admin/admin-ajax.php";
</script>
<script type="text/javascript" src="https://www.soscuisine.com/wp-content/plugins/wpsocialite/Socialite/socialite.min.js?ver=2.0"></script>
<script type="text/javascript" src="https://www.soscuisine.com/wp-content/plugins/wpsocialite/wpsocialite.js?ver=1.0"></script>
<script type="text/javascript" src="https://www.soscuisine.com/wp-content/plugins/zingtree/js/zt-popup-modal.js?ver=4.9.8"></script><div id="zt-modal" style="display: none; position: fixed; z-index: 1; top: 0px; right: 0px; bottom: 0px; left: 0px; width: 100%; height: 100%; overflow: auto scroll; background-color: rgba(0, 0, 0, 0.4); outline: 0px;">    <div id="zt-modal-content" style="background-color: rgb(254, 254, 254); margin: 3% auto; padding: 20px; border: 1px solid rgb(136, 136, 136); width: 66%;">        <a onclick="close_popup();"><span class="close" id="zt-popup-close" style="color: red; float: right; font-size: 28px; font-weight: bold;">×</span></a>        <iframe id="zt-popup" seamless="" frameborder="0" width="100%" height="1" scrolling="no" style="overflow: hidden;"></iframe>    </div></div>
<script type="text/javascript" src="https://www.soscuisine.com/wp-content/plugins/wp-jquery-lightbox/jquery.touchwipe.min.js?ver=1.4.6"></script>
<script type="text/javascript">
/* <![CDATA[ */
var JQLBSettings = {"showTitle":"1","showCaption":"0","showNumbers":"0","fitToScreen":"0","resizeSpeed":"400","showDownload":"0","navbarOnTop":"0","marginSize":"0","slideshowSpeed":"4000","prevLinkTitle":"previous image","nextLinkTitle":"next image","closeTitle":"close image gallery","image":"Image ","of":" of ","download":"Download","pause":"(pause slideshow)","play":"(play slideshow)"};
/* ]]> */
</script>
<script type="text/javascript" src="https://www.soscuisine.com/wp-content/plugins/wp-jquery-lightbox/jquery.lightbox.min.js?ver=1.4.6"></script>
<script type="text/javascript" src="https://www.soscuisine.com/wp-includes/js/wp-embed.min.js?ver=4.9.8"></script>
<script type="text/javascript">Socialite.setup({facebook:{lang:'en_US',appId:null},twitter:{lang:'en'},googleplus:{lang:'en'},vkontakte:{apiId:''}});</script>
     <footer id="footer" class="not_printable">
         <div class="footer-holder">
             <div class="topFooter">
                     <a href="/contact-us">
                         <div class="col-md-4 topFooterSection">
                             <h4>
					             Customer Service                             </h4>
                             <p class="topFooterContent">
                                 <i class="fa fa-question-circle helpIcon"></i>
					             Get Help or Contact Us                             </p>
                         </div>
                     </a>
	                                  <div class="col-md-4 topFooterSection"></div>
	                              <div class="col-md-4 topFooterSection">
                     <h4>Follow us</h4>
                     <p class="rsIcons">
                         <a href="http://www.facebook.com/soscuisine" class="rsIcon">
                             <i class="fab fa-facebook-square facebook"></i>
                         </a>
                         <a href="https://instagram.com/sos_cuisine/" class="rsIcon">
                            <i class="fab fa-instagram instagram"></i>
                         </a>
                         <a href="https://www.pinterest.com/soscuisine/" class="rsIcon">
                            <i class="fab fa-pinterest-square pinterest"></i>
                         </a>
                         <a href="https://twitter.com/SOSCuisine" class="rsIcon">
                            <i class="fab fa-twitter-square twitter"></i>
                         </a>
                         <a href="/en/blog" class="rsIcon">
                            <i class="fas fa-rss-square rss"></i>
                         </a>
                         <a href="https://www.youtube.com/channel/UCfOTFRJaJJdlj5ivtNuzlaw" class="rsIconYT">
                             <i class="fab fa-youtube youtube"></i>
                         </a>
                     </p>
                 </div>
             </div>
         </div>
         <div class="bottomFooter">
             <div class="footer-columns" data-url="/legacy-footer/">
                 <div class="col"><strong class="title">About</strong><div class="item-slide"><ul id="menu-about" class="list-links"><li id="menu-item-59559" class="menu-item menu-item-type-post_type menu-item-object-page menu-item-59559"><a href="https://www.soscuisine.com/company/">Company</a></li>
<li id="menu-item-59561" class="menu-item menu-item-type-post_type menu-item-object-page menu-item-59561"><a href="https://www.soscuisine.com/leadership-team/">Leadership</a></li>
<li id="menu-item-59563" class="menu-item menu-item-type-post_type menu-item-object-page menu-item-59563"><a href="https://www.soscuisine.com/nutrition-team/">Nutrition</a></li>
<li id="menu-item-59565" class="menu-item menu-item-type-post_type menu-item-object-page menu-item-59565"><a href="https://www.soscuisine.com/careers/">Careers</a></li>
<li id="menu-item-217" class="menu-item menu-item-type-custom menu-item-object-custom menu-item-217"><a href="/en/contact">Contact Us</a></li>
</ul></div></div><div class="col"><strong class="title">Offering</strong><div class="item-slide"><ul id="menu-offering" class="list-links"><li id="menu-item-59557" class="menu-item menu-item-type-post_type menu-item-object-page menu-item-59557"><a href="https://www.soscuisine.com/plans-pricing/">Pricing</a></li>
<li id="menu-item-59553" class="menu-item menu-item-type-post_type menu-item-object-page menu-item-59553"><a href="https://www.soscuisine.com/features/">Features</a></li>
<li id="menu-item-59555" class="menu-item menu-item-type-post_type menu-item-object-page menu-item-59555"><a href="https://www.soscuisine.com/testimonials/">Testimonials</a></li>
<li id="menu-item-221" class="menu-item menu-item-type-custom menu-item-object-custom menu-item-221"><a href="/en/faq">FAQ</a></li>
<li id="menu-item-55769" class="menu-item menu-item-type-post_type menu-item-object-page menu-item-55769"><a href="https://www.soscuisine.com/books/">Books</a></li>
</ul></div></div><div class="col"><strong class="title">Media</strong><div class="item-slide"><ul id="menu-media" class="list-links"><li id="menu-item-222" class="menu-item menu-item-type-custom menu-item-object-custom menu-item-222"><a href="/media-kit">Media Kit</a></li>
<li id="menu-item-223" class="menu-item menu-item-type-custom menu-item-object-custom menu-item-223"><a href="/media-coverage">Media Coverage</a></li>
<li id="menu-item-224" class="menu-item menu-item-type-custom menu-item-object-custom menu-item-224"><a href="/press-releases">Press Releases</a></li>
<li id="menu-item-225" class="menu-item menu-item-type-custom menu-item-object-custom menu-item-225"><a href="/advertise">Advertise</a></li>
</ul></div></div><div class="col"><strong class="title">Partners</strong><div class="item-slide"><ul id="menu-partners" class="list-links"><li id="menu-item-226" class="menu-item menu-item-type-custom menu-item-object-custom menu-item-226"><a href="/partners/">Our Partners</a></li>
<li id="menu-item-227" class="menu-item menu-item-type-custom menu-item-object-custom menu-item-227"><a href="/partners/become-partner/">Becoming a Partner</a></li>
<li id="menu-item-228" class="menu-item menu-item-type-custom menu-item-object-custom menu-item-228"><a href="/professionals/">Health Professionals</a></li>
</ul></div></div>                                                  </div>
             <p class="item-list copyrightSection" itemscope="" itemtype="https://schema.org/Organization">
                 © 2005-2020 <span itemprop="legalName">Sukha Technologies Inc</span>.
                 <span itemprop="brand" itemscope="" itemtype="https://schema.org/Brand">
                     <span itemprop="name">SOS Cuisine</span>. All rights reserved.                 </span>
                 <a href="/terms-and-conditions">
			         Terms &amp; Conditions                 </a>
                 <a href="/privacy-policy">
			         Privacy Policy                 </a>
             </p>
             <!-- Instagram Feed JS -->
<script type="text/javascript">
var sbiajaxurl = "https://www.soscuisine.com/wp-admin/admin-ajax.php";
</script>
<script type="text/javascript">Socialite.setup({facebook:{lang:'en_US',appId:null},twitter:{lang:'en'},googleplus:{lang:'en'},vkontakte:{apiId:''}});</script>         </div>
     </footer>
        


<div role="log" aria-live="assertive" aria-relevant="additions" class="ui-helper-hidden-accessible"></div><div role="log" aria-live="assertive" aria-relevant="additions" class="ui-helper-hidden-accessible"></div><div role="log" aria-live="assertive" aria-relevant="additions" class="ui-helper-hidden-accessible"></div><div role="log" aria-live="assertive" aria-relevant="additions" class="ui-helper-hidden-accessible"></div><div role="log" aria-live="assertive" aria-relevant="additions" class="ui-helper-hidden-accessible"></div><div role="log" aria-live="assertive" aria-relevant="additions" class="ui-helper-hidden-accessible"></div><div role="log" aria-live="assertive" aria-relevant="additions" class="ui-helper-hidden-accessible"></div><div role="log" aria-live="assertive" aria-relevant="additions" class="ui-helper-hidden-accessible"></div><div role="log" aria-live="assertive" aria-relevant="additions" class="ui-helper-hidden-accessible"></div><div role="log" aria-live="assertive" aria-relevant="additions" class="ui-helper-hidden-accessible"></div><div role="log" aria-live="assertive" aria-relevant="additions" class="ui-helper-hidden-accessible"></div><div role="log" aria-live="assertive" aria-relevant="additions" class="ui-helper-hidden-accessible"></div><div role="log" aria-live="assertive" aria-relevant="additions" class="ui-helper-hidden-accessible"></div><div role="log" aria-live="assertive" aria-relevant="additions" class="ui-helper-hidden-accessible"></div><div role="log" aria-live="assertive" aria-relevant="additions" class="ui-helper-hidden-accessible"></div><div role="log" aria-live="assertive" aria-relevant="additions" class="ui-helper-hidden-accessible"></div><div role="log" aria-live="assertive" aria-relevant="additions" class="ui-helper-hidden-accessible"></div><div role="log" aria-live="assertive" aria-relevant="additions" class="ui-helper-hidden-accessible"></div><div role="log" aria-live="assertive" aria-relevant="additions" class="ui-helper-hidden-accessible"></div><div role="log" aria-live="assertive" aria-relevant="additions" class="ui-helper-hidden-accessible"></div><div role="log" aria-live="assertive" aria-relevant="additions" class="ui-helper-hidden-accessible"></div><div role="log" aria-live="assertive" aria-relevant="additions" class="ui-helper-hidden-accessible"></div><div role="log" aria-live="assertive" aria-relevant="additions" class="ui-helper-hidden-accessible"></div><div role="log" aria-live="assertive" aria-relevant="additions" class="ui-helper-hidden-accessible"></div><div role="log" aria-live="assertive" aria-relevant="additions" class="ui-helper-hidden-accessible"></div></body></html>