<html lang="en-US" xmlns:fb="https://www.facebook.com/2008/fbml" xmlns:addthis="https://www.addthis.com/help/api-spec" prefix="og: http://ogp.me/ns#"><head><script src="https://connect.facebook.net/en_US/sdk.js?hash=4a90b5eb3c508c9f582019334f79cb81&amp;ua=modern_es6" async="" crossorigin="anonymous"></script><script type="text/javascript" src="https://m.addthis.com/live/red_lojson/300lo.json?si=5e50a4047bede74d&amp;bkl=0&amp;bl=1&amp;pdt=752&amp;sid=5e50a4047bede74d&amp;pub=SOSCuisine&amp;rev=v8.28.3-wp&amp;ln=en&amp;pc=wpp&amp;cb=0&amp;ab=-&amp;dp=www.soscuisine.com&amp;fp=grocery-flyers%2F&amp;fr=&amp;of=0&amp;pd=0&amp;irt=1&amp;vcl=1&amp;md=0&amp;ct=1&amp;tct=0&amp;abt=0&amp;cdn=0&amp;pi=1&amp;rb=0&amp;gen=100&amp;chr=UTF-8&amp;colc=1582343172771&amp;wpv=wpp-6.1.7&amp;wpbv=4.9.8&amp;addthis_plugin_info=%7B%22info_status%22%3A%22enabled%22%2C%22cms_name%22%3A%22WordPress%22%2C%22plugin_name%22%3A%22Share%20Buttons%20by%20AddThis%22%2C%22plugin_version%22%3A%226.1.7%22%2C%22plugin_mode%22%3A%22WordPress%22%2C%22anonymous_profile_id%22%3A%22wp-9c7386656930881e2a47c81c3951069f%22%2C%22page_info%22%3A%7B%22template%22%3A%22pages%22%2C%22post_type%22%3A%22%22%7D%2C%22sharing_enabled_on_post_via_metabox%22%3Afalse%7D&amp;jsl=1&amp;uvs=5e50a2f5bd90d242018&amp;skipb=1&amp;callback=addthis.cbs.jsonp__0606451636787161960"></script><script id="facebook-jssdk" src="//connect.facebook.net/en_US/sdk.js#xfbml=1&amp;version=v2.5"></script><script type="text/javascript" src="https://z.moatads.com/addthismoatframe568911941483/moatframe.js"></script>
		<!-- set the encoding of your site -->
	<meta charset="UTF-8">
	<!-- set the viewport width and initial-scale on mobile devices -->
	<meta name="viewport" content="width=device-width, initial-scale=1">
	<title>
		Flyer Specials	</title>
	<meta property="og:image" content="">	<link rel="apple-touch-icon" href="https://www.soscuisine.com/wp-content/themes/soscuisinewp/images/favicon.ico">
	<!-- include the site stylesheet -->
	<link media="all" rel="stylesheet" type="text/css" href="https://www.soscuisine.com/wp-content/themes/soscuisinewp/css/all.css">
		<link media="all" rel="stylesheet" type="text/css" href="https://www.soscuisine.com/wp-content/themes/soscuisinewp/css/bootstrap.min.css">
	<link rel="stylesheet" href="https://use.fontawesome.com/releases/v5.6.3/css/all.css" integrity="sha384-UHRtZLI+pbxtHCWp1t77Bi1L4ZtiqrqD80Kn4Z8NTSRyMA2Fd33n5dQ8lWUE00s/" crossorigin="anonymous">
	<link media="all" rel="stylesheet" type="text/css" href="https://www.soscuisine.com/wp-content/themes/soscuisinewp/style.css">
	<link media="all" rel="stylesheet" type="text/css" href="https://www.soscuisine.com/wp-content/themes/soscuisinewp/soswpresponsive.css">
	<link media="all" rel="stylesheet" type="text/css" href="https://www.soscuisine.com/wp-content/themes/soscuisinewp/container.css">
	<link media="all" rel="stylesheet" type="text/css" href="https://www.soscuisine.com/wp-content/themes/soscuisinewp/hockey.css">
	<link href="https://fonts.googleapis.com/css?family=Source+Sans+Pro:400,200italic,200,300,300italic,400italic,600,600italic,700,700italic,900,900italic" rel="stylesheet" type="text/css">
	<link href="https://fonts.googleapis.com/css?family=Open+Sans" rel="stylesheet" type="text/css">
	<link rel="stylesheet" type="text/css" href="https://www.soscuisine.com/wp-content/themes/soscuisinewp/css/jquery-ui-1.10.4.custom.css">
	<link rel="apple-touch-icon" href="/media/images/tomato.png">
	<link rel="stylesheet" type="text/css" href="/wp-content/themes/soscuisinewp/css/header-enhanced.css">
	<link rel="stylesheet" type="text/css" href="/wp-content/themes/soscuisinewp/css/footer-enhanced.css">
	<script async="" src="//www.google-analytics.com/analytics.js"></script><script type="text/javascript">
        var pathInfo = {
            base: 'https://www.soscuisine.com/wp-content/themes/soscuisinewp/',
            css: 'css/',
            js: 'js/',
            swf: 'swf/'
        }
        document.addEventListener("DOMContentLoaded", function (event) {
            // Gets a reference to the form element, assuming
            // it contains the id attribute "signup-form".
            var form = document.getElementById('siteSearchForm');

            // Adds a listener for the "submit" event.
            form.addEventListener('submit', function(event) {

                // Prevents the browser from submiting the form
                // and thus unloading the current page.
                event.preventDefault();

                // Sends the event to Google Analytics and
                // resubmits the form once the hit is done.
                ga('send', 'event', 'Search', 'Main Search', {
                    hitCallback: function() {
                        form.submit();
                    }
                });
            });
        });
	</script>
		<link rel="alternate" hreflang="fr-fr" href="https://www.soscuisine.com/speciaux-circulaires/?lang=fr">
<link rel="alternate" hreflang="en-us" href="https://www.soscuisine.com/grocery-flyers/">

<!-- This site is optimized with the Yoast SEO plugin v8.4 - https://yoast.com/wordpress/plugins/seo/ -->
<meta name="description" content="Compare side-by-side the Grocery Flyers of your preferred supermarkets. See which items on sale ones are TRUE bargains, and which ones are not!">
<link rel="canonical" href="https://www.soscuisine.com/grocery-flyers/">
<meta property="og:locale" content="en_US">
<meta property="og:type" content="article">
<meta property="og:url" content="https://www.soscuisine.com/grocery-flyers/">
<meta property="og:site_name" content="SOSCuisine">
<meta property="article:publisher" content="https://www.facebook.com/soscuisine/">
<meta property="fb:app_id" content="144645645559356">
<meta name="twitter:card" content="summary">
<meta name="twitter:title" content="Flyer Specials">
<meta name="twitter:site" content="@SOSCuisine">
<meta name="twitter:creator" content="@SOSCuisine">
<script type="application/ld+json">{"@context":"https:\/\/schema.org","@type":"BreadcrumbList","itemListElement":[{"@type":"ListItem","position":1,"item":{"@id":"https:\/\/www.soscuisine.com\/","name":"Home"}},{"@type":"ListItem","position":2,"item":{"@id":"https:\/\/www.soscuisine.com\/grocery-flyers\/","name":"Grocery Flyers Wizard &#8211; Find the TRUE bargains"}}]}</script>
<!-- / Yoast SEO plugin. -->

<link rel="dns-prefetch" href="//ajax.googleapis.com">
<link rel="dns-prefetch" href="//s.w.org">
<link rel="alternate" type="application/rss+xml" title="SOSCuisine » Feed" href="https://www.soscuisine.com/feed/">
<link rel="alternate" type="application/rss+xml" title="SOSCuisine » Comments Feed" href="https://www.soscuisine.com/comments/feed/">
		<script type="text/javascript">
			window._wpemojiSettings = {"baseUrl":"https:\/\/s.w.org\/images\/core\/emoji\/11\/72x72\/","ext":".png","svgUrl":"https:\/\/s.w.org\/images\/core\/emoji\/11\/svg\/","svgExt":".svg","source":{"concatemoji":"https:\/\/www.soscuisine.com\/wp-includes\/js\/wp-emoji-release.min.js?ver=4.9.8"}};
			!function(a,b,c){function d(a,b){var c=String.fromCharCode;l.clearRect(0,0,k.width,k.height),l.fillText(c.apply(this,a),0,0);var d=k.toDataURL();l.clearRect(0,0,k.width,k.height),l.fillText(c.apply(this,b),0,0);var e=k.toDataURL();return d===e}function e(a){var b;if(!l||!l.fillText)return!1;switch(l.textBaseline="top",l.font="600 32px Arial",a){case"flag":return!(b=d([55356,56826,55356,56819],[55356,56826,8203,55356,56819]))&&(b=d([55356,57332,56128,56423,56128,56418,56128,56421,56128,56430,56128,56423,56128,56447],[55356,57332,8203,56128,56423,8203,56128,56418,8203,56128,56421,8203,56128,56430,8203,56128,56423,8203,56128,56447]),!b);case"emoji":return b=d([55358,56760,9792,65039],[55358,56760,8203,9792,65039]),!b}return!1}function f(a){var c=b.createElement("script");c.src=a,c.defer=c.type="text/javascript",b.getElementsByTagName("head")[0].appendChild(c)}var g,h,i,j,k=b.createElement("canvas"),l=k.getContext&&k.getContext("2d");for(j=Array("flag","emoji"),c.supports={everything:!0,everythingExceptFlag:!0},i=0;i<j.length;i++)c.supports[j[i]]=e(j[i]),c.supports.everything=c.supports.everything&&c.supports[j[i]],"flag"!==j[i]&&(c.supports.everythingExceptFlag=c.supports.everythingExceptFlag&&c.supports[j[i]]);c.supports.everythingExceptFlag=c.supports.everythingExceptFlag&&!c.supports.flag,c.DOMReady=!1,c.readyCallback=function(){c.DOMReady=!0},c.supports.everything||(h=function(){c.readyCallback()},b.addEventListener?(b.addEventListener("DOMContentLoaded",h,!1),a.addEventListener("load",h,!1)):(a.attachEvent("onload",h),b.attachEvent("onreadystatechange",function(){"complete"===b.readyState&&c.readyCallback()})),g=c.source||{},g.concatemoji?f(g.concatemoji):g.wpemoji&&g.twemoji&&(f(g.twemoji),f(g.wpemoji)))}(window,document,window._wpemojiSettings);
		</script><script src="https://www.soscuisine.com/wp-includes/js/wp-emoji-release.min.js?ver=4.9.8" type="text/javascript" defer=""></script>
		<style type="text/css">
img.wp-smiley,
img.emoji {
	display: inline !important;
	border: none !important;
	box-shadow: none !important;
	height: 1em !important;
	width: 1em !important;
	margin: 0 .07em !important;
	vertical-align: -0.1em !important;
	background: none !important;
	padding: 0 !important;
}
</style>
<link rel="stylesheet" id="socialite-css-css" href="https://www.soscuisine.com/wp-content/plugins/wpsocialite/lib/wpsocialite.css?ver=4.9.8" type="text/css" media="all">
<link rel="stylesheet" id="sb_instagram_styles-css" href="https://www.soscuisine.com/wp-content/plugins/instagram-feed/css/sb-instagram-2-1.min.css?ver=2.1" type="text/css" media="all">
<link rel="stylesheet" id="ts_fab_css-css" href="https://www.soscuisine.com/wp-content/plugins/fancier-author-box/css/ts-fab.min.css?ver=1.4" type="text/css" media="all">
<link rel="stylesheet" id="dashicons-css" href="https://www.soscuisine.com/wp-includes/css/dashicons.min.css?ver=4.9.8" type="text/css" media="all">
<link rel="stylesheet" id="post-views-counter-frontend-css" href="https://www.soscuisine.com/wp-content/plugins/post-views-counter/css/frontend.css?ver=1.3.1" type="text/css" media="all">
<link rel="stylesheet" id="ewd-ufaq-style-css" href="https://www.soscuisine.com/wp-content/plugins/ultimate-faqs/css/ewd-ufaq-styles.css?ver=4.9.8" type="text/css" media="all">
<link rel="stylesheet" id="ewd-ufaq-rrssb-css" href="https://www.soscuisine.com/wp-content/plugins/ultimate-faqs/css/rrssb-min.css?ver=4.9.8" type="text/css" media="all">
<link rel="stylesheet" id="wpml-legacy-dropdown-0-css" href="//www.soscuisine.com/wp-content/plugins/sitepress-multilingual-cms/templates/language-switchers/legacy-dropdown/style.css?ver=1" type="text/css" media="all">
<style id="wpml-legacy-dropdown-0-inline-css" type="text/css">
.wpml-ls-statics-shortcode_actions, .wpml-ls-statics-shortcode_actions .wpml-ls-sub-menu, .wpml-ls-statics-shortcode_actions a {border-color:#cdcdcd;}.wpml-ls-statics-shortcode_actions a {color:#444444;background-color:#ffffff;}.wpml-ls-statics-shortcode_actions a:hover,.wpml-ls-statics-shortcode_actions a:focus {color:#000000;background-color:#eeeeee;}.wpml-ls-statics-shortcode_actions .wpml-ls-current-language>a {color:#444444;background-color:#ffffff;}.wpml-ls-statics-shortcode_actions .wpml-ls-current-language:hover>a, .wpml-ls-statics-shortcode_actions .wpml-ls-current-language>a:focus {color:#000000;background-color:#eeeeee;}
</style>
<link rel="stylesheet" id="if-menu-site-css-css" href="https://www.soscuisine.com/wp-content/plugins/if-menu/assets/if-menu-site.css?ver=4.9.8" type="text/css" media="all">
<link rel="stylesheet" id="msl-main-css" href="https://www.soscuisine.com/wp-content/plugins/master-slider/public/assets/css/masterslider.main.css?ver=3.5.1" type="text/css" media="all">
<link rel="stylesheet" id="msl-custom-css" href="https://www.soscuisine.com/wp-content/uploads/master-slider/custom.css?ver=24.5" type="text/css" media="all">
<link rel="stylesheet" id="addthis_all_pages-css" href="https://www.soscuisine.com/wp-content/plugins/addthis/frontend/build/addthis_wordpress_public.min.css?ver=4.9.8" type="text/css" media="all">
<link rel="stylesheet" id="jquery.lightbox.min.css-css" href="https://www.soscuisine.com/wp-content/plugins/wp-jquery-lightbox/styles/lightbox.min.css?ver=1.4.6" type="text/css" media="all">
<script type="text/javascript" src="https://ajax.googleapis.com/ajax/libs/jquery/2.1.4/jquery.min.js?ver=2.1.4"></script>
<script type="text/javascript" src="https://www.soscuisine.com/wp-content/themes/soscuisinewp/js/comment-reply.js?ver=4.9.8"></script>
<script type="text/javascript" src="https://www.soscuisine.com/wp-content/plugins/fancier-author-box/js/ts-fab.min.js?ver=1.4"></script>
<script type="text/javascript" src="https://www.soscuisine.com/wp-content/plugins/zingtree/js/iframeResizerSmart.js?ver=4.9.8"></script>
<script type="text/javascript" src="//www.soscuisine.com/wp-content/plugins/sitepress-multilingual-cms/templates/language-switchers/legacy-dropdown/script.js?ver=1"></script>
<link rel="https://api.w.org/" href="https://www.soscuisine.com/wp-json/">
<link rel="EditURI" type="application/rsd+xml" title="RSD" href="https://www.soscuisine.com/xmlrpc.php?rsd">
<link rel="wlwmanifest" type="application/wlwmanifest+xml" href="https://www.soscuisine.com/wp-includes/wlwmanifest.xml"> 
<link rel="shortlink" href="https://www.soscuisine.com/?p=36815">
<link rel="alternate" type="application/json+oembed" href="https://www.soscuisine.com/wp-json/oembed/1.0/embed?url=https%3A%2F%2Fwww.soscuisine.com%2Fgrocery-flyers%2F">
<link rel="alternate" type="text/xml+oembed" href="https://www.soscuisine.com/wp-json/oembed/1.0/embed?url=https%3A%2F%2Fwww.soscuisine.com%2Fgrocery-flyers%2F&amp;format=xml">
<meta name="generator" content="WPML ver:4.0.7 stt:1,4,27;">
	<style>
	.ts-fab-list li a { background-color: #fff; border: 1px solid #fff; color: #666; }
	.ts-fab-list li.active a { background-color: #A0C963; border: 1px solid #fff; color: #fff; }
	.ts-fab-tab { background-color: #fff; border: 2px solid #fff; color: #555; }
	</style>
	<script>var ms_grabbing_curosr = 'https://www.soscuisine.com/wp-content/plugins/master-slider/public/assets/css/common/grabbing.cur', ms_grab_curosr = 'https://www.soscuisine.com/wp-content/plugins/master-slider/public/assets/css/common/grab.cur';</script>
<meta name="generator" content="MasterSlider 3.5.1 - Responsive Touch Image Slider | avt.li/msf">
    <script type="text/javascript">
        var ajaxurl = 'https://www.soscuisine.com/wp-admin/admin-ajax.php';
    </script>
<script data-cfasync="false" type="text/javascript">if (window.addthis_product === undefined) { window.addthis_product = "wpp"; } if (window.wp_product_version === undefined) { window.wp_product_version = "wpp-6.1.7"; } if (window.wp_blog_version === undefined) { window.wp_blog_version = "4.9.8"; } if (window.addthis_share === undefined) { window.addthis_share = {"passthrough":{"twitter":{"via":"soscuisine"}}}; } if (window.addthis_config === undefined) { window.addthis_config = {"data_track_clickback":true,"ignore_server_config":true,"data_ga_property":"145148","data_ga_social":true,"ui_atversion":"300"}; } if (window.addthis_layers === undefined) { window.addthis_layers = {}; } if (window.addthis_layers_tools === undefined) { window.addthis_layers_tools = []; } else {  } if (window.addthis_plugin_info === undefined) { window.addthis_plugin_info = {"info_status":"enabled","cms_name":"WordPress","plugin_name":"Share Buttons by AddThis","plugin_version":"6.1.7","plugin_mode":"WordPress","anonymous_profile_id":"wp-9c7386656930881e2a47c81c3951069f","page_info":{"template":"pages","post_type":""},"sharing_enabled_on_post_via_metabox":false}; } 
                    (function() {
                      var first_load_interval_id = setInterval(function () {
                        if (typeof window.addthis !== 'undefined') {
                          window.clearInterval(first_load_interval_id);
                          if (typeof window.addthis_layers !== 'undefined' && Object.getOwnPropertyNames(window.addthis_layers).length > 0) {
                            window.addthis.layers(window.addthis_layers);
                          }
                          if (Array.isArray(window.addthis_layers_tools)) {
                            for (i = 0; i < window.addthis_layers_tools.length; i++) {
                              window.addthis.layers(window.addthis_layers_tools[i]);
                            }
                          }
                        }
                     },1000)
                    }());
                </script> <script data-cfasync="false" type="text/javascript" src="https://s7.addthis.com/js/300/addthis_widget.js#pubid=SOSCuisine" async="async"></script>	<meta name="google-site-verification" content="8Z3jBrjszK4QtEDohvgF1XCjDffgF27XR07uEGsyMT4">
	<script>
        (function(i,s,o,g,r,a,m){i['GoogleAnalyticsObject']=r;i[r]=i[r]||function(){
            (i[r].q=i[r].q||[]).push(arguments)},i[r].l=1*new Date();a=s.createElement(o),
            m=s.getElementsByTagName(o)[0];a.async=1;a.src=g;m.parentNode.insertBefore(a,m)
        })(window,document,'script','//www.google-analytics.com/analytics.js','ga');
        ga('create', 'UA-145148-1', 'auto');
        ga('send', 'pageview');
	</script>
<style type="text/css">.at-icon{fill:#fff;border:0}.at-icon-wrapper{display:inline-block;overflow:hidden}a .at-icon-wrapper{cursor:pointer}.at-rounded,.at-rounded-element .at-icon-wrapper{border-radius:12%}.at-circular,.at-circular-element .at-icon-wrapper{border-radius:50%}.addthis_32x32_style .at-icon{width:2pc;height:2pc}.addthis_24x24_style .at-icon{width:24px;height:24px}.addthis_20x20_style .at-icon{width:20px;height:20px}.addthis_16x16_style .at-icon{width:1pc;height:1pc}#at16lb{display:none;position:absolute;top:0;left:0;width:100%;height:100%;z-index:1001;background-color:#000;opacity:.001}#at_complete,#at_error,#at_share,#at_success{position:static!important}.at15dn{display:none}#at15s,#at16p,#at16p form input,#at16p label,#at16p textarea,#at_share .at_item{font-family:arial,helvetica,tahoma,verdana,sans-serif!important;font-size:9pt!important;outline-style:none;outline-width:0;line-height:1em}* html #at15s.mmborder{position:absolute!important}#at15s.mmborder{position:fixed!important;width:250px!important}#at15s{background:url(data:image/png;base64,iVBORw0KGgoAAAANSUhEUgAAAAoAAAAKCAYAAACNMs+9AAAAGXRFWHRTb2Z0d2FyZQBBZG9iZSBJbWFnZVJlYWR5ccllPAAAABtJREFUeNpiZGBgaGAgAjAxEAlGFVJHIUCAAQDcngCUgqGMqwAAAABJRU5ErkJggg==);float:none;line-height:1em;margin:0;overflow:visible;padding:5px;text-align:left;position:absolute}#at15s a,#at15s span{outline:0;direction:ltr;text-transform:none}#at15s .at-label{margin-left:5px}#at15s .at-icon-wrapper{width:1pc;height:1pc;vertical-align:middle}#at15s .at-icon{width:1pc;height:1pc}.at4-icon{display:inline-block;background-repeat:no-repeat;background-position:top left;margin:0;overflow:hidden;cursor:pointer}.addthis_16x16_style .at4-icon,.addthis_default_style .at4-icon,.at4-icon,.at-16x16{width:1pc;height:1pc;line-height:1pc;background-size:1pc!important}.addthis_32x32_style .at4-icon,.at-32x32{width:2pc;height:2pc;line-height:2pc;background-size:2pc!important}.addthis_24x24_style .at4-icon,.at-24x24{width:24px;height:24px;line-height:24px;background-size:24px!important}.addthis_20x20_style .at4-icon,.at-20x20{width:20px;height:20px;line-height:20px;background-size:20px!important}.at4-icon.circular,.circular .at4-icon,.circular.aticon{border-radius:50%}.at4-icon.rounded,.rounded .at4-icon{border-radius:4px}.at4-icon-left{float:left}#at15s .at4-icon{text-indent:20px;padding:0;overflow:visible;white-space:nowrap;background-size:1pc;width:1pc;height:1pc;background-position:top left;display:inline-block;line-height:1pc}.addthis_vertical_style .at4-icon,.at4-follow-container .at4-icon{margin-right:5px}html>body #at15s{width:250px!important}#at15s.atm{background:none!important;padding:0!important;width:10pc!important}#at15s_inner{background:#fff;border:1px solid #fff;margin:0}#at15s_head{position:relative;background:#f2f2f2;padding:4px;cursor:default;border-bottom:1px solid #e5e5e5}.at15s_head_success{background:#cafd99!important;border-bottom:1px solid #a9d582!important}.at15s_head_success a,.at15s_head_success span{color:#000!important;text-decoration:none}#at15s_brand,#at15sptx,#at16_brand{position:absolute}#at15s_brand{top:4px;right:4px}.at15s_brandx{right:20px!important}a#at15sptx{top:4px;right:4px;text-decoration:none;color:#4c4c4c;font-weight:700}#at15sptx:hover{text-decoration:underline}#at16_brand{top:5px;right:30px;cursor:default}#at_hover{padding:4px}#at_hover .at_item,#at_share .at_item{background:#fff!important;float:left!important;color:#4c4c4c!important}#at_share .at_item .at-icon-wrapper{margin-right:5px}#at_hover .at_bold{font-weight:700;color:#000!important}#at_hover .at_item{width:7pc!important;padding:2px 3px!important;margin:1px;text-decoration:none!important}#at_hover .at_item.athov,#at_hover .at_item:focus,#at_hover .at_item:hover{margin:0!important}#at_hover .at_item.athov,#at_hover .at_item:focus,#at_hover .at_item:hover,#at_share .at_item.athov,#at_share .at_item:hover{background:#f2f2f2!important;border:1px solid #e5e5e5;color:#000!important;text-decoration:none}.ipad #at_hover .at_item:focus{background:#fff!important;border:1px solid #fff}.at15t{display:block!important;height:1pc!important;line-height:1pc!important;padding-left:20px!important;background-position:0 0;text-align:left}.addthis_button,.at15t{cursor:pointer}.addthis_toolbox a.at300b,.addthis_toolbox a.at300m{width:auto}.addthis_toolbox a{margin-bottom:5px;line-height:initial}.addthis_toolbox.addthis_vertical_style{width:200px}.addthis_button_facebook_like .fb_iframe_widget{line-height:100%}.addthis_button_facebook_like iframe.fb_iframe_widget_lift{max-width:none}.addthis_toolbox a.addthis_button_counter,.addthis_toolbox a.addthis_button_facebook_like,.addthis_toolbox a.addthis_button_facebook_send,.addthis_toolbox a.addthis_button_facebook_share,.addthis_toolbox a.addthis_button_foursquare,.addthis_toolbox a.addthis_button_linkedin_counter,.addthis_toolbox a.addthis_button_pinterest_pinit,.addthis_toolbox a.addthis_button_tweet{display:inline-block}.addthis_toolbox span.addthis_follow_label{display:none}.addthis_toolbox.addthis_vertical_style span.addthis_follow_label{display:block;white-space:nowrap}.addthis_toolbox.addthis_vertical_style a{display:block}.addthis_toolbox.addthis_vertical_style.addthis_32x32_style a{line-height:2pc;height:2pc}.addthis_toolbox.addthis_vertical_style .at300bs{margin-right:4px;float:left}.addthis_toolbox.addthis_20x20_style span{line-height:20px}.addthis_toolbox.addthis_32x32_style span{line-height:2pc}.addthis_toolbox.addthis_pill_combo_style .addthis_button_compact .at15t_compact,.addthis_toolbox.addthis_pill_combo_style a{float:left}.addthis_toolbox.addthis_pill_combo_style a.addthis_button_tweet{margin-top:-2px}.addthis_toolbox.addthis_pill_combo_style .addthis_button_compact .at15t_compact{margin-right:4px}.addthis_default_style .addthis_separator{margin:0 5px;display:inline}div.atclear{clear:both}.addthis_default_style .addthis_separator,.addthis_default_style .at4-icon,.addthis_default_style .at300b,.addthis_default_style .at300bo,.addthis_default_style .at300bs,.addthis_default_style .at300m{float:left}.at300b img,.at300bo img{border:0}a.at300b .at4-icon,a.at300m .at4-icon{display:block}.addthis_default_style .at300b,.addthis_default_style .at300bo,.addthis_default_style .at300m{padding:0 2px}.at300b,.at300bo,.at300bs,.at300m{cursor:pointer}.addthis_button_facebook_like.at300b:hover,.addthis_button_facebook_like.at300bs:hover,.addthis_button_facebook_send.at300b:hover,.addthis_button_facebook_send.at300bs:hover{opacity:1}.addthis_20x20_style .at15t,.addthis_20x20_style .at300bs{overflow:hidden;display:block;height:20px!important;width:20px!important;line-height:20px!important}.addthis_32x32_style .at15t,.addthis_32x32_style .at300bs{overflow:hidden;display:block;height:2pc!important;width:2pc!important;line-height:2pc!important}.at300bs{overflow:hidden;display:block;background-position:0 0;height:1pc;width:1pc;line-height:1pc!important}.addthis_default_style .at15t_compact,.addthis_default_style .at15t_expanded{margin-right:4px}#at_share .at_item{width:123px!important;padding:4px;margin-right:2px;border:1px solid #fff}#at16p{background:url(data:image/png;base64,iVBORw0KGgoAAAANSUhEUgAAAAoAAAAKCAYAAACNMs+9AAAAGXRFWHRTb2Z0d2FyZQBBZG9iZSBJbWFnZVJlYWR5ccllPAAAABtJREFUeNpiZGBgaGAgAjAxEAlGFVJHIUCAAQDcngCUgqGMqwAAAABJRU5ErkJggg==);z-index:10000001;position:absolute;top:50%;left:50%;width:300px;padding:10px;margin:0 auto;margin-top:-185px;margin-left:-155px;font-family:arial,helvetica,tahoma,verdana,sans-serif;font-size:9pt;color:#5e5e5e}#at_share{margin:0;padding:0}#at16pt{position:relative;background:#f2f2f2;height:13px;padding:5px 10px}#at16pt a,#at16pt h4{font-weight:700}#at16pt h4{display:inline;margin:0;padding:0;font-size:9pt;color:#4c4c4c;cursor:default}#at16pt a{position:absolute;top:5px;right:10px;color:#4c4c4c;text-decoration:none;padding:2px}#at15sptx:focus,#at16pt a:focus{outline:thin dotted}#at15s #at16pf a{top:1px}#_atssh{width:1px!important;height:1px!important;border:0!important}.atm{width:10pc!important;padding:0;margin:0;line-height:9pt;letter-spacing:normal;font-family:arial,helvetica,tahoma,verdana,sans-serif;font-size:9pt;color:#444;background:url(data:image/png;base64,iVBORw0KGgoAAAANSUhEUgAAAAoAAAAKCAYAAACNMs+9AAAAGXRFWHRTb2Z0d2FyZQBBZG9iZSBJbWFnZVJlYWR5ccllPAAAABtJREFUeNpiZGBgaGAgAjAxEAlGFVJHIUCAAQDcngCUgqGMqwAAAABJRU5ErkJggg==);padding:4px}.atm-f{text-align:right;border-top:1px solid #ddd;padding:5px 8px}.atm-i{background:#fff;border:1px solid #d5d6d6;padding:0;margin:0;box-shadow:1px 1px 5px rgba(0,0,0,.15)}.atm-s{margin:0!important;padding:0!important}.atm-s a:focus{border:transparent;outline:0;transition:none}#at_hover.atm-s a,.atm-s a{display:block;text-decoration:none;padding:4px 10px;color:#235dab!important;font-weight:400;font-style:normal;transition:none}#at_hover.atm-s .at_bold{color:#235dab!important}#at_hover.atm-s a:hover,.atm-s a:hover{background:#2095f0;text-decoration:none;color:#fff!important}#at_hover.atm-s .at_bold{font-weight:700}#at_hover.atm-s a:hover .at_bold{color:#fff!important}.atm-s a .at-label{vertical-align:middle;margin-left:5px;direction:ltr}.at_PinItButton{display:block;width:40px;height:20px;padding:0;margin:0;background-image:url(//s7.addthis.com/static/t00/pinit00.png);background-repeat:no-repeat}.at_PinItButton:hover{background-position:0 -20px}.addthis_toolbox .addthis_button_pinterest_pinit{position:relative}.at-share-tbx-element .fb_iframe_widget span{vertical-align:baseline!important}#at16pf{height:auto;text-align:right;padding:4px 8px}.at-privacy-info{position:absolute;left:7px;bottom:7px;cursor:pointer;text-decoration:none;font-family:helvetica,arial,sans-serif;font-size:10px;line-height:9pt;letter-spacing:.2px;color:#666}.at-privacy-info:hover{color:#000}.body .wsb-social-share .wsb-social-share-button-vert{padding-top:0;padding-bottom:0}.body .wsb-social-share.addthis_counter_style .addthis_button_tweet.wsb-social-share-button{padding-top:40px}.body .wsb-social-share.addthis_counter_style .addthis_button_facebook_like.wsb-social-share-button{padding-top:21px}@media print{#at4-follow,#at4-share,#at4-thankyou,#at4-whatsnext,#at4m-mobile,#at15s,.at4,.at4-recommended{display:none!important}}@media screen and (max-width:400px){.at4win{width:100%}}@media screen and (max-height:700px) and (max-width:400px){.at4-thankyou-inner .at4-recommended-container{height:122px;overflow:hidden}.at4-thankyou-inner .at4-recommended .at4-recommended-item:first-child{border-bottom:1px solid #c5c5c5}}</style><style type="text/css">.at-branding-logo{font-family:helvetica,arial,sans-serif;text-decoration:none;font-size:10px;display:inline-block;margin:2px 0;letter-spacing:.2px}.at-branding-logo .at-branding-icon{background-image:url("data:image/png;base64,iVBORw0KGgoAAAANSUhEUgAAAAoAAAAKCAMAAAC67D+PAAAAGXRFWHRTb2Z0d2FyZQBBZG9iZSBJbWFnZVJlYWR5ccllPAAAAAZQTFRF////+GlNUkcc1QAAAB1JREFUeNpiYIQDBjQmAwMmkwEM0JnY1WIxFyDAABGeAFEudiZsAAAAAElFTkSuQmCC")}.at-branding-logo .at-branding-icon,.at-branding-logo .at-privacy-icon{display:inline-block;height:10px;width:10px;margin-left:4px;margin-right:3px;margin-bottom:-1px;background-repeat:no-repeat}.at-branding-logo .at-privacy-icon{background-image:url("data:image/png;base64,iVBORw0KGgoAAAANSUhEUgAAAAkAAAAKCAMAAABR24SMAAAAGXRFWHRTb2Z0d2FyZQBBZG9iZSBJbWFnZVJlYWR5ccllPAAAABhQTFRF8fr9ot/xXcfn2/P5AKva////////AKTWodjhjAAAAAd0Uk5T////////ABpLA0YAAAA6SURBVHjaJMzBDQAwCAJAQaj7b9xifV0kUKJ9ciWxlzWEWI5gMF65KUTv0VKkjVeTerqE/x7+9BVgAEXbAWI8QDcfAAAAAElFTkSuQmCC")}.at-branding-logo span{text-decoration:none}.at-branding-logo .at-branding-addthis,.at-branding-logo .at-branding-powered-by{color:#666}.at-branding-logo .at-branding-addthis:hover{color:#333}.at-cv-with-image .at-branding-addthis,.at-cv-with-image .at-branding-addthis:hover{color:#fff}a.at-branding-logo:visited{color:initial}.at-branding-info{display:inline-block;padding:0 5px;color:#666;border:1px solid #666;border-radius:50%;font-size:10px;line-height:9pt;opacity:.7;transition:all .3s ease;text-decoration:none}.at-branding-info span{border:0;clip:rect(0 0 0 0);height:1px;margin:-1px;overflow:hidden;padding:0;position:absolute;width:1px}.at-branding-info:before{content:'i';font-family:Times New Roman}.at-branding-info:hover{color:#0780df;border-color:#0780df}</style><style type="text/css">.js-slide-hidden{position:absolute !important;left:-9999px !important;top:-9999px !important;display:block !important}</style><style type="text/css">.fb_hidden{position:absolute;top:-10000px;z-index:10001}.fb_reposition{overflow:hidden;position:relative}.fb_invisible{display:none}.fb_reset{background:none;border:0;border-spacing:0;color:#000;cursor:auto;direction:ltr;font-family:"lucida grande", tahoma, verdana, arial, sans-serif;font-size:11px;font-style:normal;font-variant:normal;font-weight:normal;letter-spacing:normal;line-height:1;margin:0;overflow:visible;padding:0;text-align:left;text-decoration:none;text-indent:0;text-shadow:none;text-transform:none;visibility:visible;white-space:normal;word-spacing:normal}.fb_reset>div{overflow:hidden}@keyframes fb_transform{from{opacity:0;transform:scale(.95)}to{opacity:1;transform:scale(1)}}.fb_animate{animation:fb_transform .3s forwards}
.fb_dialog{background:rgba(82, 82, 82, .7);position:absolute;top:-10000px;z-index:10001}.fb_dialog_advanced{border-radius:8px;padding:10px}.fb_dialog_content{background:#fff;color:#373737}.fb_dialog_close_icon{background:url(https://static.xx.fbcdn.net/rsrc.php/v3/yq/r/IE9JII6Z1Ys.png) no-repeat scroll 0 0 transparent;cursor:pointer;display:block;height:15px;position:absolute;right:18px;top:17px;width:15px}.fb_dialog_mobile .fb_dialog_close_icon{left:5px;right:auto;top:5px}.fb_dialog_padding{background-color:transparent;position:absolute;width:1px;z-index:-1}.fb_dialog_close_icon:hover{background:url(https://static.xx.fbcdn.net/rsrc.php/v3/yq/r/IE9JII6Z1Ys.png) no-repeat scroll 0 -15px transparent}.fb_dialog_close_icon:active{background:url(https://static.xx.fbcdn.net/rsrc.php/v3/yq/r/IE9JII6Z1Ys.png) no-repeat scroll 0 -30px transparent}.fb_dialog_iframe{line-height:0}.fb_dialog_content .dialog_title{background:#6d84b4;border:1px solid #365899;color:#fff;font-size:14px;font-weight:bold;margin:0}.fb_dialog_content .dialog_title>span{background:url(https://static.xx.fbcdn.net/rsrc.php/v3/yd/r/Cou7n-nqK52.gif) no-repeat 5px 50%;float:left;padding:5px 0 7px 26px}body.fb_hidden{height:100%;left:0;margin:0;overflow:visible;position:absolute;top:-10000px;transform:none;width:100%}.fb_dialog.fb_dialog_mobile.loading{background:url(https://static.xx.fbcdn.net/rsrc.php/v3/ya/r/3rhSv5V8j3o.gif) white no-repeat 50% 50%;min-height:100%;min-width:100%;overflow:hidden;position:absolute;top:0;z-index:10001}.fb_dialog.fb_dialog_mobile.loading.centered{background:none;height:auto;min-height:initial;min-width:initial;width:auto}.fb_dialog.fb_dialog_mobile.loading.centered #fb_dialog_loader_spinner{width:100%}.fb_dialog.fb_dialog_mobile.loading.centered .fb_dialog_content{background:none}.loading.centered #fb_dialog_loader_close{clear:both;color:#fff;display:block;font-size:18px;padding-top:20px}#fb-root #fb_dialog_ipad_overlay{background:rgba(0, 0, 0, .4);bottom:0;left:0;min-height:100%;position:absolute;right:0;top:0;width:100%;z-index:10000}#fb-root #fb_dialog_ipad_overlay.hidden{display:none}.fb_dialog.fb_dialog_mobile.loading iframe{visibility:hidden}.fb_dialog_mobile .fb_dialog_iframe{position:sticky;top:0}.fb_dialog_content .dialog_header{background:linear-gradient(from(#738aba), to(#2c4987));border-bottom:1px solid;border-color:#043b87;box-shadow:white 0 1px 1px -1px inset;color:#fff;font:bold 14px Helvetica, sans-serif;text-overflow:ellipsis;text-shadow:rgba(0, 30, 84, .296875) 0 -1px 0;vertical-align:middle;white-space:nowrap}.fb_dialog_content .dialog_header table{height:43px;width:100%}.fb_dialog_content .dialog_header td.header_left{font-size:12px;padding-left:5px;vertical-align:middle;width:60px}.fb_dialog_content .dialog_header td.header_right{font-size:12px;padding-right:5px;vertical-align:middle;width:60px}.fb_dialog_content .touchable_button{background:linear-gradient(from(#4267B2), to(#2a4887));background-clip:padding-box;border:1px solid #29487d;border-radius:3px;display:inline-block;line-height:18px;margin-top:3px;max-width:85px;padding:4px 12px;position:relative}.fb_dialog_content .dialog_header .touchable_button input{background:none;border:none;color:#fff;font:bold 12px Helvetica, sans-serif;margin:2px -12px;padding:2px 6px 3px 6px;text-shadow:rgba(0, 30, 84, .296875) 0 -1px 0}.fb_dialog_content .dialog_header .header_center{color:#fff;font-size:16px;font-weight:bold;line-height:18px;text-align:center;vertical-align:middle}.fb_dialog_content .dialog_content{background:url(https://static.xx.fbcdn.net/rsrc.php/v3/y9/r/jKEcVPZFk-2.gif) no-repeat 50% 50%;border:1px solid #4a4a4a;border-bottom:0;border-top:0;height:150px}.fb_dialog_content .dialog_footer{background:#f5f6f7;border:1px solid #4a4a4a;border-top-color:#ccc;height:40px}#fb_dialog_loader_close{float:left}.fb_dialog.fb_dialog_mobile .fb_dialog_close_button{text-shadow:rgba(0, 30, 84, .296875) 0 -1px 0}.fb_dialog.fb_dialog_mobile .fb_dialog_close_icon{visibility:hidden}#fb_dialog_loader_spinner{animation:rotateSpinner 1.2s linear infinite;background-color:transparent;background-image:url(https://static.xx.fbcdn.net/rsrc.php/v3/yD/r/t-wz8gw1xG1.png);background-position:50% 50%;background-repeat:no-repeat;height:24px;width:24px}@keyframes rotateSpinner{0%{transform:rotate(0deg)}100%{transform:rotate(360deg)}}
.fb_iframe_widget{display:inline-block;position:relative}.fb_iframe_widget span{display:inline-block;position:relative;text-align:justify}.fb_iframe_widget iframe{position:absolute}.fb_iframe_widget_fluid_desktop,.fb_iframe_widget_fluid_desktop span,.fb_iframe_widget_fluid_desktop iframe{max-width:100%}.fb_iframe_widget_fluid_desktop iframe{min-width:220px;position:relative}.fb_iframe_widget_lift{z-index:1}.fb_iframe_widget_fluid{display:inline}.fb_iframe_widget_fluid span{width:100%}</style></head>
<body>
<noscript>
	<div>
		Javascript must be enabled for the correct page display	</div>
</noscript>
<div id="overlay"></div>

<!-- main container of all the page elements -->
<div id="wrapper" onclick="void(0)">
	<div id="notification-wrapper" class="hide">
		<i class="fa fa-times pull-right" aria-hidden="true"></i>
		<p>The text of the notification</p>
	</div>
	<!-- allow a user to go to the main content of the page -->
	<a class="accessibility" href="#main">
		Skip to Content	</a>
	<!-- header of the page -->
	<header id="mainHeader" class="not_printable">
		<div class="header-holder">
			<div class="topHeader">
				<!-- logo -->
				<a href="https://www.soscuisine.com" style="display: inline-block;">
					<div class="logo" tabindex="1" accesskey="1">
						<img src="/wp-content/uploads/2019/12/logo_SOSCuisine_com-1.jpg" alt="logo SOSCuisine" width="100%" height="auto">
					</div>
				</a>
				<!-- logo end -->
				<div class="mobileUserIcon">
                    <span class="connectedUserIcon">
                    						<i class="fas fa-user userIcon" tabindex="0" role="button" data-html="true" data-placement="bottom" data-content="
                            <span></span>
                            <div class=&quot;dropdown&quot; data-country=&quot;{{ country }}&quot; data-url=&quot;/menu-conn-legacy/?lang=fr&amp;country={{ country }}&quot;>
                        <ul id=&quot;menu-user-menu&quot; class=&quot;&quot;><li id=&quot;menu-item-137057&quot; class=&quot;menu-item menu-item-type-post_type menu-item-object-page active active current_page_parent current_page_ancestor menu-item-has-children menu-item-137057&quot;><a href=&quot;https://www.soscuisine.com/welcome-success-page/&quot;>[] My Dashboard</a>
<ul class=&quot;sub-menu&quot;>
	<li id=&quot;menu-item-230&quot; class=&quot;menu-item menu-item-type-custom menu-item-object-custom menu-item-has-children menu-item-230&quot;><a href=&quot;/meal-plan/&quot;>[] > My Meal Plan</a>
	<ul class=&quot;sub-menu&quot;>
		<li id=&quot;menu-item-135665&quot; class=&quot;menu-item menu-item-type-custom menu-item-object-custom menu-item-135665&quot;><a href=&quot;/meal-plan/recipe-list/&quot;>[] >> Recipe List</a></li>
		<li id=&quot;menu-item-232&quot; class=&quot;menu-item menu-item-type-custom menu-item-object-custom menu-item-232&quot;><a href=&quot;/meal-plan/grocery-list/&quot;>[] >> Grocery List</a></li>
	</ul>
</li>
	<li id=&quot;menu-item-141661&quot; class=&quot;menu-item menu-item-type-post_type menu-item-object-page active page_item page-item-36815 current_page_item menu-item-141661&quot;><a href=&quot;https://www.soscuisine.com/grocery-flyers/&quot;>[] > My Flyers Specials</a></li>
	<li id=&quot;menu-item-233&quot; class=&quot;menu-item menu-item-type-custom menu-item-object-custom menu-item-233&quot;><a href=&quot;/recipe/search/?action=search&amp;searchQuery=&amp;inFavourites=1&quot;>[] > My Cookbook</a></li>
	<li id=&quot;menu-item-136625&quot; class=&quot;menu-item menu-item-type-post_type menu-item-object-page menu-item-136625&quot;><a href=&quot;https://www.soscuisine.com/account/&quot;>[] > My Profile</a></li>
</ul>
</li>
<li id=&quot;menu-item-152&quot; class=&quot;deconnexionLink menu-item menu-item-type-custom menu-item-object-custom menu-item-152&quot;><a href=&quot;/logout&quot;>[] Sign Out</a></li>
</ul>                            </div>
                        " data-original-title="" title=""></i>
					                </span>
				</div>
				<div class="mobileUserIcon desktopHide">
					<div class="searchIcon">
						<i class="fas fa-search"></i>
					</div>
				</div>
				<!-- select country + Language -->
				<span class="mobileHide">
                        <a href="#changeRegion" class="changeRegion">
                            <div class="form-control country">
                                		                        <img style="height:28px;padding:3px;" src="/media/images/flag/NS.png">
		                        <i class="fas fa-sort-down"></i>
	                                                    </div>
                        </a>
                        					                        <select id="languageSelector" class="form-control" data-toggle="lang-dropdown">
                            <option selected="" value="https://www.soscuisine.com/grocery-flyers/" data-toggle="lang-dropdown">English</option><option value="https://www.soscuisine.com/speciaux-circulaires/?lang=fr" data-toggle="lang-dropdown">Français</option><option value="https://www.soscuisine.com/?lang=it" data-toggle="">Italiano</option>                        </select>

                                            </span>
				<!-- select country + Language end -->
				<!-- Sign In / Up button -->
								<!-- Signed in User Menu --->
				<!-- search form -->
                <form id="siteSearchForm" action="/recipe/search/" method="get" class="searchForm mobileHide" accesskey="4">
                    <fieldset>
                        <legend class="hidden">search form</legend>
                        <input type="hidden" name="lang" value="en">
                        <input type="hidden" name="action" value="search">
                        <div class="searchBox">
                            <input type="search" name="s" placeholder="search" class="searchInput" title="feedback-form">
                            <button type="submit" class="fa-input" value=" Input send"></button>

                        </div>
                    </fieldset>
                </form>
				<!-- search form end -->
			</div>
			<div class="header-slide">
				<strong class="opener-title"></strong>
				<!-- Main nav -->
				<nav id="nav">
					<a href="#" class="opener">
						<span>Menu</span>
					</a>
										<div class="slide-nav js-slide-hidden" id="navHeader">
						<div class="slide js-slide-hidden">
							<div>
                                <span class="desktopHide">
                                        <select id="mobileLanguageSelector" onchange="this.options[this.selectedIndex].value &amp;&amp; (window.location = this.options[this.selectedIndex].value);" class="form-control" data-toggle="lang-dropdown">
                                            <option selected="" value="https://www.soscuisine.com/grocery-flyers/" data-toggle="lang-dropdown">English</option><option value="https://www.soscuisine.com/speciaux-circulaires/?lang=fr" data-toggle="lang-dropdown">Français</option><option value="https://www.soscuisine.com/?lang=it" data-toggle="">Italiano</option>                                        </select>
                                            <a href="#changeRegion" class="changeRegion">
                                                <div class="form-control country">
                                                    		                        <img style="height:28px;padding:3px;" src="/media/images/flag/NS.png">
		                        <i class="fas fa-sort-down"></i>
	                                                                        </div>
                                            </a>
                                    </span>
								<ul id="menu-main-menu" class="nav"><li id="menu-item-186" class="home menu-item menu-item-type-custom menu-item-object-custom menu-item-186"><div class="item"><a href="/">Home</a></div></li>
<li id="menu-item-202" class="menu-item menu-item-type-custom menu-item-object-custom menu-item-202"><div class="item"><a href="/en/premium">Meal Plans</a></div></li>
<li id="menu-item-141559" class="menu-item menu-item-type-post_type menu-item-object-page active active current_page_parent current_page_ancestor menu-item-has-children menu-item-141559"><div class="item"><a href="https://www.soscuisine.com/grocery-flyers-savings/">Flyer Savings</a></div><div class="drop-slide-wrapper" style="height: 401px; width: 885px; position: absolute; overflow: hidden; top: 43px; left: 0px; display: none;"><div class="nav-drop" style="position: static; display: block; top: auto; left: auto; margin-top: -401px;"><ul class="list-drop">	<li id="menu-item-141663" class="drop_img menu-item menu-item-type-post_type menu-item-object-page active page_item page-item-36815 current_page_item menu-item-141663"><div class="item"><a href="https://www.soscuisine.com/grocery-flyers/">Grocery Flyers Wizard</a></div></li>
	<li id="menu-item-37337" class="drop_img menu-item menu-item-type-custom menu-item-object-custom menu-item-37337"><div class="item"><a title="Recipe Bargains Finder" href="/recipe/search/?action=search&amp;searchQuery=&amp;restrictDiet=1&amp;advantageousCost=1&amp;orderBy=savingPercent">Recipe Deals Finder</a></div></li>
	<li id="menu-item-37323" class="drop_img menu-item menu-item-type-custom menu-item-object-custom menu-item-37323"><div class="item"><a title="Grocery Price Checker" href="/grocery-price-checker">Grocery Price Checker</a></div></li>
	<li id="menu-item-37338" class="drop_img menu-item menu-item-type-custom menu-item-object-custom menu-item-37338"><div class="item"><a title="See which plans include these tools" href="/plans-pricing">See which plans include these tools</a></div></li>
</ul><div class="drop-visual">
						<div class="frame">
							<div class="col">
								<a href="https://www.soscuisine.com/grocery-flyers/"><img width="347" height="139" src="https://www.soscuisine.com/wp-content/uploads/2017/05/flyers.jpg" class="attachment-full size-full" alt="" srcset="https://www.soscuisine.com/wp-content/uploads/2017/05/flyers.jpg 347w, https://www.soscuisine.com/wp-content/uploads/2017/05/flyers-150x60.jpg 150w" sizes="(max-width: 347px) 100vw, 347px"><br><strong class="title">Grocery Flyers Wizard</strong>
								</a><br class="clear">
							</div><div class="col">
								<a href="/recipe/search/?action=search&amp;searchQuery=&amp;restrictDiet=1&amp;advantageousCost=1&amp;orderBy=savingPercent"><img width="500" height="200" src="https://www.soscuisine.com/wp-content/uploads/2015/10/autopromo_648x180_plus_en.jpg" class="attachment-full size-full" alt="" srcset="https://www.soscuisine.com/wp-content/uploads/2015/10/autopromo_648x180_plus_en.jpg 500w, https://www.soscuisine.com/wp-content/uploads/2015/10/autopromo_648x180_plus_en-150x60.jpg 150w, https://www.soscuisine.com/wp-content/uploads/2015/10/autopromo_648x180_plus_en-300x120.jpg 300w" sizes="(max-width: 500px) 100vw, 500px"><br><strong class="title">Recipe Deals Finder</strong>
								</a><br class="clear">
							</div><div class="col">
								<a href="/grocery-price-checker"><img width="347" height="139" src="https://www.soscuisine.com/wp-content/uploads/2017/05/price-checker.jpg" class="attachment-full size-full" alt="" srcset="https://www.soscuisine.com/wp-content/uploads/2017/05/price-checker.jpg 347w, https://www.soscuisine.com/wp-content/uploads/2017/05/price-checker-150x60.jpg 150w" sizes="(max-width: 347px) 100vw, 347px"><br><strong class="title">Grocery Price Checker</strong>
								</a><br class="clear">
							</div><div class="col">
								<a href="/plans-pricing"><img width="347" height="139" src="https://www.soscuisine.com/wp-content/uploads/2017/05/sosplus-pricing.jpg" class="attachment-full size-full" alt="" srcset="https://www.soscuisine.com/wp-content/uploads/2017/05/sosplus-pricing.jpg 347w, https://www.soscuisine.com/wp-content/uploads/2017/05/sosplus-pricing-150x60.jpg 150w" sizes="(max-width: 347px) 100vw, 347px"><br><strong class="title">See which plans include these tools</strong>
								</a><br class="clear">
							</div>
						</div>
					</div>
				</div></div></li>
<li id="menu-item-40831" class="menu-item menu-item-type-post_type menu-item-object-page menu-item-has-children menu-item-40831"><div class="item"><a href="https://www.soscuisine.com/plans-pricing/">Pricing</a></div><div class="drop-slide-wrapper" style="height: 401px; width: 885px; position: absolute; overflow: hidden; top: 43px; left: 0px; display: none;"><div class="nav-drop" style="position: static; display: block; top: auto; left: auto; margin-top: -401px;"><ul class="list-drop">	<li id="menu-item-169" class="drop_img menu-item menu-item-type-custom menu-item-object-custom menu-item-169"><div class="item"><a href="/en/plus">PLUS</a></div></li>
	<li id="menu-item-40833" class="drop_img menu-item menu-item-type-post_type menu-item-object-page menu-item-40833"><div class="item"><a href="https://www.soscuisine.com/meal-plans/">PREMIUM</a></div></li>
	<li id="menu-item-171" class="drop_img menu-item menu-item-type-custom menu-item-object-custom menu-item-171"><div class="item"><a href="/en/vip/dietitian">VIP</a></div></li>
	<li id="menu-item-40832" class="drop_img menu-item menu-item-type-post_type menu-item-object-page menu-item-40832"><div class="item"><a href="https://www.soscuisine.com/plans-pricing/">Compare Plans</a></div></li>
</ul><div class="drop-visual">
						<div class="frame">
							<div class="col">
								<a href="/en/plus"><img width="347" height="139" src="https://www.soscuisine.com/wp-content/uploads/2017/05/flyers.jpg" class="attachment-full size-full" alt="" srcset="https://www.soscuisine.com/wp-content/uploads/2017/05/flyers.jpg 347w, https://www.soscuisine.com/wp-content/uploads/2017/05/flyers-150x60.jpg 150w" sizes="(max-width: 347px) 100vw, 347px"><br><strong class="title">PLUS</strong>
								</a><br class="clear">
							</div><div class="col">
								<a href="https://www.soscuisine.com/meal-plans/"><img width="1098" height="440" src="https://www.soscuisine.com/wp-content/uploads/2018/12/coral-menu-pricing-premium-en2.jpg" class="attachment-full size-full" alt="" srcset="https://www.soscuisine.com/wp-content/uploads/2018/12/coral-menu-pricing-premium-en2.jpg 1098w, https://www.soscuisine.com/wp-content/uploads/2018/12/coral-menu-pricing-premium-en2-150x60.jpg 150w, https://www.soscuisine.com/wp-content/uploads/2018/12/coral-menu-pricing-premium-en2-768x308.jpg 768w" sizes="(max-width: 1098px) 100vw, 1098px"><br><strong class="title">PREMIUM</strong>
								</a><br class="clear">
							</div><div class="col">
								<a href="/en/vip/dietitian"><img width="347" height="139" src="https://www.soscuisine.com/wp-content/uploads/2018/12/coral-menu-pricing-vipn2.jpg" class="attachment-full size-full" alt="" srcset="https://www.soscuisine.com/wp-content/uploads/2018/12/coral-menu-pricing-vipn2.jpg 347w, https://www.soscuisine.com/wp-content/uploads/2018/12/coral-menu-pricing-vipn2-150x60.jpg 150w" sizes="(max-width: 347px) 100vw, 347px"><br><strong class="title">VIP</strong>
								</a><br class="clear">
							</div><div class="col">
								<a href="https://www.soscuisine.com/plans-pricing/"><img width="347" height="139" src="https://www.soscuisine.com/wp-content/uploads/2018/12/compare-plans.jpg" class="attachment-full size-full" alt="" srcset="https://www.soscuisine.com/wp-content/uploads/2018/12/compare-plans.jpg 347w, https://www.soscuisine.com/wp-content/uploads/2018/12/compare-plans-150x60.jpg 150w" sizes="(max-width: 347px) 100vw, 347px"><br><strong class="title">Compare Plans</strong>
								</a><br class="clear">
							</div>
						</div>
					</div>
				</div></div></li>
<li id="menu-item-40333" class="menu-item menu-item-type-post_type menu-item-object-page menu-item-has-children menu-item-40333"><div class="item"><a href="https://www.soscuisine.com/professionals/"><i class="fa fa-user-md" aria-hidden="true"></i> Professionals</a></div><div class="drop-slide-wrapper" style="height: 401px; width: 885px; position: absolute; overflow: hidden; top: 43px; left: 0px; display: none;"><div class="nav-drop" style="position: static; display: block; top: auto; left: auto; margin-top: -401px;"><ul class="list-drop">	<li id="menu-item-40337" class="drop_img menu-item menu-item-type-post_type menu-item-object-page menu-item-40337"><div class="item"><a href="https://www.soscuisine.com/professionals/physicians/">Physicians</a></div></li>
	<li id="menu-item-40335" class="drop_img menu-item menu-item-type-post_type menu-item-object-page menu-item-40335"><div class="item"><a href="https://www.soscuisine.com/professionals/dietitians/">Dietitians</a></div></li>
	<li id="menu-item-40334" class="drop_img menu-item menu-item-type-post_type menu-item-object-page menu-item-40334"><div class="item"><a href="https://www.soscuisine.com/professionals/healthcare-providers/">Healthcare Providers</a></div></li>
	<li id="menu-item-40336" class="drop_img menu-item menu-item-type-post_type menu-item-object-page menu-item-40336"><div class="item"><a href="https://www.soscuisine.com/professionals/corporate-wellness/">HR Managers – Corporate Wellness</a></div></li>
</ul><div class="drop-visual">
						<div class="frame">
							<div class="col">
								<a href="https://www.soscuisine.com/professionals/physicians/"><img width="347" height="139" src="https://www.soscuisine.com/wp-content/uploads/2016/05/doctor-menu-tile.jpg" class="attachment-full size-full" alt="" srcset="https://www.soscuisine.com/wp-content/uploads/2016/05/doctor-menu-tile.jpg 347w, https://www.soscuisine.com/wp-content/uploads/2016/05/doctor-menu-tile-150x60.jpg 150w, https://www.soscuisine.com/wp-content/uploads/2016/05/doctor-menu-tile-300x120.jpg 300w" sizes="(max-width: 347px) 100vw, 347px"><br><strong class="title">Physicians</strong>
								</a><br class="clear">
							</div><div class="col">
								<a href="https://www.soscuisine.com/professionals/dietitians/"><img width="347" height="139" src="https://www.soscuisine.com/wp-content/uploads/2016/05/nutritionnist-tile.jpg" class="attachment-full size-full" alt="" srcset="https://www.soscuisine.com/wp-content/uploads/2016/05/nutritionnist-tile.jpg 347w, https://www.soscuisine.com/wp-content/uploads/2016/05/nutritionnist-tile-150x60.jpg 150w, https://www.soscuisine.com/wp-content/uploads/2016/05/nutritionnist-tile-300x120.jpg 300w" sizes="(max-width: 347px) 100vw, 347px"><br><strong class="title">Dietitians</strong>
								</a><br class="clear">
							</div><div class="col">
								<a href="https://www.soscuisine.com/professionals/healthcare-providers/"><img width="347" height="139" src="https://www.soscuisine.com/wp-content/uploads/2016/05/health-professionals-tile.jpg" class="attachment-full size-full" alt="" srcset="https://www.soscuisine.com/wp-content/uploads/2016/05/health-professionals-tile.jpg 347w, https://www.soscuisine.com/wp-content/uploads/2016/05/health-professionals-tile-150x60.jpg 150w, https://www.soscuisine.com/wp-content/uploads/2016/05/health-professionals-tile-300x120.jpg 300w" sizes="(max-width: 347px) 100vw, 347px"><br><strong class="title">Healthcare Providers</strong>
								</a><br class="clear">
							</div><div class="col">
								<a href="https://www.soscuisine.com/professionals/corporate-wellness/"><img width="347" height="139" src="https://www.soscuisine.com/wp-content/uploads/2016/05/corporate-menu-tile.jpg" class="attachment-full size-full" alt="" srcset="https://www.soscuisine.com/wp-content/uploads/2016/05/corporate-menu-tile.jpg 347w, https://www.soscuisine.com/wp-content/uploads/2016/05/corporate-menu-tile-150x60.jpg 150w, https://www.soscuisine.com/wp-content/uploads/2016/05/corporate-menu-tile-300x120.jpg 300w" sizes="(max-width: 347px) 100vw, 347px"><br><strong class="title">HR Managers - Corporate Wellness</strong>
								</a><br class="clear">
							</div>
						</div>
					</div>
				</div></div></li>
<li id="menu-item-56433" class="menu-item menu-item-type-post_type menu-item-object-page menu-item-has-children menu-item-56433"><div class="item"><a href="https://www.soscuisine.com/books/">Books</a></div><div class="drop-slide-wrapper" style="height: 224px; width: 885px; position: absolute; overflow: hidden; top: 43px; left: 0px; display: none;"><div class="nav-drop" style="position: static; display: block; top: auto; left: auto; margin-top: -224px;"><ul class="list-drop">	<li id="menu-item-56487" class="drop_img menu-item menu-item-type-post_type menu-item-object-page menu-item-56487"><div class="item"><a href="https://www.soscuisine.com/books/low-fodmap-solution/">The Low-FODMAP Solution</a></div></li>
</ul><div class="drop-visual">
						<div class="frame">
							<div class="col">
								<a href="https://www.soscuisine.com/books/low-fodmap-solution/"><img width="347" height="139" src="https://www.soscuisine.com/wp-content/uploads/2017/06/fodmap-solution-en.jpg" class="attachment-full size-full" alt="" srcset="https://www.soscuisine.com/wp-content/uploads/2017/06/fodmap-solution-en.jpg 347w, https://www.soscuisine.com/wp-content/uploads/2017/06/fodmap-solution-en-150x60.jpg 150w" sizes="(max-width: 347px) 100vw, 347px"><br><strong class="title">The Low-FODMAP Solution</strong>
								</a><br class="clear">
							</div>
						</div>
					</div>
				</div></div></li>
<li id="menu-item-204" class="menu-item menu-item-type-custom menu-item-object-custom menu-item-has-children menu-item-204"><div class="item"><a href="/recipe/category/">Recipes</a></div><div class="drop-slide-wrapper" style="height: 401px; width: 885px; position: absolute; overflow: hidden; top: 43px; left: 0px; display: none;"><div class="nav-drop" style="position: static; display: block; top: auto; left: auto; margin-top: -401px;"><ul class="list-drop">	<li id="menu-item-210" class="drop_img menu-item menu-item-type-custom menu-item-object-custom menu-item-210"><div class="item"><a title="Browse Search" href="/recipe/search/">Search</a></div></li>
	<li id="menu-item-33810" class="drop_img menu-item menu-item-type-custom menu-item-object-custom menu-item-33810"><div class="item"><a href="/recipe/category/">Recipe Categories</a></div></li>
	<li id="menu-item-207" class="menu-item menu-item-type-custom menu-item-object-custom menu-item-207"><div class="item"><a href="/recipe/search/?action=search&amp;searchQuery=&amp;inFavourites=1">My Cookbook</a></div></li>
	<li id="menu-item-28507" class="drop_img menu-item menu-item-type-custom menu-item-object-custom menu-item-28507"><div class="item"><a href="/recipe/search/?action=search&amp;searchQuery=&amp;restrictDiet=1&amp;advantageousCost=1&amp;orderBy=savingPercent">Best Deals this Week</a></div></li>
	<li id="menu-item-60273" class="menu-item menu-item-type-post_type menu-item-object-page menu-item-60273"><div class="item"><a href="https://www.soscuisine.com/food-dictionary/">Food Dictionary</a></div></li>
	<li id="menu-item-122053" class="menu-item menu-item-type-post_type menu-item-object-page menu-item-122053"><div class="item"><a href="https://www.soscuisine.com/cooking-techniques/">Cooking Techniques</a></div></li>
	<li id="menu-item-37339" class="menu-item menu-item-type-custom menu-item-object-custom menu-item-37339"><div class="item"><a href="/local_products_availability_table.php">Eat Local</a></div></li>
	<li id="menu-item-54577" class="drop_img menu-item menu-item-type-post_type menu-item-object-post menu-item-54577"><div class="item"><a href="https://www.soscuisine.com/blog/top-10-easy-weeknight-meals/">TOP 10: Easy Weeknight Meals</a></div></li>
</ul><div class="drop-visual">
						<div class="frame">
							<div class="col">
								<a href="/recipe/search/"><img width="347" height="139" src="https://www.soscuisine.com/wp-content/uploads/2016/09/categories-menu-img.jpg" class="attachment-full size-full" alt="" srcset="https://www.soscuisine.com/wp-content/uploads/2016/09/categories-menu-img.jpg 347w, https://www.soscuisine.com/wp-content/uploads/2016/09/categories-menu-img-150x60.jpg 150w, https://www.soscuisine.com/wp-content/uploads/2016/09/categories-menu-img-300x120.jpg 300w" sizes="(max-width: 347px) 100vw, 347px"><br><strong class="title">Search</strong>
								</a><br class="clear">
							</div><div class="col">
								<a href="/recipe/category/"><img width="347" height="139" src="https://www.soscuisine.com/wp-content/uploads/2016/03/food-kitchen-cutting-board-cooking-e1457636805806.jpg" class="attachment-full size-full" alt="" srcset="https://www.soscuisine.com/wp-content/uploads/2016/03/food-kitchen-cutting-board-cooking-e1457636805806.jpg 347w, https://www.soscuisine.com/wp-content/uploads/2016/03/food-kitchen-cutting-board-cooking-e1457636805806-150x60.jpg 150w, https://www.soscuisine.com/wp-content/uploads/2016/03/food-kitchen-cutting-board-cooking-e1457636805806-300x120.jpg 300w" sizes="(max-width: 347px) 100vw, 347px"><br><strong class="title">Recipe Categories</strong>
								</a><br class="clear">
							</div><div class="col">
								<a href="/recipe/search/?action=search&amp;searchQuery=&amp;restrictDiet=1&amp;advantageousCost=1&amp;orderBy=savingPercent"><img width="500" height="200" src="https://www.soscuisine.com/wp-content/uploads/2015/10/autopromo_648x180_plus_en.jpg" class="attachment-full size-full" alt="" srcset="https://www.soscuisine.com/wp-content/uploads/2015/10/autopromo_648x180_plus_en.jpg 500w, https://www.soscuisine.com/wp-content/uploads/2015/10/autopromo_648x180_plus_en-150x60.jpg 150w, https://www.soscuisine.com/wp-content/uploads/2015/10/autopromo_648x180_plus_en-300x120.jpg 300w" sizes="(max-width: 500px) 100vw, 500px"><br><strong class="title">Best Deals this Week</strong>
								</a><br class="clear">
							</div><div class="col">
								<a href="https://www.soscuisine.com/blog/top-10-easy-weeknight-meals/"><img width="347" height="139" src="https://www.soscuisine.com/wp-content/uploads/2017/06/week-knight-meals.jpg" class="attachment-full size-full" alt="" srcset="https://www.soscuisine.com/wp-content/uploads/2017/06/week-knight-meals.jpg 347w, https://www.soscuisine.com/wp-content/uploads/2017/06/week-knight-meals-150x60.jpg 150w" sizes="(max-width: 347px) 100vw, 347px"><br><strong class="title">TOP 10: Easy Weeknight Meals</strong>
								</a><br class="clear">
							</div>
						</div>
					</div>
				</div></div></li>
<li id="menu-item-21735" class="menu-item menu-item-type-post_type menu-item-object-page menu-item-has-children menu-item-21735"><div class="item"><a href="https://www.soscuisine.com/blog/">Blog</a></div><div class="drop-slide-wrapper" style="height: 433px; width: 885px; position: absolute; overflow: hidden; top: 43px; left: 0px; display: none;"><div class="nav-drop" style="position: static; display: block; top: auto; left: auto; margin-top: -433px;"><ul class="list-drop">	<li id="menu-item-28092" class="menu-item menu-item-type-taxonomy menu-item-object-category menu-item-28092"><div class="item"><a href="https://www.soscuisine.com/blog/category/what-s-cooking/">What’s Cooking?</a></div></li>
	<li id="menu-item-28086" class="menu-item menu-item-type-taxonomy menu-item-object-category menu-item-28086"><div class="item"><a href="https://www.soscuisine.com/blog/category/health-nutrition/">Health and Nutrition</a></div></li>
	<li id="menu-item-28132" class="menu-item menu-item-type-taxonomy menu-item-object-category menu-item-28132"><div class="item"><a href="https://www.soscuisine.com/blog/category/save-money/">Save Money</a></div></li>
	<li id="menu-item-28131" class="menu-item menu-item-type-taxonomy menu-item-object-category menu-item-28131"><div class="item"><a href="https://www.soscuisine.com/blog/category/our-tips/">Our Tips</a></div></li>
	<li id="menu-item-28085" class="menu-item menu-item-type-taxonomy menu-item-object-category menu-item-28085"><div class="item"><a href="https://www.soscuisine.com/blog/category/events/">Events</a></div></li>
	<li id="menu-item-28130" class="menu-item menu-item-type-taxonomy menu-item-object-category menu-item-28130"><div class="item"><a href="https://www.soscuisine.com/blog/category/library/">In our Library</a></div></li>
	<li id="menu-item-28088" class="menu-item menu-item-type-taxonomy menu-item-object-category menu-item-28088"><div class="item"><a href="https://www.soscuisine.com/blog/category/media-coverage/">Media Coverage</a></div></li>
	<li id="menu-item-44789" class="drop_img menu-item menu-item-type-post_type menu-item-object-page menu-item-44789"><div class="item"><a href="https://www.soscuisine.com/inspiration/mediterranean-diet/">The Mediterranean Diet</a></div></li>
	<li id="menu-item-44791" class="drop_img menu-item menu-item-type-post_type menu-item-object-page menu-item-44791"><div class="item"><a href="https://www.soscuisine.com/inspiration/">Find your inspiration with recipes, ideas, tips, and more!</a></div></li>
	<li id="menu-item-28108" class="drop_img menu-item menu-item-type-post_type menu-item-object-page menu-item-28108"><div class="item"><a href="https://www.soscuisine.com/about/">About Us</a></div></li>
	<li id="menu-item-36471" class="drop_img menu-item menu-item-type-custom menu-item-object-custom menu-item-36471"><div class="item"><a href="https://www.soscuisine.com/blog/the-fodmap-solution">Book: The FODMAP Solution</a></div></li>
</ul><div class="drop-visual">
						<div class="frame">
							<div class="col">
								<a href="https://www.soscuisine.com/inspiration/mediterranean-diet/"><img width="347" height="139" src="https://www.soscuisine.com/wp-content/uploads/2017/06/medi-wide.jpg" class="attachment-full size-full" alt="" srcset="https://www.soscuisine.com/wp-content/uploads/2017/06/medi-wide.jpg 347w, https://www.soscuisine.com/wp-content/uploads/2017/06/medi-wide-150x60.jpg 150w" sizes="(max-width: 347px) 100vw, 347px"><br><strong class="title">The Mediterranean Diet</strong>
								</a><br class="clear">
							</div><div class="col">
								<a href="https://www.soscuisine.com/inspiration/"><img width="347" height="139" src="https://www.soscuisine.com/wp-content/uploads/2016/10/inspiration-dossiers-menu-img.jpg" class="attachment-full size-full" alt="inspiration-dossiers-menu-img" srcset="https://www.soscuisine.com/wp-content/uploads/2016/10/inspiration-dossiers-menu-img.jpg 347w, https://www.soscuisine.com/wp-content/uploads/2016/10/inspiration-dossiers-menu-img-150x60.jpg 150w, https://www.soscuisine.com/wp-content/uploads/2016/10/inspiration-dossiers-menu-img-300x120.jpg 300w" sizes="(max-width: 347px) 100vw, 347px"><br><strong class="title">Find your inspiration with recipes, ideas, tips, and more!</strong>
								</a><br class="clear">
							</div><div class="col">
								<a href="https://www.soscuisine.com/about/"><img width="500" height="201" src="https://www.soscuisine.com/wp-content/uploads/2015/08/equipe-wide.jpg" class="attachment-full size-full" alt="" srcset="https://www.soscuisine.com/wp-content/uploads/2015/08/equipe-wide.jpg 500w, https://www.soscuisine.com/wp-content/uploads/2015/08/equipe-wide-150x60.jpg 150w, https://www.soscuisine.com/wp-content/uploads/2015/08/equipe-wide-300x121.jpg 300w" sizes="(max-width: 500px) 100vw, 500px"><br><strong class="title">About Us</strong>
								</a><br class="clear">
							</div><div class="col">
								<a href="https://www.soscuisine.com/blog/the-fodmap-solution"><img width="347" height="140" src="https://www.soscuisine.com/wp-content/uploads/2017/04/Say-bye-to-abdominal-pain.jpg" class="attachment-full size-full" alt="" srcset="https://www.soscuisine.com/wp-content/uploads/2017/04/Say-bye-to-abdominal-pain.jpg 347w, https://www.soscuisine.com/wp-content/uploads/2017/04/Say-bye-to-abdominal-pain-150x61.jpg 150w" sizes="(max-width: 347px) 100vw, 347px"><br><strong class="title">Book: The FODMAP Solution</strong>
								</a><br class="clear">
							</div>
						</div>
					</div>
				</div></div></li>
</ul>							</div>
						</div>
					</div>
				</nav>
				<!-- main nav end -->
			</div>
		</div>
	</header>
	<!-- Change region popup -->
    <div id="changeRegion" class="changeRegion">
        <div class="countryPopup">
            <div class="popupContent">
                <a class="close" href="#">×</a>
                <div id="change-region-content">
                    <div id="main-areas-wrapper" class="row">
                        <div class="col-md-6 column">
                            <div class="single-area-wrapper">
                                <h3 class="single-area-title">
									NORTH AMERICA                                </h3>
                                <div class="single-country singleCountryCanada">
                                    <h3 class="single-country-title canadaTitle">
                                        <img src="//d33wubrfki0l68.cloudfront.net/f4ced338a2b28fd1d5655d5400b332924f22d7a7/a68a9/assets/images/flags/countries/flag-of-canada.png" alt="Canada">
										Canada                                    </h3>
                                    <ul class="single-country-cities">
                                        <li>
                                            <a href="//www.soscuisine.com/?lang=en&amp;sos_r=CA-AB">
                                                <h4>
                                                    <img src="/media/images/flag/AB.png" alt="Canada" class="provinceImg">
                                                    Alberta                                                </h4>
                                            </a>
                                        </li>
                                        <li>
                                            <a href="//www.soscuisine.com/?lang=en&amp;sos_r=CA-BC">
                                                <h4>
                                                    <img src="/media/images/flag/BC.png" alt="Canada" class="provinceImg">
                                                    British Columbia                                                </h4>
                                            </a>
                                        </li>
                                        <li>
                                            <a href="//www.soscuisine.com/?lang=en&amp;sos_r=CA-MB">
                                                <h4>
                                                    <img src="/media/images/flag/MB.png" alt="Canada" class="provinceImg">
                                                    Manitoba                                                </h4>
                                            </a>
                                        </li>
                                        <li>
                                            <a href="//www.soscuisine.com/?lang=en&amp;sos_r=CA-NB">
                                                <h4>
                                                    <img src="/media/images/flag/NB.png" alt="Canada" class="provinceImg">
                                                    New Brunswick                                                </h4>
                                            </a>
                                        </li>
                                        <li>
                                            <a href="//www.soscuisine.com/?lang=en&amp;sos_r=CA-NL">
                                                <h4>
                                                    <img src="/media/images/flag/NL.png" alt="Canada" class="provinceImg">
                                                    Newfoundland Labrador                                                </h4>
                                            </a>
                                        </li>
                                        <li>
                                            <a href="//www.soscuisine.com/?lang=en&amp;sos_r=CA-NS">
                                                <h4>
                                                    <img src="/media/images/flag/NS.png" alt="Canada" class="provinceImg">
                                                    Nova Scotia                                                </h4>
                                            </a>
                                        </li>
                                        <li>
                                            <a href="//www.soscuisine.com/?lang=en&amp;sos_r=CA-ON">
                                                <h4>
                                                    <img src="/media/images/flag/ON.png" alt="Canada" class="provinceImg">
                                                    Ontario                                                </h4>
                                            </a>
                                        </li>
                                        <li>
                                            <a href="//www.soscuisine.com/?lang=en&amp;sos_r=CA-PE">
                                                <h4>
                                                    <img src="/media/images/flag/PE.png" alt="Canada" class="provinceImg">
                                                    Prince Edward Island                                                </h4>
                                            </a>
                                        </li>
                                        <li>
                                            <a href="//www.soscuisine.com/?lang=en&amp;sos_r=CA-QC">
                                                <h4>
                                                    <img src="/media/images/flag/QC.png" alt="Canada" class="provinceImg">
													Quebec                                                </h4>
                                            </a>
                                        </li>
                                        <li>
                                            <a href="//www.soscuisine.com/?lang=en&amp;sos_r=CA-SK">
                                                <h4>
                                                    <img src="/media/images/flag/SK.png" alt="Canada" class="provinceImg">
                                                    Saskatchewan                                                </h4>
                                            </a>
                                        </li>
                                    </ul>
                                </div>
                                <a href="//www.soscuisine.com/?lang=en&amp;sos_r=US">
                                    <div class="single-country">
                                        <h3 class="single-country-title">
                                            <img src="//d33wubrfki0l68.cloudfront.net/575bc53a18e6edad6f149dd59e4d9bdbf51e2f90/2ad07/assets/images/flags/countries/flag-of-united-states-of-america.png" alt="United States">
											United States                                        </h3>
                                    </div>
                                </a>
                            </div>
                        </div>
                        <div class="col-md-6 column">
                            <div class="single-area-wrapper">
                                <h3 class="single-area-title">
		                            Europe                                </h3>
                                <a href="//www.soscuisine.be/?lang=en">
                                    <div class="single-country">
                                        <h3 class="single-country-title">
                                            <img src="//d33wubrfki0l68.cloudfront.net/110806a8ac19962e8cc3ba2d42c4f71c130cf8c0/9e9cd/assets/images/flags/countries/flag-of-belgium.png" alt="Belgium">
											Belgium                                            <span></span>
                                        </h3>
                                    </div>
                                </a>
                                <a href="//www.soscuisine.fr/?lang=en">
                                    <div class="single-country">
                                        <h3 class="single-country-title">
                                            <img src="//d33wubrfki0l68.cloudfront.net/815586530c1527638811ce047a20f08a87c2cca3/e921f/assets/images/flags/countries/flag-of-france.png" alt="France">
											France                                        </h3>
                                    </div>
                                </a>
                                <a href="//www.soscuisine.it/?lang=en">
                                    <div class="single-country">
                                        <h3 class="single-country-title">
                                            <img src="//d33wubrfki0l68.cloudfront.net/78540c8c719c9ee26710e6a8d1e8f25c0234710f/07123/assets/images/flags/countries/flag-of-italy.png" alt="Italy">
											Italy                                        </h3>
                                    </div>
                                </a>
                                <a href="//www.soscuisine.ch/?lang=en">
                                    <div class="single-country">
                                        <h3 class="single-country-title">
                                            <img src="//d33wubrfki0l68.cloudfront.net/c935f6ad0ddf3a0510bbced2a4877237a78d1ff7/618dc/assets/images/flags/countries/flag-of-switzerland.png" alt="Switzerland">
											Switzerland                                        </h3>
                                    </div>
                                </a>

                            </div>
                            <div class="single-area-wrapper">
                                <h3 class="single-area-title">
									Elsewhere                                </h3>
                                <a href="//www.soscuisine.com/?lang=en&amp;sos_r=UNKNOWN">
                                    <div class="single-country">
                                        <h3 class="single-country-title">
                                            <img src="//i.imgur.com/qjrTYtt.png" alt="Elsewhere">
											Elsewhere                                            <span></span>
                                        </h3>
                                    </div>
                                </a>
                            </div>
                        </div>
                    </div>
                </div>
            </div>
        </div>
    </div>
	<!-- Change region popup end -->
	<main id="main-wide" role="main" class="AB0" data-lang="en">
		
<script src="/wp-content/themes/soscuisinewp/js/cookies/js.cookie.js"></script>

<link rel="stylesheet" type="text/css" href="https://cdn.datatables.net/t/dt/dt-1.10.11,b-1.1.2,b-print-1.1.2,fh-3.1.1,r-2.0.2/datatables.min.css">

<script type="text/javascript" src="https://cdn.datatables.net/t/dt/dt-1.10.11,b-1.1.2,b-print-1.1.2,fh-3.1.1,r-2.0.2/datatables.min.js"></script>
<!--link rel="stylesheet" type="text/css" href="https://cdn.datatables.net/1.10.11/css/jquery.dataTables.min.css" /-->
<link media="all" rel="stylesheet" type="text/css" href="https://www.soscuisine.com/wp-content/themes/soscuisinewp/css/sios.css?07=19">
<link media="all" rel="stylesheet" type="text/css" href="https://www.soscuisine.com/wp-content/themes/soscuisinewp/css/powertour/powertour.min.3.1.0.css">
<link media="all" rel="stylesheet" type="text/css" href="https://www.soscuisine.com/wp-content/themes/soscuisinewp/css/powertour/powertour-style-clean.min.css">
<link media="all" rel="stylesheet" type="text/css" href="https://www.soscuisine.com/wp-content/themes/soscuisinewp/css/powertour/animate.min.css">
<link media="all" rel="stylesheet" type="text/css" href="https://www.soscuisine.com/wp-content/themes/soscuisinewp/css/powertour/powertour-mobile.css">
<style>
    td.details-control {cursor: pointer;}
    table.dataTable.dtr-inline.collapsed > tbody > tr > td:first-child::before, table.dataTable.dtr-inline.collapsed > tbody > tr > th:first-child::before {display: none;}
    table.dataTable.dtr-inline.collapsed.compact > tbody > tr > td:first-child, table.dataTable.dtr-inline.collapsed.compact > tbody > tr > th:first-child {padding-left: 4px;white-space: nowrap;}
    .fa-thumbs-up {color: #588a0f}
    .fa-thumbs-down {color: #CF0000}
    .dt-buttons {margin: 25px}
    .modalSOSPlus button.ui-button {outline: 1px solid #EBAD56 !important}
    table#example, input, .select-all, .select-none {cursor: pointer;}
    .menu-sub-link .right {font-style: normal}
    td.child ul {padding-left: 80px !important}
    </style>
<style media="print">
    .dataTables_length, .dataTables_filter, .dataTables_info, .dataTables_paginate, .dt-buttons {display: none !important;}
    .col-xs-12.col-sm-10.col-md-10.col-lg-10 {padding: 0;}
</style>
<script type="text/javascript">
    var currentWidth = window.innerWidth - 10;
    var maxWidth = currentWidth;
    if (maxWidth > 750) {
        maxWidth = 750;
    } else {
        maxWidth = currentWidth * 0.9;
    }
    var html = '<div class="modalSOSPlus"><a href="/en/plus"><img src="/media/images/sosplus/go_sosplus_en.jpg" style="max-width:' + maxWidth + '" /></a><b>Already a PLUS, PREMIUM or VIP? <a href="/membre_connexion.php?from=httphttp%3A%2F%2Fwww.soscuisine.com%2Fflyer_specials.php%3Fsos_l%3Den">Sign in</a></b></div>';

    var canAddToGL = 1;
    var languageDataTable = {
        sProcessing: "<i class='fa fa-spinner fa-spin fa-5x'></i>",
        searchPlaceholder: "Search...",
        sSearch: "_INPUT_",
        sLengthMenu: "Show _MENU_ results",
        sInfo: "Showing _START_ to _END_ of _TOTAL_ results",
        sInfoEmpty: "No result",
        sInfoFiltered: "(filtered from _MAX_ total results)",
        sLoadingRecords: "Loading...",
        sZeroRecords: "No result",
        sEmptyTable: "No data to display",
        oPaginate: {
            sFirst: "First",
            sPrevious: "<<",
            sNext: ">>",
            sLast: "Last"
        }
    };

    var buttonsDataTable = [
        {
            text: '<i class="fa fa-print" title="Print"></i>',
            action: function () {
                window.print();
            }
        },
        {
            text: '<i class="fas fa-redo"  title="Reload"></i>',
            action: function () {
                location.reload(true);
            }
        },
        {
            text: '<i class="fa fa-expand"  title="Show details"></i>',
            action: function (e, dt) {
                $(dt.table().node()).find("tr:not(.parent)>td:first-child").trigger("click");
            }
        },
        {
            text: '<i class="fa fa-compress"  title="Hide details"></i>',
            action: function (e, dt) {
                $(dt.table().node()).find("tr.parent>td:first-child").trigger("click");
            }
        },

                {
          text: '<i class="fa fa-table"  title="View by merchants"></i>&nbsp;View by merchants',
            action: function () {
                window.location = "/flyers-specials-mosaic?ignoreMode=1"

       }
        },

        
        {
            text: '<i class="fa fa-question-circle" id="start-tutorial" title="Help"></i>&nbsp;Help ',
            action: function (event) {
                event.stopPropagation();
                var GAType = 'Free';
                if (canAddToGL){
                    GAType = 'Paid';
                }
                ga('send', 'event', 'SIOS', GAType, 'Help Button');
                if(window.location.hostname!= 'admin.soscuisine.com') {
                    $.powerTour('run', 1);
                }
            }
        }
    ];

    var language = 'en';
    var regionCode = 'CA-NS';
    var regionId = '6';
    var appendURL = '?showFull=1';
    var dataKey = '61d011ee50cc644c0e08ba04c7e98cb6';

    var groceryListAdded = "This item was added to your grocery list";
    var groceryListContinue = "Continue with items on sale";
    var groceryListGoTo = "Go to my grocery list";
    var analyticTag = 'Paid';

$(document).ready(function () {
        if (window.innerWidth < 1026) {
            $('.toggle').removeClass('fa-minus-circle').addClass('fa-plus-circle');
        }
});
</script>
<div class="container-fluid">
    <div class="row">
        
            <div class="at-above-post-page addthis_tool" data-url="https://www.soscuisine.com/grocery-flyers/"></div><div class="container-fluid">
<div class="container set-width">
<div class="row left-text">
<div class="col-md-12">
<p id="breadcrumbs grey splashBigText"><strong><span><span><a href="https://www.soscuisine.com/">Home</a> » <span class="breadcrumb_last">Grocery Flyers Wizard – Find the TRUE bargains</span></span></span></strong></p>
<h1 class="bigGrey left-text" style="padding: 0; text-align: left; margin-top: 15px; margin-bottom: 15px;">Grocery Flyers Comparison Wizard</h1>
</div></div>
</div>
</div>
<p>    <!-- end of breadcrumbs--></p>
<div id="flyerSpecial"></div>
<!-- AddThis Advanced Settings above via filter on the_content --><!-- AddThis Advanced Settings below via filter on the_content --><!-- AddThis Advanced Settings generic via filter on the_content --><!-- AddThis Share Buttons above via filter on the_content --><!-- AddThis Share Buttons below via filter on the_content --><div class="at-below-post-page addthis_tool" data-url="https://www.soscuisine.com/grocery-flyers/"></div><!-- AddThis Share Buttons generic via filter on the_content -->                                </div>
    <div class="row menu-tuto-sios" data-link-grocery-list="/meal-plan/grocery-list/">
        <div class="col-xs-12 col-sm-12 col-md-3 col-lg-2 not_printable">
            <div class="menu" id="menu">
                <ul>
                    <li><span class="list-header">
                            <i class="fa fa-shopping-basket"></i>
                            Aisles                        </span>
                        <i class="fa right toggle fa-plus-circle"></i>
                        <div class="link-well">
                            <ul>
                                <li class="menu-sub-link">
                                    <input type="checkbox" name="aisle" value="16" id="aisle16" checked="checked">
                                    <label for="aisle16">
                                        Fruits                                    </label>
                                </li>
                                <li class="menu-sub-link">
                                    <input type="checkbox" name="aisle" value="17" id="aisle17" checked="checked">
                                    <label for="aisle17">
                                        Vegetables                                    </label>
                                </li>
                                <li class="menu-sub-link">
                                    <input type="checkbox" name="aisle" value="15" id="aisle15" checked="checked">
                                    <label for="aisle15">
                                        Herbs                                    </label>
                                </li>
                                <li class="menu-sub-link">
                                    <input type="checkbox" name="aisle" value="5" id="aisle5" checked="checked">
                                    <label for="aisle5">
                                        Dairy Products                                    </label>
                                </li>
                                <li class="menu-sub-link">
                                    <input type="checkbox" name="aisle" value="6" id="aisle6" checked="checked">
                                    <label for="aisle6">
                                        Meat &amp; Poultry                                    </label>
                                </li>
                                <li class="menu-sub-link">
                                    <input type="checkbox" name="aisle" value="7" id="aisle7" checked="checked">
                                    <label for="aisle7">
                                        Fish &amp; Seafood                                    </label>
                                </li>
                                <li class="menu-sub-link">
                                    <input type="checkbox" name="aisle" value="13" id="aisle13" checked="checked">
                                    <label for="aisle13">
                                        Refrigerated Items                                    </label>
                                </li>
                                <li class="menu-sub-link">
                                    <input type="checkbox" name="aisle" value="8" id="aisle8" checked="checked">
                                    <label for="aisle8">
                                        Frozen Foods                                    </label>
                                </li>
                                <li class="menu-sub-link">
                                    <input type="checkbox" name="aisle" value="9" id="aisle9" checked="checked">
                                    <label for="aisle9">
                                        Pasta &amp; Rice                                    </label>
                                </li>
                                <li class="menu-sub-link">
                                    <input type="checkbox" name="aisle" value="22" id="aisle22" checked="checked">
                                    <label for="aisle22">
                                        Bakery                                    </label>
                                </li>
                                <li class="menu-sub-link">
                                    <input type="checkbox" name="aisle" value="24" id="aisle24" checked="checked">
                                    <label for="aisle24">
                                        Baking Products                                    </label>
                                </li>
                                <li class="menu-sub-link">
                                    <input type="checkbox" name="aisle" value="18" id="aisle18" checked="checked">
                                    <label for="aisle18">
                                        Spices                                    </label>
                                </li>
                                <li class="menu-sub-link">
                                    <input type="checkbox" name="aisle" value="19" id="aisle19" checked="checked">
                                    <label for="aisle19">
                                        Oil &amp; Vinegar                                    </label>
                                </li>
                                <li class="menu-sub-link">
                                    <input type="checkbox" name="aisle" value="20" id="aisle20" checked="checked">
                                    <label for="aisle20">
                                        Condiments                                    </label>
                                </li>
                                <li class="menu-sub-link">
                                    <input type="checkbox" name="aisle" value="21" id="aisle21" checked="checked">
                                    <label for="aisle21">
                                        Nuts                                    </label>
                                </li>
                                <li class="menu-sub-link">
                                    <input type="checkbox" name="aisle" value="23" id="aisle23" checked="checked">
                                    <label for="aisle23">
                                        Canned Food                                    </label>
                                </li>
                                <li class="menu-sub-link">
                                    <input type="checkbox" name="aisle" value="10" id="aisle10" checked="checked">
                                    <label for="aisle10">
                                        Dry Good                                    </label>
                                </li>
                                <li class="menu-sub-link">
                                    <input type="checkbox" name="aisle" value="26" id="aisle26" checked="checked">
                                    <label for="aisle26">
                                        Gluten Free                                    </label>
                                </li>
                                <li class="menu-sub-link">
                                    <input type="checkbox" name="aisle" value="11" id="aisle11" checked="checked">
                                    <label for="aisle11">
                                        Alcohol                                    </label>
                                </li>
                                <li class="menu-sub-link">
                                    <input type="checkbox" name="aisle" value="27" id="aisle27" checked="checked">
                                    <label for="aisle27">
                                        Non Food                                    </label>
                                </li>
                            </ul>
                            <b class="select-all">Select All</b> |
                            <b class="select-none">Select None</b>
                        </div>
                    </li>
                    <li>
                        <span class="list-header">
                            <i class="fa fa-shopping-cart"></i>
                            Merchants                        </span>
                        <i class="fa right toggle fa-plus-circle"></i>
                        <div class="link-well">
                            <ul id="merchantList" data-count="A7">
                                <li><input type="checkbox" checked="checked" style="display:none" name="merchant" value="0"></li>
                                <li class="menu-sub-link"><input type="checkbox" name="merchant" value="32" id="merchant32" checked="checked"><label for="merchant32">Atlantic Superstore</label></li><li class="menu-sub-link"><input type="checkbox" name="merchant" value="50" id="merchant50" checked="checked"><label for="merchant50">Foodland</label></li><li class="menu-sub-link"><input type="checkbox" name="merchant" value="97" id="merchant97" checked="checked"><label for="merchant97">No Frills</label></li><li class="menu-sub-link"><input type="checkbox" name="merchant" value="40" id="merchant40" checked="checked"><label for="merchant40">Save Easy</label></li><li class="menu-sub-link"><input type="checkbox" name="merchant" value="36" id="merchant36" checked="checked"><label for="merchant36">Sobeys</label></li><li class="menu-sub-link"><input type="checkbox" name="merchant" value="76" id="merchant76" checked="checked"><label for="merchant76">Walmart</label></li><li class="menu-sub-link"><input type="checkbox" name="merchant" value="100" id="merchant100" checked="checked"><label for="merchant100">Your Independent Grocer</label></li>                            </ul>
                            <b class="select-all">Select All</b> |
                            <b class="select-none">Select None</b>
                        </div>
                    </li>
                    <li>
                        <span class="list-header">
                            <i class="fa fa-thumbs-up" style="color: #000"></i>
                            Prices                        </span>
                        <i class="fa right toggle fa-plus-circle"></i>
                        <div class="link-well">
                            <ul>
                                <li class="menu-sub-link">
                                    <input type="checkbox" name="qualifier" value="GREAT_BARGAIN" id="GREAT_BARGAIN" checked="checked">
                                    <label for="GREAT_BARGAIN">
                                        Great Bargain                                        <i class="fa fa-thumbs-up"></i> <i class="fa fa-thumbs-up"></i>
                                    </label>
                                </li>
                                <li class="menu-sub-link">
                                    <input type="checkbox" name="qualifier" value="BARGAIN" id="BARGAIN" checked="checked">
                                    <label for="BARGAIN">
                                        Bargain                                        <i class="fa fa-thumbs-up"></i>
                                    </label>
                                </li>
                                <li class="menu-sub-link">
                                    <input type="checkbox" name="qualifier" value="NORMAL" id="NORMAL" checked="checked">
                                    <label for="NORMAL">
                                        So-So                                        <i class="fas fa-hand-rock"></i>
                                    </label>
                                </li>
                                <li class="menu-sub-link">
                                    <input type="checkbox" name="qualifier" value="BAD" id="BAD" checked="checked">
                                    <label for="BAD">
                                        Pricey                                        <i class="fa fa-thumbs-down"></i>
                                    </label>
                                </li>
                                <li class="menu-sub-link">
                                    <input type="checkbox" name="qualifier" value="UNKNOWN" id="UNKNOWN" checked="checked">
                                    <label for="UNKNOWN">
                                        Not Qualifiable                                        <i class="fas fa-exclamation"></i>
                                        <i class="fas fa-circle" style="padding-right: 5px"></i>
                                    </label>
                                </li>
                            </ul>
                            <b class="select-all">Select All</b> |
                            <b class="select-none">Select None</b>
                        </div>
                    </li>
                </ul>
            </div>
        </div>
        <div class="col-xs-12 col-sm-12 col-md-9 col-lg-10">
            <div>
                <i class="fa fa-spinner fa-spin fa-5x" style="display: none;"></i>
                <div class="sios-click-note"><p><i class="fa fa-info-circle" aria-hidden="true"></i>Click on rows to reveal more information</p></div><div id="example_wrapper" class="dataTables_wrapper no-footer" style="display: block;"><div class="dataTables_length" id="example_length"><label>Show <select name="example_length" aria-controls="example" class=""><option value="25">25</option><option value="50">50</option><option value="75">75</option><option value="100">100</option><option value="-1">ALL</option></select> results</label></div><div class="dt-buttons"><a class="dt-button" tabindex="0" aria-controls="example"><span><i class="fa fa-print" title="Print"></i></span></a><a class="dt-button" tabindex="0" aria-controls="example"><span><i class="fas fa-redo" title="Reload"></i></span></a><a class="dt-button" tabindex="0" aria-controls="example"><span><i class="fa fa-expand" title="Show details"></i></span></a><a class="dt-button" tabindex="0" aria-controls="example" style="display: none;"><span><i class="fa fa-compress" title="Hide details"></i></span></a><a class="dt-button" tabindex="0" aria-controls="example"><span><i class="fa fa-table" title="View by merchants"></i>&nbsp;View by merchants</span></a><a class="dt-button" tabindex="0" aria-controls="example"><span><i class="fa fa-question-circle" id="start-tutorial" title="Help"></i>&nbsp;Help </span></a></div><div id="example_filter" class="dataTables_filter"><label><input type="search" class="" placeholder="Search..." aria-controls="example"></label></div><div id="example_processing" class="dataTables_processing" style="display: none;"><i class="fa fa-spinner fa-spin fa-5x" style="display: none;"></i></div><div class="dataTables_paginate paging_simple_numbers" id="example_paginate"><a class="paginate_button previous disabled" aria-controls="example" data-dt-idx="0" tabindex="0" id="example_previous">&lt;&lt;</a><span><a class="paginate_button current" aria-controls="example" data-dt-idx="1" tabindex="0">1</a></span><a class="paginate_button next disabled" aria-controls="example" data-dt-idx="2" tabindex="0" id="example_next">&gt;&gt;</a></div><table id="example" class="cell-border compact hover order-column dataTable no-footer dtr-inline collapsed" cellspacing="0" width="100%" role="grid" aria-describedby="example_info" style="width: 100%;">
                    <thead>
                        <tr role="row"><th class="all sorting" id="colThumbs" tabindex="0" aria-controls="example" rowspan="1" colspan="1" aria-label=": activate to sort column descending" style="width: 16px;"><i class="fa fa-thumbs-up" style="color: #000"></i></th><th class="sosmobile sostablet sosdesktop not_printable sorting_disabled" id="addToGroceryList" rowspan="1" colspan="1" aria-label="" style="width: 19px;"></th><th class="all sorting_disabled" rowspan="1" colspan="1" aria-label="" style="width: 42px;"></th><th class="all sorting" id="thItem" tabindex="0" aria-controls="example" rowspan="1" colspan="1" aria-label="
                                Item                            : activate to sort column ascending" style="width: 186px;">
                                Item                            </th><th class="sostablet sosdesktop not_printable sorting_asc" tabindex="0" aria-controls="example" rowspan="1" colspan="1" aria-sort="ascending" aria-label="
                                Aisle                            : activate to sort column descending" style="width: 34px;">
                                Aisle                            </th><th class="all sorting" tabindex="0" aria-controls="example" rowspan="1" colspan="1" aria-label="
                                Merchant                            : activate to sort column ascending" style="width: 149px;">
                                Merchant                            </th><th class="all sorting" tabindex="0" aria-controls="example" rowspan="1" colspan="1" aria-label="
                                Selling Price                            : activate to sort column ascending" style="width: 113px;">
                                Selling Price                            </th><th class="sostablet sosdesktop sorting" id="compPrice" tabindex="0" aria-controls="example" rowspan="1" colspan="1" aria-label="
                                Comparison Price                            : activate to sort column ascending" style="width: 126px;">
                                Comparison Price                            </th><th class="sosdesktop sorting" tabindex="0" aria-controls="example" rowspan="1" colspan="1" aria-label="
                                Valid until                            : activate to sort column ascending" style="width: 0px; display: none;">
                                Valid until                            </th><th class="sosdesktop sorting" tabindex="0" aria-controls="example" rowspan="1" colspan="1" aria-label="
                                Origin                            : activate to sort column ascending" style="width: 0px; display: none;">
                                Origin                            </th><th class="sosdesktop sorting" tabindex="0" aria-controls="example" rowspan="1" colspan="1" aria-label="
                                Brand                            : activate to sort column ascending" style="width: 0px; display: none;">
                                Brand                            </th><th class="sosdesktop sorting" tabindex="0" aria-controls="example" rowspan="1" colspan="1" aria-label="
                                Size                            : activate to sort column ascending" style="width: 0px; display: none;">
                                Size                            </th><th class="sosdesktop sorting" tabindex="0" aria-controls="example" rowspan="1" colspan="1" aria-label="
                                Type                            : activate to sort column ascending" style="width: 0px; display: none;">
                                Type                            </th><th class="sosdesktop sorting" tabindex="0" aria-controls="example" rowspan="1" colspan="1" aria-label="
                                Quality                            : activate to sort column ascending" style="width: 0px; display: none;">
                                Quality                            </th><th class="sosdesktop sorting" tabindex="0" aria-controls="example" rowspan="1" colspan="1" aria-label="
                                Condition                            : activate to sort column ascending" style="width: 0px; display: none;">
                                Condition                            </th><th class="none sorting" tabindex="0" aria-controls="example" rowspan="1" colspan="1" aria-label="
                                Notes                            : activate to sort column ascending" style="width: 0px; display: none;">
                                Notes                            </th><th class="none sorting" tabindex="0" aria-controls="example" rowspan="1" colspan="1" aria-label=": activate to sort column ascending" style="width: 0px; display: none;"></th></tr>
                    </thead>
                    <tbody>
                                            <tr role="row" class="odd"><td tabindex="0"><i class="fa fa-thumbs-up"></i></td><td class=" not_printable"><div class="addToGL" data-soscuisine-aisle="16" data-soscuisine-sip="3945141"><i class="fa fa-cart-plus" title="Add to My Grocery List"></i><div></div></div></td><td><img class="storeItemImage" itemprop="image" alt="apples" src="/media/images/store_item/64.jpg"></td><td>apples</td><td class="not_printable sorting_1">fruits</td><td><img style="width:50%;" src="/media/images/logos/marchands/32.png" alt="Atlantic Superstore"></td><td><span itemprop="price">$4.99</span><span itemprop="eligibleQuantity" itemscope="" itemtype="http://schema.org/QuantitativeValue">/<span itemprop="unitText">4lb (1,81kg)</span></span></td><td>$2.75/kg</td><td style="display: none;">2020-02-26</td><td style="display: none;">Canada</td><td style="display: none;">house brand</td><td style="display: none;"></td><td style="display: none;">various types</td><td style="display: none;"></td><td style="display: none;"></td><td style="display: none;"></td><td style="display: none;"><a class="recipeLink" href="/recipe_ingredient_search_results.php?query=(_QU5E__1__________64__[]_1_1)">Recipes with apples</a></td></tr><tr role="row" class="even"><td tabindex="0"><i class="fa fa-thumbs-down"></i></td><td class=" not_printable"><div class="addToGL" data-soscuisine-aisle="16" data-soscuisine-sip="3946135"><i class="fa fa-cart-plus" title="Add to My Grocery List"></i><div></div></div></td><td><img class="storeItemImage" itemprop="image" alt="apples" src="/media/images/store_item/64.jpg"></td><td>apples</td><td class="not_printable sorting_1">fruits</td><td><img style="width:50%;" src="/media/images/logos/marchands/32.png" alt="Atlantic Superstore"></td><td><span itemprop="price">$3.99</span><span itemprop="eligibleQuantity" itemscope="" itemtype="http://schema.org/QuantitativeValue">/<span itemprop="unitText">lb</span></span></td><td>$8.80/kg</td><td style="display: none;">2020-02-26</td><td style="display: none;">Atlantic Canada</td><td style="display: none;"></td><td style="display: none;"></td><td style="display: none;"></td><td style="display: none;"></td><td style="display: none;"></td><td style="display: none;">Pazazz</td><td style="display: none;"><a class="recipeLink" href="/recipe_ingredient_search_results.php?query=(_QU5E__1__________64__[]_1_1)">Recipes with apples</a></td></tr><tr role="row" class="odd"><td tabindex="0"><i class="fas fa-hand-rock"></i></td><td class=" not_printable"><div class="addToGL" data-soscuisine-aisle="16" data-soscuisine-sip="3943685"><i class="fa fa-cart-plus" title="Add to My Grocery List"></i><div></div></div></td><td><img class="storeItemImage" itemprop="image" alt="apples" src="/media/images/store_item/64.jpg"></td><td>apples</td><td class="not_printable sorting_1">fruits</td><td><img style="width:50%;" src="/media/images/logos/marchands/50.png" alt="Foodland"></td><td><span itemprop="price">$4.49</span><span itemprop="eligibleQuantity" itemscope="" itemtype="http://schema.org/QuantitativeValue">/<span itemprop="unitText">3lb (1,37kg)</span></span></td><td>$3.30/kg</td><td style="display: none;">2020-02-26</td><td style="display: none;">Atlantic Canada</td><td style="display: none;">house brand</td><td style="display: none;"></td><td style="display: none;"></td><td style="display: none;"></td><td style="display: none;"></td><td style="display: none;"></td><td style="display: none;"><a class="recipeLink" href="/recipe_ingredient_search_results.php?query=(_QU5E__1__________64__[]_1_1)">Recipes with apples</a></td></tr><tr role="row" class="even"><td tabindex="0"><i class="fa fa-thumbs-up"></i><i class="fa fa-thumbs-up"></i></td><td class=" not_printable"><div class="addToGL" data-soscuisine-aisle="16" data-soscuisine-sip="3942537"><i class="fa fa-cart-plus" title="Add to My Grocery List"></i><div></div></div></td><td><img class="storeItemImage" itemprop="image" alt="apples" src="/media/images/store_item/64.jpg"></td><td>apples</td><td class="not_printable sorting_1">fruits</td><td><img style="width:50%;" src="/media/images/logos/marchands/97.png" alt="No Frills"></td><td><span itemprop="price">$1.00</span><span itemprop="eligibleQuantity" itemscope="" itemtype="http://schema.org/QuantitativeValue">/<span itemprop="unitText">lb</span></span></td><td>$2.20/kg</td><td style="display: none;">2020-02-26</td><td style="display: none;">Atlantic Canada</td><td style="display: none;"></td><td style="display: none;"></td><td style="display: none;">Cortland</td><td style="display: none;"></td><td style="display: none;"></td><td style="display: none;"></td><td style="display: none;"><a class="recipeLink" href="/recipe_ingredient_search_results.php?query=(_QU5E__1__________64__[]_1_1)">Recipes with apples</a></td></tr><tr role="row" class="odd"><td tabindex="0"><i class="fas fa-hand-rock"></i></td><td class=" not_printable"><div class="addToGL" data-soscuisine-aisle="16" data-soscuisine-sip="3946049"><i class="fa fa-cart-plus" title="Add to My Grocery List"></i><div></div></div></td><td><img class="storeItemImage" itemprop="image" alt="apples" src="/media/images/store_item/64.jpg"></td><td>apples</td><td class="not_printable sorting_1">fruits</td><td><img style="width:50%;" src="/media/images/logos/marchands/36.png" alt="Sobeys"></td><td><span itemprop="price">$1.79</span><span itemprop="eligibleQuantity" itemscope="" itemtype="http://schema.org/QuantitativeValue">/<span itemprop="unitText">lb</span></span></td><td>$3.95/kg</td><td style="display: none;">2020-02-26</td><td style="display: none;">USA</td><td style="display: none;"></td><td style="display: none;"></td><td style="display: none;">Delicious</td><td style="display: none;"></td><td style="display: none;"></td><td style="display: none;">red</td><td style="display: none;"><a class="recipeLink" href="/recipe_ingredient_search_results.php?query=(_QU5E__1__________64__[]_1_1)">Recipes with apples</a></td></tr><tr role="row" class="even"><td tabindex="0"><i class="fas fa-hand-rock"></i></td><td class=" not_printable"><div class="addToGL" data-soscuisine-aisle="16" data-soscuisine-sip="3946051"><i class="fa fa-cart-plus" title="Add to My Grocery List"></i><div></div></div></td><td><img class="storeItemImage" itemprop="image" alt="apples" src="/media/images/store_item/64.jpg"></td><td>apples</td><td class="not_printable sorting_1">fruits</td><td><img style="width:50%;" src="/media/images/logos/marchands/36.png" alt="Sobeys"></td><td><span itemprop="price">$1.99</span><span itemprop="eligibleQuantity" itemscope="" itemtype="http://schema.org/QuantitativeValue">/<span itemprop="unitText">lb</span></span></td><td>$4.39/kg</td><td style="display: none;">2020-02-26</td><td style="display: none;">USA</td><td style="display: none;"></td><td style="display: none;"></td><td style="display: none;">koru</td><td style="display: none;"></td><td style="display: none;"></td><td style="display: none;">or golden delicious, or ambrosia, Atlantic Canada</td><td style="display: none;"><a class="recipeLink" href="/recipe_ingredient_search_results.php?query=(_QU5E__1__________64__[]_1_1)">Recipes with apples</a></td></tr><tr role="row" class="odd"><td tabindex="0"><i class="fa fa-thumbs-down"></i></td><td class=" not_printable"><div class="addToGL" data-soscuisine-aisle="16" data-soscuisine-sip="3942351"><i class="fa fa-cart-plus" title="Add to My Grocery List"></i><div></div></div></td><td><img class="storeItemImage" itemprop="image" alt="apples" src="/media/images/store_item/64.jpg"></td><td>apples</td><td class="not_printable sorting_1">fruits</td><td><img style="width:50%;" src="/media/images/logos/marchands/100.png" alt="Your Independent Grocer"></td><td><span itemprop="price">$2.29</span><span itemprop="eligibleQuantity" itemscope="" itemtype="http://schema.org/QuantitativeValue">/<span itemprop="unitText">lb</span></span></td><td>$5.05/kg</td><td style="display: none;">2020-02-26</td><td style="display: none;">USA</td><td style="display: none;"></td><td style="display: none;"></td><td style="display: none;">Gala</td><td style="display: none;"></td><td style="display: none;"></td><td style="display: none;"></td><td style="display: none;"><a class="recipeLink" href="/recipe_ingredient_search_results.php?query=(_QU5E__1__________64__[]_1_1)">Recipes with apples</a></td></tr><tr role="row" class="even"><td tabindex="0"><i class="fa fa-thumbs-up"></i></td><td class=" not_printable"><div class="addToGL" data-soscuisine-aisle="16" data-soscuisine-sip="3946059"><i class="fa fa-cart-plus" title="Add to My Grocery List"></i><div></div></div></td><td><img class="storeItemImage" itemprop="image" alt="apples, green, Granny Smith" src="/media/images/store_item/569.jpg"></td><td>apples, green, Granny Smith</td><td class="not_printable sorting_1">fruits</td><td><img style="width:50%;" src="/media/images/logos/marchands/36.png" alt="Sobeys"></td><td><span itemprop="price">$1.99</span><span itemprop="eligibleQuantity" itemscope="" itemtype="http://schema.org/QuantitativeValue">/<span itemprop="unitText">lb</span></span></td><td>$4.39/kg</td><td style="display: none;">2020-02-26</td><td style="display: none;">USA</td><td style="display: none;"></td><td style="display: none;"></td><td style="display: none;"></td><td style="display: none;"></td><td style="display: none;"></td><td style="display: none;"></td><td style="display: none;"><a class="recipeLink" href="/recipe_ingredient_search_results.php?query=(_QU5E__1__________569__[]_1_1)">Recipes with apples, green, Granny Smith</a></td></tr><tr role="row" class="odd"><td tabindex="0"><i class="fa fa-thumbs-down"></i></td><td class=" not_printable"><div class="addToGL" data-soscuisine-aisle="16" data-soscuisine-sip="3946021"><i class="fa fa-cart-plus" title="Add to My Grocery List"></i><div></div></div></td><td><img class="storeItemImage" itemprop="image" alt="blueberries" src="/media/images/store_item/87.jpg"></td><td>blueberries</td><td class="not_printable sorting_1">fruits</td><td><img style="width:50%;" src="/media/images/logos/marchands/36.png" alt="Sobeys"></td><td><span itemprop="price">$6.00</span><span itemprop="eligibleQuantity" itemscope="" itemtype="http://schema.org/QuantitativeValue">/<span itemprop="value">2</span>x<span itemprop="unitText">6oz (171g)</span></span></td><td>$17.54/kg</td><td style="display: none;">2020-02-26</td><td style="display: none;">Chile</td><td style="display: none;"></td><td style="display: none;"></td><td style="display: none;"></td><td style="display: none;"></td><td style="display: none;"></td><td style="display: none;"></td><td style="display: none;"><a class="recipeLink" href="/recipe_ingredient_search_results.php?query=(_QU5E__1__________87__[]_1_1)">Recipes with blueberries</a></td></tr><tr role="row" class="even"><td tabindex="0"><i class="fas fa-hand-rock"></i></td><td class=" not_printable"><div class="addToGL" data-soscuisine-aisle="16" data-soscuisine-sip="3946023"><i class="fa fa-cart-plus" title="Add to My Grocery List"></i><div></div></div></td><td><img class="storeItemImage" itemprop="image" alt="blueberries ORGANIC" src="/media/images/store_item/717.jpg"></td><td>blueberries ORGANIC</td><td class="not_printable sorting_1">fruits</td><td><img style="width:50%;" src="/media/images/logos/marchands/36.png" alt="Sobeys"></td><td><span itemprop="price">$7.00</span><span itemprop="eligibleQuantity" itemscope="" itemtype="http://schema.org/QuantitativeValue">/<span itemprop="value">2</span>x<span itemprop="unitText">6oz (171g)</span></span></td><td>$20.47/kg</td><td style="display: none;">2020-02-26</td><td style="display: none;">Chile</td><td style="display: none;"></td><td style="display: none;"></td><td style="display: none;"></td><td style="display: none;"></td><td style="display: none;"></td><td style="display: none;"></td><td style="display: none;"><a class="recipeLink" href="/recipe_ingredient_search_results.php?query=(_QU5E__1__________717__[]_1_1)">Recipes with blueberries ORGANIC</a></td></tr><tr role="row" class="odd"><td tabindex="0"><i class="fa fa-thumbs-up"></i></td><td class=" not_printable"><div class="addToGL" data-soscuisine-aisle="16" data-soscuisine-sip="3945101"><i class="fa fa-cart-plus" title="Add to My Grocery List"></i><div></div></div></td><td><img class="storeItemImage" itemprop="image" alt="cantaloupes" src="/media/images/store_item/74.jpg"></td><td>cantaloupes</td><td class="not_printable sorting_1">fruits</td><td><img style="width:50%;" src="/media/images/logos/marchands/32.png" alt="Atlantic Superstore"></td><td><span itemprop="price">$2.99</span><span itemprop="eligibleQuantity" itemscope="" itemtype="http://schema.org/QuantitativeValue"> ea.</span></td><td>$2.99/kg</td><td style="display: none;">2020-02-26</td><td style="display: none;">Guatemala</td><td style="display: none;"></td><td style="display: none;">standard</td><td style="display: none;"></td><td style="display: none;"></td><td style="display: none;"></td><td style="display: none;">or Honduras</td><td style="display: none;"><a class="recipeLink" href="/recipe_ingredient_search_results.php?query=(_QU5E__1__________74__[]_1_1)">Recipes with cantaloupes</a></td></tr><tr role="row" class="even"><td tabindex="0"><i class="fas fa-hand-rock"></i></td><td class=" not_printable"><div class="addToGL" data-soscuisine-aisle="16" data-soscuisine-sip="3946057"><i class="fa fa-cart-plus" title="Add to My Grocery List"></i><div></div></div></td><td><img class="storeItemImage" itemprop="image" alt="cantaloupes" src="/media/images/store_item/74.jpg"></td><td>cantaloupes</td><td class="not_printable sorting_1">fruits</td><td><img style="width:50%;" src="/media/images/logos/marchands/36.png" alt="Sobeys"></td><td><span itemprop="price">$3.99</span><span itemprop="eligibleQuantity" itemscope="" itemtype="http://schema.org/QuantitativeValue"> ea.</span></td><td>$3.99/kg</td><td style="display: none;">2020-02-26</td><td style="display: none;">Honduras</td><td style="display: none;"></td><td style="display: none;">standard</td><td style="display: none;"></td><td style="display: none;"></td><td style="display: none;"></td><td style="display: none;">or Guatemala</td><td style="display: none;"><a class="recipeLink" href="/recipe_ingredient_search_results.php?query=(_QU5E__1__________74__[]_1_1)">Recipes with cantaloupes</a></td></tr><tr role="row" class="odd"><td tabindex="0"><i class="fa fa-thumbs-up"></i></td><td class=" not_printable"><div class="addToGL" data-soscuisine-aisle="16" data-soscuisine-sip="3943597"><i class="fa fa-cart-plus" title="Add to My Grocery List"></i><div></div></div></td><td><img class="storeItemImage" itemprop="image" alt="clementines" src="/media/images/store_item/72.jpg"></td><td>clementines</td><td class="not_printable sorting_1">fruits</td><td><img style="width:50%;" src="/media/images/logos/marchands/50.png" alt="Foodland"></td><td><span itemprop="price">$3.97</span><span itemprop="eligibleQuantity" itemscope="" itemtype="http://schema.org/QuantitativeValue">/<span itemprop="unitText">4lb (1,81kg)</span></span></td><td>$2.19/kg</td><td style="display: none;">2020-02-26</td><td style="display: none;">Morocco</td><td style="display: none;"></td><td style="display: none;"></td><td style="display: none;"></td><td style="display: none;"></td><td style="display: none;"></td><td style="display: none;"></td><td style="display: none;"><a class="recipeLink" href="/recipe_ingredient_search_results.php?query=(_QU5E__1__________72__[]_1_1)">Recipes with clementines</a></td></tr><tr role="row" class="even"><td tabindex="0"><i class="fas fa-hand-rock"></i></td><td class=" not_printable"><div class="addToGL" data-soscuisine-aisle="16" data-soscuisine-sip="3945165"><i class="fa fa-cart-plus" title="Add to My Grocery List"></i><div></div></div></td><td><img class="storeItemImage" itemprop="image" alt="grapes" src="/media/images/store_item/73.jpg"></td><td>grapes</td><td class="not_printable sorting_1">fruits</td><td><img style="width:50%;" src="/media/images/logos/marchands/32.png" alt="Atlantic Superstore"></td><td><span itemprop="price">$2.99</span><span itemprop="eligibleQuantity" itemscope="" itemtype="http://schema.org/QuantitativeValue">/<span itemprop="unitText">lb</span></span></td><td>$6.59/kg</td><td style="display: none;">2020-02-26</td><td style="display: none;">South Africa</td><td style="display: none;"></td><td style="display: none;"></td><td style="display: none;">green, red</td><td style="display: none;">seedless</td><td style="display: none;"></td><td style="display: none;"></td><td style="display: none;"><a class="recipeLink" href="/recipe_ingredient_search_results.php?query=(_QU5E__1__________73__[]_1_1)">Recipes with grapes</a></td></tr><tr role="row" class="odd"><td tabindex="0"><i class="fas fa-hand-rock"></i></td><td class=" not_printable"><div class="addToGL" data-soscuisine-aisle="16" data-soscuisine-sip="3946599"><i class="fa fa-cart-plus" title="Add to My Grocery List"></i><div></div></div></td><td><img class="storeItemImage" itemprop="image" alt="grapes" src="/media/images/store_item/73.jpg"></td><td>grapes</td><td class="not_printable sorting_1">fruits</td><td><img style="width:50%;" src="/media/images/logos/marchands/36.png" alt="Sobeys"></td><td><span itemprop="price">$2.99</span><span itemprop="eligibleQuantity" itemscope="" itemtype="http://schema.org/QuantitativeValue">/<span itemprop="unitText">lb</span></span></td><td>$6.59/kg</td><td style="display: none;">2020-02-26</td><td style="display: none;">Peru</td><td style="display: none;"></td><td style="display: none;"></td><td style="display: none;">red, green, black</td><td style="display: none;">seedless</td><td style="display: none;"></td><td style="display: none;">or South Africa</td><td style="display: none;"><a class="recipeLink" href="/recipe_ingredient_search_results.php?query=(_QU5E__1__________73__[]_1_1)">Recipes with grapes</a></td></tr><tr role="row" class="even"><td tabindex="0"><i class="fa fa-thumbs-up"></i><i class="fa fa-thumbs-up"></i></td><td class=" not_printable"><div class="addToGL" data-soscuisine-aisle="16" data-soscuisine-sip="3942205"><i class="fa fa-cart-plus" title="Add to My Grocery List"></i><div></div></div></td><td><img class="storeItemImage" itemprop="image" alt="grapes" src="/media/images/store_item/73.jpg"></td><td>grapes</td><td class="not_printable sorting_1">fruits</td><td><img style="width:50%;" src="/media/images/logos/marchands/100.png" alt="Your Independent Grocer"></td><td><span itemprop="price">$1.99</span><span itemprop="eligibleQuantity" itemscope="" itemtype="http://schema.org/QuantitativeValue">/<span itemprop="unitText">lb</span></span></td><td>$4.39/kg</td><td style="display: none;">2020-02-26</td><td style="display: none;">Chile</td><td style="display: none;"></td><td style="display: none;"></td><td style="display: none;">red or green, seedless</td><td style="display: none;"></td><td style="display: none;"></td><td style="display: none;">or South-Africa</td><td style="display: none;"><a class="recipeLink" href="/recipe_ingredient_search_results.php?query=(_QU5E__1__________73__[]_1_1)">Recipes with grapes</a></td></tr><tr role="row" class="odd"><td tabindex="0"><i class="fa fa-thumbs-down"></i></td><td class=" not_printable"><div class="addToGL" data-soscuisine-aisle="16" data-soscuisine-sip="3946155"><i class="fa fa-cart-plus" title="Add to My Grocery List"></i><div></div></div></td><td><img class="storeItemImage" itemprop="image" alt="kiwis" src="/media/images/store_item/108.jpg"></td><td>kiwis</td><td class="not_printable sorting_1">fruits</td><td><img style="width:50%;" src="/media/images/logos/marchands/32.png" alt="Atlantic Superstore"></td><td><span itemprop="price">$4.99</span><span itemprop="eligibleQuantity" itemscope="" itemtype="http://schema.org/QuantitativeValue">/<span itemprop="unitText">454g (1lb)</span></span></td><td>$11.00/kg</td><td style="display: none;">2020-02-26</td><td style="display: none;">Italy</td><td style="display: none;"></td><td style="display: none;"></td><td style="display: none;">Gold</td><td style="display: none;"></td><td style="display: none;"></td><td style="display: none;"></td><td style="display: none;"><a class="recipeLink" href="/recipe_ingredient_search_results.php?query=(_QU5E__1__________108__[]_1_1)">Recipes with kiwis</a></td></tr><tr role="row" class="even"><td tabindex="0"><i class="fa fa-thumbs-up"></i></td><td class=" not_printable"><div class="addToGL" data-soscuisine-aisle="16" data-soscuisine-sip="3943739"><i class="fa fa-cart-plus" title="Add to My Grocery List"></i><div></div></div></td><td><img class="storeItemImage" itemprop="image" alt="kiwis" src="/media/images/store_item/108.jpg"></td><td>kiwis</td><td class="not_printable sorting_1">fruits</td><td><img style="width:50%;" src="/media/images/logos/marchands/50.png" alt="Foodland"></td><td><span itemprop="price">$1.00</span><span itemprop="eligibleQuantity" itemscope="" itemtype="http://schema.org/QuantitativeValue">/<span itemprop="value">2</span></span></td><td>$5.56/kg</td><td style="display: none;">2020-02-26</td><td style="display: none;">N. Zealand</td><td style="display: none;"></td><td style="display: none;">standard</td><td style="display: none;"></td><td style="display: none;"></td><td style="display: none;"></td><td style="display: none;">or Italy</td><td style="display: none;"><a class="recipeLink" href="/recipe_ingredient_search_results.php?query=(_QU5E__1__________108__[]_1_1)">Recipes with kiwis</a></td></tr><tr role="row" class="odd"><td tabindex="0"><i class="fa fa-thumbs-up"></i></td><td class=" not_printable"><div class="addToGL" data-soscuisine-aisle="16" data-soscuisine-sip="3942535"><i class="fa fa-cart-plus" title="Add to My Grocery List"></i><div></div></div></td><td><img class="storeItemImage" itemprop="image" alt="kiwis" src="/media/images/store_item/108.jpg"></td><td>kiwis</td><td class="not_printable sorting_1">fruits</td><td><img style="width:50%;" src="/media/images/logos/marchands/97.png" alt="No Frills"></td><td><span itemprop="price">$0.50</span><span itemprop="eligibleQuantity" itemscope="" itemtype="http://schema.org/QuantitativeValue"> ea.</span></td><td>$5.56/kg</td><td style="display: none;">2020-02-26</td><td style="display: none;">Italy</td><td style="display: none;"></td><td style="display: none;">standard</td><td style="display: none;"></td><td style="display: none;"></td><td style="display: none;"></td><td style="display: none;"></td><td style="display: none;"><a class="recipeLink" href="/recipe_ingredient_search_results.php?query=(_QU5E__1__________108__[]_1_1)">Recipes with kiwis</a></td></tr><tr role="row" class="even"><td tabindex="0"><i class="fa fa-thumbs-up"></i><i class="fa fa-thumbs-up"></i></td><td class=" not_printable"><div class="addToGL" data-soscuisine-aisle="16" data-soscuisine-sip="3943767"><i class="fa fa-cart-plus" title="Add to My Grocery List"></i><div></div></div></td><td><img class="storeItemImage" itemprop="image" alt="lemons" src="/media/images/store_item/372.jpg"></td><td>lemons</td><td class="not_printable sorting_1">fruits</td><td><img style="width:50%;" src="/media/images/logos/marchands/50.png" alt="Foodland"></td><td><span itemprop="price">$3.99</span><span itemprop="eligibleQuantity" itemscope="" itemtype="http://schema.org/QuantitativeValue">/<span itemprop="unitText">2lb (907g)</span></span></td><td>$4.40/kg</td><td style="display: none;">2020-02-26</td><td style="display: none;">Morocco</td><td style="display: none;"></td><td style="display: none;"></td><td style="display: none;"></td><td style="display: none;"></td><td style="display: none;"></td><td style="display: none;"></td><td style="display: none;"><a class="recipeLink" href="/recipe_ingredient_search_results.php?query=(_QU5E__1__________372__[]_1_1)">Recipes with lemons</a></td></tr><tr role="row" class="odd"><td tabindex="0"><i class="fa fa-thumbs-up"></i><i class="fa fa-thumbs-up"></i></td><td class=" not_printable"><div class="addToGL" data-soscuisine-aisle="16" data-soscuisine-sip="3942539"><i class="fa fa-cart-plus" title="Add to My Grocery List"></i><div></div></div></td><td><img class="storeItemImage" itemprop="image" alt="limes" src="/media/images/store_item/373.jpg"></td><td>limes</td><td class="not_printable sorting_1">fruits</td><td><img style="width:50%;" src="/media/images/logos/marchands/97.png" alt="No Frills"></td><td><span itemprop="price">$0.34</span><span itemprop="eligibleQuantity" itemscope="" itemtype="http://schema.org/QuantitativeValue"> ea.</span></td><td>$3.78/kg</td><td style="display: none;">2020-02-26</td><td style="display: none;">Mexico</td><td style="display: none;"></td><td style="display: none;">standard</td><td style="display: none;"></td><td style="display: none;"></td><td style="display: none;"></td><td style="display: none;"></td><td style="display: none;"><a class="recipeLink" href="/recipe_ingredient_search_results.php?query=(_QU5E__1__________373__[]_1_1)">Recipes with limes</a></td></tr><tr role="row" class="even"><td tabindex="0"><i class="fa fa-thumbs-up"></i></td><td class=" not_printable"><div class="addToGL" data-soscuisine-aisle="16" data-soscuisine-sip="3946175"><i class="fa fa-cart-plus" title="Add to My Grocery List"></i><div></div></div></td><td><img class="storeItemImage" itemprop="image" alt="mangoes" src="/media/images/store_item/59.jpg"></td><td>mangoes</td><td class="not_printable sorting_1">fruits</td><td><img style="width:50%;" src="/media/images/logos/marchands/32.png" alt="Atlantic Superstore"></td><td><span itemprop="price">$3.99</span><span itemprop="eligibleQuantity" itemscope="" itemtype="http://schema.org/QuantitativeValue">/<span itemprop="unitText">3-pack</span></span></td><td>$4.43/kg</td><td style="display: none;">2020-02-26</td><td style="display: none;">Peru</td><td style="display: none;"></td><td style="display: none;">standard</td><td style="display: none;">red</td><td style="display: none;"></td><td style="display: none;"></td><td style="display: none;"></td><td style="display: none;"><a class="recipeLink" href="/recipe_ingredient_search_results.php?query=(_QU5E__1__________59__[]_1_1)">Recipes with mangoes</a></td></tr><tr role="row" class="odd"><td tabindex="0"><i class="fas fa-hand-rock"></i></td><td class=" not_printable"><div class="addToGL" data-soscuisine-aisle="16" data-soscuisine-sip="3946143"><i class="fa fa-cart-plus" title="Add to My Grocery List"></i><div></div></div></td><td><img class="storeItemImage" itemprop="image" alt="mangoes" src="/media/images/store_item/59.jpg"></td><td>mangoes</td><td class="not_printable sorting_1">fruits</td><td><img style="width:50%;" src="/media/images/logos/marchands/32.png" alt="Atlantic Superstore"></td><td><span itemprop="price">$4.98</span><span itemprop="eligibleQuantity" itemscope="" itemtype="http://schema.org/QuantitativeValue">/<span itemprop="value">3</span></span></td><td>$5.53/kg</td><td style="display: none;">2020-02-26</td><td style="display: none;">Mexico</td><td style="display: none;"></td><td style="display: none;">standard</td><td style="display: none;">Ataulfo</td><td style="display: none;"></td><td style="display: none;"></td><td style="display: none;"></td><td style="display: none;"><a class="recipeLink" href="/recipe_ingredient_search_results.php?query=(_QU5E__1__________59__[]_1_1)">Recipes with mangoes</a></td></tr><tr role="row" class="even"><td tabindex="0"><i class="fas fa-hand-rock"></i></td><td class=" not_printable"><div class="addToGL" data-soscuisine-aisle="16" data-soscuisine-sip="3946139"><i class="fa fa-cart-plus" title="Add to My Grocery List"></i><div></div></div></td><td><img class="storeItemImage" itemprop="image" alt="mangoes" src="/media/images/store_item/59.jpg"></td><td>mangoes</td><td class="not_printable sorting_1">fruits</td><td><img style="width:50%;" src="/media/images/logos/marchands/32.png" alt="Atlantic Superstore"></td><td><span itemprop="price">$1.99</span><span itemprop="eligibleQuantity" itemscope="" itemtype="http://schema.org/QuantitativeValue"> ea.</span></td><td>$6.63/kg</td><td style="display: none;">2020-02-26</td><td style="display: none;">Mexico</td><td style="display: none;"></td><td style="display: none;">standard</td><td style="display: none;">Ataulfo</td><td style="display: none;"></td><td style="display: none;"></td><td style="display: none;"></td><td style="display: none;"><a class="recipeLink" href="/recipe_ingredient_search_results.php?query=(_QU5E__1__________59__[]_1_1)">Recipes with mangoes</a></td></tr><tr role="row" class="odd"><td tabindex="0"><i class="fas fa-hand-rock"></i></td><td class=" not_printable"><div class="addToGL" data-soscuisine-aisle="16" data-soscuisine-sip="3945131"><i class="fa fa-cart-plus" title="Add to My Grocery List"></i><div></div></div></td><td><img class="storeItemImage" itemprop="image" alt="mangoes" src="/media/images/store_item/59.jpg"></td><td>mangoes</td><td class="not_printable sorting_1">fruits</td><td><img style="width:50%;" src="/media/images/logos/marchands/32.png" alt="Atlantic Superstore"></td><td><span itemprop="price">$5.00</span><span itemprop="eligibleQuantity" itemscope="" itemtype="http://schema.org/QuantitativeValue">/<span itemprop="value">2</span></span></td><td>$8.33/kg</td><td style="display: none;">2020-02-26</td><td style="display: none;">Peru</td><td style="display: none;">house brand</td><td style="display: none;">standard</td><td style="display: none;">Kent</td><td style="display: none;"></td><td style="display: none;"></td><td style="display: none;"></td><td style="display: none;"><a class="recipeLink" href="/recipe_ingredient_search_results.php?query=(_QU5E__1__________59__[]_1_1)">Recipes with mangoes</a></td></tr><tr role="row" class="even"><td tabindex="0"><i class="fa fa-thumbs-down"></i></td><td class=" not_printable"><div class="addToGL" data-soscuisine-aisle="16" data-soscuisine-sip="3945129"><i class="fa fa-cart-plus" title="Add to My Grocery List"></i><div></div></div></td><td><img class="storeItemImage" itemprop="image" alt="mangoes" src="/media/images/store_item/59.jpg"></td><td>mangoes</td><td class="not_printable sorting_1">fruits</td><td><img style="width:50%;" src="/media/images/logos/marchands/32.png" alt="Atlantic Superstore"></td><td><span itemprop="price">$2.99</span><span itemprop="eligibleQuantity" itemscope="" itemtype="http://schema.org/QuantitativeValue"> ea.</span></td><td>$9.97/kg</td><td style="display: none;">2020-02-26</td><td style="display: none;">Peru</td><td style="display: none;">house brand</td><td style="display: none;">standard</td><td style="display: none;">Kent</td><td style="display: none;"></td><td style="display: none;"></td><td style="display: none;"></td><td style="display: none;"><a class="recipeLink" href="/recipe_ingredient_search_results.php?query=(_QU5E__1__________59__[]_1_1)">Recipes with mangoes</a></td></tr><tr role="row" class="odd"><td tabindex="0"><i class="fas fa-hand-rock"></i></td><td class=" not_printable"><div class="addToGL" data-soscuisine-aisle="16" data-soscuisine-sip="3943735"><i class="fa fa-cart-plus" title="Add to My Grocery List"></i><div></div></div></td><td><img class="storeItemImage" itemprop="image" alt="mangoes" src="/media/images/store_item/59.jpg"></td><td>mangoes</td><td class="not_printable sorting_1">fruits</td><td><img style="width:50%;" src="/media/images/logos/marchands/50.png" alt="Foodland"></td><td><span itemprop="price">$1.49</span><span itemprop="eligibleQuantity" itemscope="" itemtype="http://schema.org/QuantitativeValue"> ea.</span></td><td>$4.97/kg</td><td style="display: none;">2020-02-26</td><td style="display: none;">Peru</td><td style="display: none;"></td><td style="display: none;">standard</td><td style="display: none;"></td><td style="display: none;"></td><td style="display: none;"></td><td style="display: none;"></td><td style="display: none;"><a class="recipeLink" href="/recipe_ingredient_search_results.php?query=(_QU5E__1__________59__[]_1_1)">Recipes with mangoes</a></td></tr><tr role="row" class="even"><td tabindex="0"><i class="fa fa-thumbs-up"></i><i class="fa fa-thumbs-up"></i></td><td class=" not_printable"><div class="addToGL" data-soscuisine-aisle="16" data-soscuisine-sip="3942475"><i class="fa fa-cart-plus" title="Add to My Grocery List"></i><div></div></div></td><td><img class="storeItemImage" itemprop="image" alt="mangoes" src="/media/images/store_item/59.jpg"></td><td>mangoes</td><td class="not_printable sorting_1">fruits</td><td><img style="width:50%;" src="/media/images/logos/marchands/97.png" alt="No Frills"></td><td><span itemprop="price">$1.00</span><span itemprop="eligibleQuantity" itemscope="" itemtype="http://schema.org/QuantitativeValue"> ea.</span></td><td>$3.33/kg</td><td style="display: none;">2020-02-26</td><td style="display: none;">Peru</td><td style="display: none;"></td><td style="display: none;">standard</td><td style="display: none;">red</td><td style="display: none;"></td><td style="display: none;"></td><td style="display: none;"></td><td style="display: none;"><a class="recipeLink" href="/recipe_ingredient_search_results.php?query=(_QU5E__1__________59__[]_1_1)">Recipes with mangoes</a></td></tr><tr role="row" class="odd"><td tabindex="0"><i class="fa fa-thumbs-up"></i></td><td class=" not_printable"><div class="addToGL" data-soscuisine-aisle="16" data-soscuisine-sip="3941061"><i class="fa fa-cart-plus" title="Add to My Grocery List"></i><div></div></div></td><td><img class="storeItemImage" itemprop="image" alt="mangoes" src="/media/images/store_item/59.jpg"></td><td>mangoes</td><td class="not_printable sorting_1">fruits</td><td><img style="width:50%;" src="/media/images/logos/marchands/76.png" alt="Walmart"></td><td><span itemprop="price">$1.47</span><span itemprop="eligibleQuantity" itemscope="" itemtype="http://schema.org/QuantitativeValue"> ea.</span></td><td>$4.90/kg</td><td style="display: none;">2020-02-26</td><td style="display: none;">Mexico</td><td style="display: none;"></td><td style="display: none;">standard</td><td style="display: none;">Ataulfo</td><td style="display: none;"></td><td style="display: none;"></td><td style="display: none;">or red, Peru,  supercentres only</td><td style="display: none;"><a class="recipeLink" href="/recipe_ingredient_search_results.php?query=(_QU5E__1__________59__[]_1_1)">Recipes with mangoes</a></td></tr><tr role="row" class="even"><td tabindex="0"><i class="fas fa-hand-rock"></i></td><td class=" not_printable"><div class="addToGL" data-soscuisine-aisle="16" data-soscuisine-sip="3942385"><i class="fa fa-cart-plus" title="Add to My Grocery List"></i><div></div></div></td><td><img class="storeItemImage" itemprop="image" alt="mangoes" src="/media/images/store_item/59.jpg"></td><td>mangoes</td><td class="not_printable sorting_1">fruits</td><td><img style="width:50%;" src="/media/images/logos/marchands/100.png" alt="Your Independent Grocer"></td><td><span itemprop="price">$5.00</span><span itemprop="eligibleQuantity" itemscope="" itemtype="http://schema.org/QuantitativeValue">/<span itemprop="value">2</span></span></td><td>$8.33/kg</td><td style="display: none;">2020-02-26</td><td style="display: none;">Peru</td><td style="display: none;"></td><td style="display: none;">standard</td><td style="display: none;">Kent</td><td style="display: none;"></td><td style="display: none;"></td><td style="display: none;"></td><td style="display: none;"><a class="recipeLink" href="/recipe_ingredient_search_results.php?query=(_QU5E__1__________59__[]_1_1)">Recipes with mangoes</a></td></tr><tr role="row" class="odd"><td tabindex="0"><i class="fa fa-thumbs-down"></i></td><td class=" not_printable"><div class="addToGL" data-soscuisine-aisle="16" data-soscuisine-sip="3942391"><i class="fa fa-cart-plus" title="Add to My Grocery List"></i><div></div></div></td><td><img class="storeItemImage" itemprop="image" alt="mangoes" src="/media/images/store_item/59.jpg"></td><td>mangoes</td><td class="not_printable sorting_1">fruits</td><td><img style="width:50%;" src="/media/images/logos/marchands/100.png" alt="Your Independent Grocer"></td><td><span itemprop="price">$2.99</span><span itemprop="eligibleQuantity" itemscope="" itemtype="http://schema.org/QuantitativeValue"> ea.</span></td><td>$9.97/kg</td><td style="display: none;">2020-02-26</td><td style="display: none;">Peru</td><td style="display: none;"></td><td style="display: none;">standard</td><td style="display: none;">Kent</td><td style="display: none;"></td><td style="display: none;"></td><td style="display: none;"></td><td style="display: none;"><a class="recipeLink" href="/recipe_ingredient_search_results.php?query=(_QU5E__1__________59__[]_1_1)">Recipes with mangoes</a></td></tr><tr role="row" class="even"><td tabindex="0"><i class="fas fa-exclamation"></i></td><td class=" not_printable"><div class="addToGL" data-soscuisine-aisle="16" data-soscuisine-sip="3946055"><i class="fa fa-cart-plus" title="Add to My Grocery List"></i><div></div></div></td><td><img class="storeItemImage" itemprop="image" alt="mangoes ORGANIC" src="/media/images/store_item/688.jpg"></td><td>mangoes ORGANIC</td><td class="not_printable sorting_1">fruits</td><td><img style="width:50%;" src="/media/images/logos/marchands/36.png" alt="Sobeys"></td><td><span itemprop="price">$5.00</span><span itemprop="eligibleQuantity" itemscope="" itemtype="http://schema.org/QuantitativeValue">/<span itemprop="value">2</span></span></td><td>$8.33/kg</td><td style="display: none;">2020-02-26</td><td style="display: none;"></td><td style="display: none;"></td><td style="display: none;">standard</td><td style="display: none;">red</td><td style="display: none;"></td><td style="display: none;"></td><td style="display: none;"></td><td style="display: none;"><a class="recipeLink" href="/recipe_ingredient_search_results.php?query=(_QU5E__1__________688__[]_1_1)">Recipes with mangoes ORGANIC</a></td></tr><tr role="row" class="odd"><td tabindex="0"><i class="fas fa-hand-rock"></i></td><td class=" not_printable"><div class="addToGL" data-soscuisine-aisle="16" data-soscuisine-sip="3946217"><i class="fa fa-cart-plus" title="Add to My Grocery List"></i><div></div></div></td><td><img class="storeItemImage" itemprop="image" alt="melons" src="/media/images/store_item/392.jpg"></td><td>melons</td><td class="not_printable sorting_1">fruits</td><td><img style="width:50%;" src="/media/images/logos/marchands/32.png" alt="Atlantic Superstore"></td><td><span itemprop="price">$1.69</span><span itemprop="eligibleQuantity" itemscope="" itemtype="http://schema.org/QuantitativeValue">/<span itemprop="unitText">lb</span></span></td><td>$3.73/kg</td><td style="display: none;">2020-02-26</td><td style="display: none;">Brazil</td><td style="display: none;"></td><td style="display: none;"></td><td style="display: none;">Juan Canary</td><td style="display: none;"></td><td style="display: none;"></td><td style="display: none;">or Piel De Sapo</td><td style="display: none;"><a class="recipeLink" href="/recipe_ingredient_search_results.php?query=(_QU5E__1__________392__[]_1_1)">Recipes with melons</a></td></tr><tr role="row" class="even"><td tabindex="0"><i class="fa fa-thumbs-down"></i></td><td class=" not_printable"><div class="addToGL" data-soscuisine-aisle="16" data-soscuisine-sip="3946221"><i class="fa fa-cart-plus" title="Add to My Grocery List"></i><div></div></div></td><td><img class="storeItemImage" itemprop="image" alt="melons" src="/media/images/store_item/392.jpg"></td><td>melons</td><td class="not_printable sorting_1">fruits</td><td><img style="width:50%;" src="/media/images/logos/marchands/32.png" alt="Atlantic Superstore"></td><td><span itemprop="price">$5.99</span><span itemprop="eligibleQuantity" itemscope="" itemtype="http://schema.org/QuantitativeValue"> ea.</span></td><td>$7.49/kg</td><td style="display: none;">2020-02-26</td><td style="display: none;">Guatemala</td><td style="display: none;"></td><td style="display: none;">standard</td><td style="display: none;">honeydew</td><td style="display: none;"></td><td style="display: none;"></td><td style="display: none;">or Honduras</td><td style="display: none;"><a class="recipeLink" href="/recipe_ingredient_search_results.php?query=(_QU5E__1__________392__[]_1_1)">Recipes with melons</a></td></tr><tr role="row" class="odd"><td tabindex="0"><i class="fa fa-thumbs-down"></i></td><td class=" not_printable"><div class="addToGL" data-soscuisine-aisle="16" data-soscuisine-sip="3945137"><i class="fa fa-cart-plus" title="Add to My Grocery List"></i><div></div></div></td><td><img class="storeItemImage" itemprop="image" alt="oranges" src="/media/images/store_item/68.jpg"></td><td>oranges</td><td class="not_printable sorting_1">fruits</td><td><img style="width:50%;" src="/media/images/logos/marchands/32.png" alt="Atlantic Superstore"></td><td><span itemprop="price">$5.99</span><span itemprop="eligibleQuantity" itemscope="" itemtype="http://schema.org/QuantitativeValue">/<span itemprop="unitText">2lb (907g)</span></span></td><td>$6.60/kg</td><td style="display: none;">2020-02-26</td><td style="display: none;">USA</td><td style="display: none;">house brand</td><td style="display: none;"></td><td style="display: none;">blood</td><td style="display: none;"></td><td style="display: none;"></td><td style="display: none;"></td><td style="display: none;"><a class="recipeLink" href="/recipe_ingredient_search_results.php?query=(_QU5E__1__________68__[]_1_1)">Recipes with oranges</a></td></tr><tr role="row" class="even"><td tabindex="0"><i class="fa fa-thumbs-up"></i><i class="fa fa-thumbs-up"></i></td><td class=" not_printable"><div class="addToGL" data-soscuisine-aisle="16" data-soscuisine-sip="3942477"><i class="fa fa-cart-plus" title="Add to My Grocery List"></i><div></div></div></td><td><img class="storeItemImage" itemprop="image" alt="oranges" src="/media/images/store_item/68.jpg"></td><td>oranges</td><td class="not_printable sorting_1">fruits</td><td><img style="width:50%;" src="/media/images/logos/marchands/97.png" alt="No Frills"></td><td><span itemprop="price">$1.00</span><span itemprop="eligibleQuantity" itemscope="" itemtype="http://schema.org/QuantitativeValue">/<span itemprop="unitText">lb</span></span></td><td>$2.20/kg</td><td style="display: none;">2020-02-26</td><td style="display: none;">Spain</td><td style="display: none;"></td><td style="display: none;"></td><td style="display: none;"></td><td style="display: none;"></td><td style="display: none;"></td><td style="display: none;"></td><td style="display: none;"><a class="recipeLink" href="/recipe_ingredient_search_results.php?query=(_QU5E__1__________68__[]_1_1)">Recipes with oranges</a></td></tr><tr role="row" class="odd"><td tabindex="0"><i class="fas fa-hand-rock"></i></td><td class=" not_printable"><div class="addToGL" data-soscuisine-aisle="16" data-soscuisine-sip="3946089"><i class="fa fa-cart-plus" title="Add to My Grocery List"></i><div></div></div></td><td><img class="storeItemImage" itemprop="image" alt="oranges" src="/media/images/store_item/68.jpg"></td><td>oranges</td><td class="not_printable sorting_1">fruits</td><td><img style="width:50%;" src="/media/images/logos/marchands/36.png" alt="Sobeys"></td><td><span itemprop="price">$1.49</span><span itemprop="eligibleQuantity" itemscope="" itemtype="http://schema.org/QuantitativeValue">/<span itemprop="unitText">lb</span></span></td><td>$3.28/kg</td><td style="display: none;">2020-02-26</td><td style="display: none;">USA</td><td style="display: none;"></td><td style="display: none;"></td><td style="display: none;">Navel</td><td style="display: none;"></td><td style="display: none;"></td><td style="display: none;"></td><td style="display: none;"><a class="recipeLink" href="/recipe_ingredient_search_results.php?query=(_QU5E__1__________68__[]_1_1)">Recipes with oranges</a></td></tr><tr role="row" class="even"><td tabindex="0"><i class="fas fa-hand-rock"></i></td><td class=" not_printable"><div class="addToGL" data-soscuisine-aisle="16" data-soscuisine-sip="3941059"><i class="fa fa-cart-plus" title="Add to My Grocery List"></i><div></div></div></td><td><img class="storeItemImage" itemprop="image" alt="oranges" src="/media/images/store_item/68.jpg"></td><td>oranges</td><td class="not_printable sorting_1">fruits</td><td><img style="width:50%;" src="/media/images/logos/marchands/76.png" alt="Walmart"></td><td><span itemprop="price">$1.67</span><span itemprop="eligibleQuantity" itemscope="" itemtype="http://schema.org/QuantitativeValue">/<span itemprop="unitText">lb</span></span></td><td>$3.68/kg</td><td style="display: none;">2020-02-26</td><td style="display: none;">USA</td><td style="display: none;"></td><td style="display: none;"></td><td style="display: none;"></td><td style="display: none;">seedless</td><td style="display: none;"></td><td style="display: none;">supercentres only</td><td style="display: none;"><a class="recipeLink" href="/recipe_ingredient_search_results.php?query=(_QU5E__1__________68__[]_1_1)">Recipes with oranges</a></td></tr><tr role="row" class="odd"><td tabindex="0"><i class="fas fa-exclamation"></i></td><td class=" not_printable"><div class="addToGL" data-soscuisine-aisle="16" data-soscuisine-sip="3946169"><i class="fa fa-cart-plus" title="Add to My Grocery List"></i><div></div></div></td><td><img class="storeItemImage" itemprop="image" alt="papayas, red, jumbo" src="/media/images/store_item/580.jpg"></td><td>papayas, red, jumbo</td><td class="not_printable sorting_1">fruits</td><td><img style="width:50%;" src="/media/images/logos/marchands/32.png" alt="Atlantic Superstore"></td><td><span itemprop="price">$1.99</span><span itemprop="eligibleQuantity" itemscope="" itemtype="http://schema.org/QuantitativeValue">/<span itemprop="unitText">lb</span></span></td><td>$4.39/kg</td><td style="display: none;">2020-02-26</td><td style="display: none;">Mexico</td><td style="display: none;"></td><td style="display: none;"></td><td style="display: none;"></td><td style="display: none;"></td><td style="display: none;"></td><td style="display: none;"></td><td style="display: none;"><a class="recipeLink" href="/recipe_ingredient_search_results.php?query=(_QU5E__1__________580__[]_1_1)">Recipes with papayas, red, jumbo</a></td></tr><tr role="row" class="even"><td tabindex="0"><i class="fas fa-circle"></i></td><td class=" not_printable"><div class="addToGL" data-soscuisine-aisle="16" data-soscuisine-sip="3946163"><i class="fa fa-cart-plus" title="Add to My Grocery List"></i><div></div></div></td><td><img class="storeItemImage" itemprop="image" alt="passion fruits" src="/media/images/store_item/1139.jpg"></td><td>passion fruits</td><td class="not_printable sorting_1">fruits</td><td><img style="width:50%;" src="/media/images/logos/marchands/32.png" alt="Atlantic Superstore"></td><td><span itemprop="price">$1.99</span><span itemprop="eligibleQuantity" itemscope="" itemtype="http://schema.org/QuantitativeValue"> ea.</span></td><td>N/A</td><td style="display: none;">2020-02-26</td><td style="display: none;">Colombia</td><td style="display: none;"></td><td style="display: none;">standard</td><td style="display: none;"></td><td style="display: none;"></td><td style="display: none;"></td><td style="display: none;"></td><td style="display: none;"><a class="recipeLink" href="/recipe_ingredient_search_results.php?query=(_QU5E__1__________1139__[]_1_1)">Recipes with passion fruits</a></td></tr><tr role="row" class="odd"><td tabindex="0"><i class="fas fa-hand-rock"></i></td><td class=" not_printable"><div class="addToGL" data-soscuisine-aisle="16" data-soscuisine-sip="3943705"><i class="fa fa-cart-plus" title="Add to My Grocery List"></i><div></div></div></td><td><img class="storeItemImage" itemprop="image" alt="pears" src="/media/images/store_item/76.jpg"></td><td>pears</td><td class="not_printable sorting_1">fruits</td><td><img style="width:50%;" src="/media/images/logos/marchands/50.png" alt="Foodland"></td><td><span itemprop="price">$2.29</span><span itemprop="eligibleQuantity" itemscope="" itemtype="http://schema.org/QuantitativeValue">/<span itemprop="unitText">lb</span></span></td><td>$5.05/kg</td><td style="display: none;">2020-02-26</td><td style="display: none;">USA</td><td style="display: none;"></td><td style="display: none;"></td><td style="display: none;">Bosc</td><td style="display: none;"></td><td style="display: none;"></td><td style="display: none;"></td><td style="display: none;"><a class="recipeLink" href="/recipe_ingredient_search_results.php?query=(_QU5E__1__________76__[]_1_1)">Recipes with pears</a></td></tr><tr role="row" class="even"><td tabindex="0"><i class="fa fa-thumbs-up"></i></td><td class=" not_printable"><div class="addToGL" data-soscuisine-aisle="16" data-soscuisine-sip="3946075"><i class="fa fa-cart-plus" title="Add to My Grocery List"></i><div></div></div></td><td><img class="storeItemImage" itemprop="image" alt="pears" src="/media/images/store_item/76.jpg"></td><td>pears</td><td class="not_printable sorting_1">fruits</td><td><img style="width:50%;" src="/media/images/logos/marchands/36.png" alt="Sobeys"></td><td><span itemprop="price">$1.99</span><span itemprop="eligibleQuantity" itemscope="" itemtype="http://schema.org/QuantitativeValue">/<span itemprop="unitText">lb</span></span></td><td>$4.39/kg</td><td style="display: none;">2020-02-26</td><td style="display: none;">South Africa</td><td style="display: none;"></td><td style="display: none;"></td><td style="display: none;">Bartlett</td><td style="display: none;"></td><td style="display: none;"></td><td style="display: none;"></td><td style="display: none;"><a class="recipeLink" href="/recipe_ingredient_search_results.php?query=(_QU5E__1__________76__[]_1_1)">Recipes with pears</a></td></tr><tr role="row" class="odd"><td tabindex="0"><i class="fas fa-exclamation"></i></td><td class=" not_printable"><div class="addToGL" data-soscuisine-aisle="16" data-soscuisine-sip="3945167"><i class="fa fa-cart-plus" title="Add to My Grocery List"></i><div></div></div></td><td><img class="storeItemImage" itemprop="image" alt="plumcots/pluots" src="/media/images/store_item/862.jpg"></td><td>plumcots/pluots</td><td class="not_printable sorting_1">fruits</td><td><img style="width:50%;" src="/media/images/logos/marchands/32.png" alt="Atlantic Superstore"></td><td><span itemprop="price">$3.99</span><span itemprop="eligibleQuantity" itemscope="" itemtype="http://schema.org/QuantitativeValue">/<span itemprop="unitText">lb</span></span></td><td>$8.80/kg</td><td style="display: none;">2020-02-26</td><td style="display: none;">Chile</td><td style="display: none;"></td><td style="display: none;"></td><td style="display: none;"></td><td style="display: none;"></td><td style="display: none;"></td><td style="display: none;"></td><td style="display: none;"><a class="recipeLink" href="/recipe_ingredient_search_results.php?query=(_QU5E__1__________862__[]_1_1)">Recipes with plumcots/pluots</a></td></tr><tr role="row" class="even"><td tabindex="0"><i class="fas fa-exclamation"></i></td><td class=" not_printable"><div class="addToGL" data-soscuisine-aisle="16" data-soscuisine-sip="3942399"><i class="fa fa-cart-plus" title="Add to My Grocery List"></i><div></div></div></td><td><img class="storeItemImage" itemprop="image" alt="plumcots/pluots" src="/media/images/store_item/862.jpg"></td><td>plumcots/pluots</td><td class="not_printable sorting_1">fruits</td><td><img style="width:50%;" src="/media/images/logos/marchands/100.png" alt="Your Independent Grocer"></td><td><span itemprop="price">$4.49</span><span itemprop="eligibleQuantity" itemscope="" itemtype="http://schema.org/QuantitativeValue">/<span itemprop="unitText">lb</span></span></td><td>$9.90/kg</td><td style="display: none;">2020-02-26</td><td style="display: none;">Chile</td><td style="display: none;"></td><td style="display: none;"></td><td style="display: none;"></td><td style="display: none;"></td><td style="display: none;"></td><td style="display: none;"></td><td style="display: none;"><a class="recipeLink" href="/recipe_ingredient_search_results.php?query=(_QU5E__1__________862__[]_1_1)">Recipes with plumcots/pluots</a></td></tr><tr role="row" class="odd"><td tabindex="0"><i class="fa fa-thumbs-up"></i><i class="fa fa-thumbs-up"></i></td><td class=" not_printable"><div class="addToGL" data-soscuisine-aisle="16" data-soscuisine-sip="3945099"><i class="fa fa-cart-plus" title="Add to My Grocery List"></i><div></div></div></td><td><img class="storeItemImage" itemprop="image" alt="raspberries" src="/media/images/store_item/84.jpg"></td><td>raspberries</td><td class="not_printable sorting_1">fruits</td><td><img style="width:50%;" src="/media/images/logos/marchands/32.png" alt="Atlantic Superstore"></td><td><span itemprop="price">$2.49</span><span itemprop="eligibleQuantity" itemscope="" itemtype="http://schema.org/QuantitativeValue">/<span itemprop="unitText">6oz (171g)</span></span></td><td>$14.56/kg</td><td style="display: none;">2020-02-26</td><td style="display: none;">USA</td><td style="display: none;"></td><td style="display: none;"></td><td style="display: none;"></td><td style="display: none;"></td><td style="display: none;"></td><td style="display: none;">or Mexico</td><td style="display: none;"><a class="recipeLink" href="/recipe_ingredient_search_results.php?query=(_QU5E__1__________84__[]_1_1)">Recipes with raspberries</a></td></tr><tr role="row" class="even"><td tabindex="0"><i class="fa fa-thumbs-up"></i></td><td class=" not_printable"><div class="addToGL" data-soscuisine-aisle="16" data-soscuisine-sip="3945139"><i class="fa fa-cart-plus" title="Add to My Grocery List"></i><div></div></div></td><td><img class="storeItemImage" itemprop="image" alt="tangerines/mandarines" src="/media/images/store_item/71.jpg"></td><td>tangerines/mandarines</td><td class="not_printable sorting_1">fruits</td><td><img style="width:50%;" src="/media/images/logos/marchands/32.png" alt="Atlantic Superstore"></td><td><span itemprop="price">$5.99</span><span itemprop="eligibleQuantity" itemscope="" itemtype="http://schema.org/QuantitativeValue">/<span itemprop="unitText">2lb (907g)</span></span></td><td>$6.60/kg</td><td style="display: none;">2020-02-26</td><td style="display: none;">Israel</td><td style="display: none;">house brand</td><td style="display: none;"></td><td style="display: none;">Orri</td><td style="display: none;"></td><td style="display: none;"></td><td style="display: none;"></td><td style="display: none;"><a class="recipeLink" href="/recipe_ingredient_search_results.php?query=(_QU5E__1__________71__[]_1_1)">Recipes with tangerines/mandarines</a></td></tr><tr role="row" class="odd"><td tabindex="0"><i class="fa fa-thumbs-up"></i><i class="fa fa-thumbs-up"></i></td><td class=" not_printable"><div class="addToGL" data-soscuisine-aisle="16" data-soscuisine-sip="3943603"><i class="fa fa-cart-plus" title="Add to My Grocery List"></i><div></div></div></td><td><img class="storeItemImage" itemprop="image" alt="tangerines/mandarines" src="/media/images/store_item/71.jpg"></td><td>tangerines/mandarines</td><td class="not_printable sorting_1">fruits</td><td><img style="width:50%;" src="/media/images/logos/marchands/50.png" alt="Foodland"></td><td><span itemprop="price">$3.97</span><span itemprop="eligibleQuantity" itemscope="" itemtype="http://schema.org/QuantitativeValue">/<span itemprop="unitText">4lb (1,81kg)</span></span></td><td>$2.19/kg</td><td style="display: none;">2020-02-26</td><td style="display: none;">Morocco</td><td style="display: none;"></td><td style="display: none;"></td><td style="display: none;"></td><td style="display: none;"></td><td style="display: none;"></td><td style="display: none;"></td><td style="display: none;"><a class="recipeLink" href="/recipe_ingredient_search_results.php?query=(_QU5E__1__________71__[]_1_1)">Recipes with tangerines/mandarines</a></td></tr><tr role="row" class="even"><td tabindex="0"><i class="fa fa-thumbs-up"></i><i class="fa fa-thumbs-up"></i></td><td class=" not_printable"><div class="addToGL" data-soscuisine-aisle="16" data-soscuisine-sip="3946019"><i class="fa fa-cart-plus" title="Add to My Grocery List"></i><div></div></div></td><td><img class="storeItemImage" itemprop="image" alt="tangerines/mandarines" src="/media/images/store_item/71.jpg"></td><td>tangerines/mandarines</td><td class="not_printable sorting_1">fruits</td><td><img style="width:50%;" src="/media/images/logos/marchands/36.png" alt="Sobeys"></td><td><span itemprop="price">$6.00</span><span itemprop="eligibleQuantity" itemscope="" itemtype="http://schema.org/QuantitativeValue">/<span itemprop="value">2</span>x<span itemprop="unitText">2lb (907g)</span></span></td><td>$3.31/kg</td><td style="display: none;">2020-02-26</td><td style="display: none;">USA</td><td style="display: none;"></td><td style="display: none;"></td><td style="display: none;"></td><td style="display: none;"></td><td style="display: none;"></td><td style="display: none;">Peelz</td><td style="display: none;"><a class="recipeLink" href="/recipe_ingredient_search_results.php?query=(_QU5E__1__________71__[]_1_1)">Recipes with tangerines/mandarines</a></td></tr><tr role="row" class="odd"><td tabindex="0"><i class="fa fa-thumbs-up"></i></td><td class=" not_printable"><div class="addToGL" data-soscuisine-aisle="16" data-soscuisine-sip="3942355"><i class="fa fa-cart-plus" title="Add to My Grocery List"></i><div></div></div></td><td><img class="storeItemImage" itemprop="image" alt="tangerines/mandarines" src="/media/images/store_item/71.jpg"></td><td>tangerines/mandarines</td><td class="not_printable sorting_1">fruits</td><td><img style="width:50%;" src="/media/images/logos/marchands/100.png" alt="Your Independent Grocer"></td><td><span itemprop="price">$5.99</span><span itemprop="eligibleQuantity" itemscope="" itemtype="http://schema.org/QuantitativeValue">/<span itemprop="unitText">2lb (907g)</span></span></td><td>$6.60/kg</td><td style="display: none;">2020-02-26</td><td style="display: none;">Israel</td><td style="display: none;">house brand</td><td style="display: none;"></td><td style="display: none;">Orri</td><td style="display: none;"></td><td style="display: none;"></td><td style="display: none;"></td><td style="display: none;"><a class="recipeLink" href="/recipe_ingredient_search_results.php?query=(_QU5E__1__________71__[]_1_1)">Recipes with tangerines/mandarines</a></td></tr><tr role="row" class="even"><td tabindex="0"><i class="fas fa-hand-rock"></i></td><td class=" not_printable"><div class="addToGL" data-soscuisine-aisle="16" data-soscuisine-sip="3945105"><i class="fa fa-cart-plus" title="Add to My Grocery List"></i><div></div></div></td><td><img class="storeItemImage" itemprop="image" alt="watermelons" src="/media/images/store_item/75.jpg"></td><td>watermelons</td><td class="not_printable sorting_1">fruits</td><td><img style="width:50%;" src="/media/images/logos/marchands/32.png" alt="Atlantic Superstore"></td><td><span itemprop="price">$2.99</span><span itemprop="eligibleQuantity" itemscope="" itemtype="http://schema.org/QuantitativeValue"> ea.</span></td><td>$1.99/kg</td><td style="display: none;">2020-02-26</td><td style="display: none;">Guatemala</td><td style="display: none;"></td><td style="display: none;">miniature</td><td style="display: none;">seedless</td><td style="display: none;"></td><td style="display: none;"></td><td style="display: none;">or Mexico</td><td style="display: none;"><a class="recipeLink" href="/recipe_ingredient_search_results.php?query=(_QU5E__1__________75__[]_1_1)">Recipes with watermelons</a></td></tr><tr role="row" class="odd"><td tabindex="0"><i class="fa fa-thumbs-up"></i></td><td class=" not_printable"><div class="addToGL" data-soscuisine-aisle="17" data-soscuisine-sip="3943593"><i class="fa fa-cart-plus" title="Add to My Grocery List"></i><div></div></div></td><td><img class="storeItemImage" itemprop="image" alt="asparagus" src="/media/images/store_item/223.jpg"></td><td>asparagus</td><td class="not_printable sorting_1">vegetables</td><td><img style="width:50%;" src="/media/images/logos/marchands/50.png" alt="Foodland"></td><td><span itemprop="price">$2.77</span><span itemprop="eligibleQuantity" itemscope="" itemtype="http://schema.org/QuantitativeValue">/<span itemprop="unitText">lb</span></span></td><td>$6.11/kg</td><td style="display: none;">2020-02-26</td><td style="display: none;">Mexico</td><td style="display: none;"></td><td style="display: none;"></td><td style="display: none;"></td><td style="display: none;"></td><td style="display: none;"></td><td style="display: none;"></td><td style="display: none;"><a class="recipeLink" href="/recipe_ingredient_search_results.php?query=(_QU5E__1__________223__[]_1_1)">Recipes with asparagus</a></td></tr><tr role="row" class="even"><td tabindex="0"><i class="fas fa-hand-rock"></i></td><td class=" not_printable"><div class="addToGL" data-soscuisine-aisle="17" data-soscuisine-sip="3946147"><i class="fa fa-cart-plus" title="Add to My Grocery List"></i><div></div></div></td><td><img class="storeItemImage" itemprop="image" alt="avocados" src="/media/images/store_item/60.jpg"></td><td>avocados</td><td class="not_printable sorting_1">vegetables</td><td><img style="width:50%;" src="/media/images/logos/marchands/32.png" alt="Atlantic Superstore"></td><td><span itemprop="price">$4.98</span><span itemprop="eligibleQuantity" itemscope="" itemtype="http://schema.org/QuantitativeValue">/<span itemprop="value">3</span></span></td><td>$9.76/kg</td><td style="display: none;">2020-02-26</td><td style="display: none;">Mexico</td><td style="display: none;"></td><td style="display: none;">standard</td><td style="display: none;"></td><td style="display: none;"></td><td style="display: none;"></td><td style="display: none;"></td><td style="display: none;"><a class="recipeLink" href="/recipe_ingredient_search_results.php?query=(_QU5E__1__________60__[]_1_1)">Recipes with avocados</a></td></tr><tr role="row" class="odd"><td tabindex="0"><i class="fa fa-thumbs-down"></i></td><td class=" not_printable"><div class="addToGL" data-soscuisine-aisle="17" data-soscuisine-sip="3946145"><i class="fa fa-cart-plus" title="Add to My Grocery List"></i><div></div></div></td><td><img class="storeItemImage" itemprop="image" alt="avocados" src="/media/images/store_item/60.jpg"></td><td>avocados</td><td class="not_printable sorting_1">vegetables</td><td><img style="width:50%;" src="/media/images/logos/marchands/32.png" alt="Atlantic Superstore"></td><td><span itemprop="price">$1.99</span><span itemprop="eligibleQuantity" itemscope="" itemtype="http://schema.org/QuantitativeValue"> ea.</span></td><td>$11.71/kg</td><td style="display: none;">2020-02-26</td><td style="display: none;">Mexico</td><td style="display: none;"></td><td style="display: none;">standard</td><td style="display: none;"></td><td style="display: none;"></td><td style="display: none;"></td><td style="display: none;"></td><td style="display: none;"><a class="recipeLink" href="/recipe_ingredient_search_results.php?query=(_QU5E__1__________60__[]_1_1)">Recipes with avocados</a></td></tr><tr role="row" class="even"><td tabindex="0"><i class="fas fa-hand-rock"></i></td><td class=" not_printable"><div class="addToGL" data-soscuisine-aisle="17" data-soscuisine-sip="3942473"><i class="fa fa-cart-plus" title="Add to My Grocery List"></i><div></div></div></td><td><img class="storeItemImage" itemprop="image" alt="avocados" src="/media/images/store_item/60.jpg"></td><td>avocados</td><td class="not_printable sorting_1">vegetables</td><td><img style="width:50%;" src="/media/images/logos/marchands/97.png" alt="No Frills"></td><td><span itemprop="price">$1.00</span><span itemprop="eligibleQuantity" itemscope="" itemtype="http://schema.org/QuantitativeValue"> ea.</span></td><td>$5.88/kg</td><td style="display: none;">2020-02-26</td><td style="display: none;">Mexico</td><td style="display: none;"></td><td style="display: none;">standard</td><td style="display: none;"></td><td style="display: none;"></td><td style="display: none;"></td><td style="display: none;"></td><td style="display: none;"><a class="recipeLink" href="/recipe_ingredient_search_results.php?query=(_QU5E__1__________60__[]_1_1)">Recipes with avocados</a></td></tr><tr role="row" class="odd"><td tabindex="0"><i class="fas fa-hand-rock"></i></td><td class=" not_printable"><div class="addToGL" data-soscuisine-aisle="17" data-soscuisine-sip="3941057"><i class="fa fa-cart-plus" title="Add to My Grocery List"></i><div></div></div></td><td><img class="storeItemImage" itemprop="image" alt="avocados" src="/media/images/store_item/60.jpg"></td><td>avocados</td><td class="not_printable sorting_1">vegetables</td><td><img style="width:50%;" src="/media/images/logos/marchands/76.png" alt="Walmart"></td><td><span itemprop="price">$1.47</span><span itemprop="eligibleQuantity" itemscope="" itemtype="http://schema.org/QuantitativeValue"> ea.</span></td><td>$8.65/kg</td><td style="display: none;">2020-02-26</td><td style="display: none;">Mexico</td><td style="display: none;"></td><td style="display: none;">standard</td><td style="display: none;"></td><td style="display: none;"></td><td style="display: none;"></td><td style="display: none;">supercentres only</td><td style="display: none;"><a class="recipeLink" href="/recipe_ingredient_search_results.php?query=(_QU5E__1__________60__[]_1_1)">Recipes with avocados</a></td></tr><tr role="row" class="even"><td tabindex="0"><i class="fas fa-hand-rock"></i></td><td class=" not_printable"><div class="addToGL" data-soscuisine-aisle="17" data-soscuisine-sip="3942343"><i class="fa fa-cart-plus" title="Add to My Grocery List"></i><div></div></div></td><td><img class="storeItemImage" itemprop="image" alt="avocados" src="/media/images/store_item/60.jpg"></td><td>avocados</td><td class="not_printable sorting_1">vegetables</td><td><img style="width:50%;" src="/media/images/logos/marchands/100.png" alt="Your Independent Grocer"></td><td><span itemprop="price">$4.98</span><span itemprop="eligibleQuantity" itemscope="" itemtype="http://schema.org/QuantitativeValue">/<span itemprop="value">3</span></span></td><td>$9.76/kg</td><td style="display: none;">2020-02-26</td><td style="display: none;">Mexico</td><td style="display: none;"></td><td style="display: none;">standard</td><td style="display: none;"></td><td style="display: none;"></td><td style="display: none;"></td><td style="display: none;"></td><td style="display: none;"><a class="recipeLink" href="/recipe_ingredient_search_results.php?query=(_QU5E__1__________60__[]_1_1)">Recipes with avocados</a></td></tr><tr role="row" class="odd"><td tabindex="0"><i class="fa fa-thumbs-down"></i></td><td class=" not_printable"><div class="addToGL" data-soscuisine-aisle="17" data-soscuisine-sip="3942349"><i class="fa fa-cart-plus" title="Add to My Grocery List"></i><div></div></div></td><td><img class="storeItemImage" itemprop="image" alt="avocados" src="/media/images/store_item/60.jpg"></td><td>avocados</td><td class="not_printable sorting_1">vegetables</td><td><img style="width:50%;" src="/media/images/logos/marchands/100.png" alt="Your Independent Grocer"></td><td><span itemprop="price">$1.99</span><span itemprop="eligibleQuantity" itemscope="" itemtype="http://schema.org/QuantitativeValue"> ea.</span></td><td>$11.71/kg</td><td style="display: none;">2020-02-26</td><td style="display: none;">Mexico</td><td style="display: none;"></td><td style="display: none;">standard</td><td style="display: none;"></td><td style="display: none;"></td><td style="display: none;"></td><td style="display: none;"></td><td style="display: none;"><a class="recipeLink" href="/recipe_ingredient_search_results.php?query=(_QU5E__1__________60__[]_1_1)">Recipes with avocados</a></td></tr><tr role="row" class="even"><td tabindex="0"><i class="fas fa-exclamation"></i></td><td class=" not_printable"><div class="addToGL" data-soscuisine-aisle="17" data-soscuisine-sip="3946225"><i class="fa fa-cart-plus" title="Add to My Grocery List"></i><div></div></div></td><td><img class="storeItemImage" itemprop="image" alt="avocados ORGANIC" src="/media/images/store_item/687.jpg"></td><td>avocados ORGANIC</td><td class="not_printable sorting_1">vegetables</td><td><img style="width:50%;" src="/media/images/logos/marchands/32.png" alt="Atlantic Superstore"></td><td><span itemprop="price">$5.99</span><span itemprop="eligibleQuantity" itemscope="" itemtype="http://schema.org/QuantitativeValue">/<span itemprop="unitText">4-pack</span></span></td><td>$8.81/kg</td><td style="display: none;">2020-02-26</td><td style="display: none;">Mexico</td><td style="display: none;"></td><td style="display: none;">standard</td><td style="display: none;"></td><td style="display: none;"></td><td style="display: none;"></td><td style="display: none;"></td><td style="display: none;"><a class="recipeLink" href="/recipe_ingredient_search_results.php?query=(_QU5E__1__________687__[]_1_1)">Recipes with avocados ORGANIC</a></td></tr><tr role="row" class="odd"><td tabindex="0"><i class="fa fa-thumbs-up"></i><i class="fa fa-thumbs-up"></i></td><td class=" not_printable"><div class="addToGL" data-soscuisine-aisle="17" data-soscuisine-sip="3941065"><i class="fa fa-cart-plus" title="Add to My Grocery List"></i><div></div></div></td><td><img class="storeItemImage" itemprop="image" alt="baby spinach" src="/media/images/store_item/312.jpg"></td><td>baby spinach</td><td class="not_printable sorting_1">vegetables</td><td><img style="width:50%;" src="/media/images/logos/marchands/76.png" alt="Walmart"></td><td><span itemprop="price">$5.97</span><span itemprop="eligibleQuantity" itemscope="" itemtype="http://schema.org/QuantitativeValue">/<span itemprop="unitText">454g (1lb)</span></span></td><td>$1.32/100g</td><td style="display: none;">2020-02-26</td><td style="display: none;">USA</td><td style="display: none;">Attitude</td><td style="display: none;"></td><td style="display: none;"></td><td style="display: none;"></td><td style="display: none;"></td><td style="display: none;">supercentres only</td><td style="display: none;"><a class="recipeLink" href="/recipe_ingredient_search_results.php?query=(_QU5E__1__________312__[]_1_1)">Recipes with baby spinach</a></td></tr><tr role="row" class="even"><td tabindex="0"><i class="fas fa-hand-rock"></i></td><td class=" not_printable"><div class="addToGL" data-soscuisine-aisle="17" data-soscuisine-sip="3945175"><i class="fa fa-cart-plus" title="Add to My Grocery List"></i><div></div></div></td><td><img class="storeItemImage" itemprop="image" alt="baby spinach ORGANIC" src="/media/images/store_item/700.jpg"></td><td>baby spinach ORGANIC</td><td class="not_printable sorting_1">vegetables</td><td><img style="width:50%;" src="/media/images/logos/marchands/32.png" alt="Atlantic Superstore"></td><td><span itemprop="price">$10.00</span><span itemprop="eligibleQuantity" itemscope="" itemtype="http://schema.org/QuantitativeValue">/<span itemprop="value">2</span>x<span itemprop="unitText">5oz (142g)</span></span></td><td>$3.52/100g</td><td style="display: none;">2020-02-26</td><td style="display: none;">USA</td><td style="display: none;">house brand</td><td style="display: none;"></td><td style="display: none;"></td><td style="display: none;"></td><td style="display: none;"></td><td style="display: none;"></td><td style="display: none;"><a class="recipeLink" href="/recipe_ingredient_search_results.php?query=(_QU5E__1__________700__[]_1_1)">Recipes with baby spinach ORGANIC</a></td></tr><tr role="row" class="odd"><td tabindex="0"><i class="fa fa-thumbs-down"></i></td><td class=" not_printable"><div class="addToGL" data-soscuisine-aisle="17" data-soscuisine-sip="3945173"><i class="fa fa-cart-plus" title="Add to My Grocery List"></i><div></div></div></td><td><img class="storeItemImage" itemprop="image" alt="baby spinach ORGANIC" src="/media/images/store_item/700.jpg"></td><td>baby spinach ORGANIC</td><td class="not_printable sorting_1">vegetables</td><td><img style="width:50%;" src="/media/images/logos/marchands/32.png" alt="Atlantic Superstore"></td><td><span itemprop="price">$5.49</span><span itemprop="eligibleQuantity" itemscope="" itemtype="http://schema.org/QuantitativeValue">/<span itemprop="unitText">5oz (142g)</span></span></td><td>$3.87/100g</td><td style="display: none;">2020-02-26</td><td style="display: none;">USA</td><td style="display: none;">house brand</td><td style="display: none;"></td><td style="display: none;"></td><td style="display: none;"></td><td style="display: none;"></td><td style="display: none;"></td><td style="display: none;"><a class="recipeLink" href="/recipe_ingredient_search_results.php?query=(_QU5E__1__________700__[]_1_1)">Recipes with baby spinach ORGANIC</a></td></tr><tr role="row" class="even"><td tabindex="0"><i class="fa fa-thumbs-up"></i><i class="fa fa-thumbs-up"></i></td><td class=" not_printable"><div class="addToGL" data-soscuisine-aisle="17" data-soscuisine-sip="3943723"><i class="fa fa-cart-plus" title="Add to My Grocery List"></i><div></div></div></td><td><img class="storeItemImage" itemprop="image" alt="baby spinach ORGANIC" src="/media/images/store_item/700.jpg"></td><td>baby spinach ORGANIC</td><td class="not_printable sorting_1">vegetables</td><td><img style="width:50%;" src="/media/images/logos/marchands/50.png" alt="Foodland"></td><td><span itemprop="price">$6.49</span><span itemprop="eligibleQuantity" itemscope="" itemtype="http://schema.org/QuantitativeValue">/<span itemprop="unitText">11oz (312g)</span></span></td><td>$2.08/100g</td><td style="display: none;">2020-02-26</td><td style="display: none;">USA</td><td style="display: none;">house brand</td><td style="display: none;"></td><td style="display: none;"></td><td style="display: none;"></td><td style="display: none;"></td><td style="display: none;"></td><td style="display: none;"><a class="recipeLink" href="/recipe_ingredient_search_results.php?query=(_QU5E__1__________700__[]_1_1)">Recipes with baby spinach ORGANIC</a></td></tr><tr role="row" class="odd"><td tabindex="0"><i class="fas fa-hand-rock"></i></td><td class=" not_printable"><div class="addToGL" data-soscuisine-aisle="17" data-soscuisine-sip="3946029"><i class="fa fa-cart-plus" title="Add to My Grocery List"></i><div></div></div></td><td><img class="storeItemImage" itemprop="image" alt="broccoli" src="/media/images/store_item/125.jpg"></td><td>broccoli</td><td class="not_printable sorting_1">vegetables</td><td><img style="width:50%;" src="/media/images/logos/marchands/36.png" alt="Sobeys"></td><td><span itemprop="price">$2.49</span><span itemprop="eligibleQuantity" itemscope="" itemtype="http://schema.org/QuantitativeValue">/<span itemprop="unitText">lb</span></span></td><td>$5.49/kg</td><td style="display: none;">2020-02-26</td><td style="display: none;">USA</td><td style="display: none;"></td><td style="display: none;"></td><td style="display: none;"></td><td style="display: none;"></td><td style="display: none;"></td><td style="display: none;">or crowns</td><td style="display: none;"><a class="recipeLink" href="/recipe_ingredient_search_results.php?query=(_QU5E__1__________125__[]_1_1)">Recipes with broccoli</a></td></tr><tr role="row" class="even"><td tabindex="0"><i class="fa fa-thumbs-down"></i></td><td class=" not_printable"><div class="addToGL" data-soscuisine-aisle="17" data-soscuisine-sip="3942393"><i class="fa fa-cart-plus" title="Add to My Grocery List"></i><div></div></div></td><td><img class="storeItemImage" itemprop="image" alt="broccoli" src="/media/images/store_item/125.jpg"></td><td>broccoli</td><td class="not_printable sorting_1">vegetables</td><td><img style="width:50%;" src="/media/images/logos/marchands/100.png" alt="Your Independent Grocer"></td><td><span itemprop="price">$7.00</span><span itemprop="eligibleQuantity" itemscope="" itemtype="http://schema.org/QuantitativeValue">/<span itemprop="value">2</span></span></td><td>$7.78/kg</td><td style="display: none;">2020-02-26</td><td style="display: none;">USA</td><td style="display: none;"></td><td style="display: none;">standard</td><td style="display: none;"></td><td style="display: none;"></td><td style="display: none;"></td><td style="display: none;">or Mexico</td><td style="display: none;"><a class="recipeLink" href="/recipe_ingredient_search_results.php?query=(_QU5E__1__________125__[]_1_1)">Recipes with broccoli</a></td></tr><tr role="row" class="odd"><td tabindex="0"><i class="fa fa-thumbs-down"></i></td><td class=" not_printable"><div class="addToGL" data-soscuisine-aisle="17" data-soscuisine-sip="3942395"><i class="fa fa-cart-plus" title="Add to My Grocery List"></i><div></div></div></td><td><img class="storeItemImage" itemprop="image" alt="broccoli" src="/media/images/store_item/125.jpg"></td><td>broccoli</td><td class="not_printable sorting_1">vegetables</td><td><img style="width:50%;" src="/media/images/logos/marchands/100.png" alt="Your Independent Grocer"></td><td><span itemprop="price">$3.99</span><span itemprop="eligibleQuantity" itemscope="" itemtype="http://schema.org/QuantitativeValue"> ea.</span></td><td>$8.87/kg</td><td style="display: none;">2020-02-26</td><td style="display: none;">USA</td><td style="display: none;"></td><td style="display: none;">standard</td><td style="display: none;"></td><td style="display: none;"></td><td style="display: none;"></td><td style="display: none;">or Mexico</td><td style="display: none;"><a class="recipeLink" href="/recipe_ingredient_search_results.php?query=(_QU5E__1__________125__[]_1_1)">Recipes with broccoli</a></td></tr><tr role="row" class="even"><td tabindex="0"><i class="fas fa-hand-rock"></i></td><td class=" not_printable"><div class="addToGL" data-soscuisine-aisle="17" data-soscuisine-sip="3943695"><i class="fa fa-cart-plus" title="Add to My Grocery List"></i><div></div></div></td><td><img class="storeItemImage" itemprop="image" alt="carrots" src="/media/images/store_item/92.jpg"></td><td>carrots</td><td class="not_printable sorting_1">vegetables</td><td><img style="width:50%;" src="/media/images/logos/marchands/50.png" alt="Foodland"></td><td><span itemprop="price">$3.99</span><span itemprop="eligibleQuantity" itemscope="" itemtype="http://schema.org/QuantitativeValue">/<span itemprop="unitText">5lb (2,3kg)</span></span></td><td>$1.76/kg</td><td style="display: none;">2020-02-26</td><td style="display: none;">Canada</td><td style="display: none;"></td><td style="display: none;"></td><td style="display: none;"></td><td style="display: none;"></td><td style="display: none;"></td><td style="display: none;"></td><td style="display: none;"><a class="recipeLink" href="/recipe_ingredient_search_results.php?query=(_QU5E__1__________92__[]_1_1)">Recipes with carrots</a></td></tr><tr role="row" class="odd"><td tabindex="0"><i class="fa fa-thumbs-up"></i></td><td class=" not_printable"><div class="addToGL" data-soscuisine-aisle="17" data-soscuisine-sip="3942265"><i class="fa fa-cart-plus" title="Add to My Grocery List"></i><div></div></div></td><td><img class="storeItemImage" itemprop="image" alt="carrots" src="/media/images/store_item/92.jpg"></td><td>carrots</td><td class="not_printable sorting_1">vegetables</td><td><img style="width:50%;" src="/media/images/logos/marchands/100.png" alt="Your Independent Grocer"></td><td><span itemprop="price">$4.98</span><span itemprop="eligibleQuantity" itemscope="" itemtype="http://schema.org/QuantitativeValue">/<span itemprop="value">3</span>x<span itemprop="unitText">3lb (1,37kg)</span></span></td><td>$1.22/kg</td><td style="display: none;">2020-02-26</td><td style="display: none;">Atlantic Canada</td><td style="display: none;">house brand</td><td style="display: none;"></td><td style="display: none;"></td><td style="display: none;"></td><td style="display: none;"></td><td style="display: none;"></td><td style="display: none;"><a class="recipeLink" href="/recipe_ingredient_search_results.php?query=(_QU5E__1__________92__[]_1_1)">Recipes with carrots</a></td></tr><tr role="row" class="even"><td tabindex="0"><i class="fas fa-hand-rock"></i></td><td class=" not_printable"><div class="addToGL" data-soscuisine-aisle="17" data-soscuisine-sip="3942269"><i class="fa fa-cart-plus" title="Add to My Grocery List"></i><div></div></div></td><td><img class="storeItemImage" itemprop="image" alt="carrots" src="/media/images/store_item/92.jpg"></td><td>carrots</td><td class="not_printable sorting_1">vegetables</td><td><img style="width:50%;" src="/media/images/logos/marchands/100.png" alt="Your Independent Grocer"></td><td><span itemprop="price">$1.99</span><span itemprop="eligibleQuantity" itemscope="" itemtype="http://schema.org/QuantitativeValue">/<span itemprop="unitText">3lb (1,37kg)</span></span></td><td>$1.46/kg</td><td style="display: none;">2020-02-26</td><td style="display: none;">Atlantic Canada</td><td style="display: none;">house brand</td><td style="display: none;"></td><td style="display: none;"></td><td style="display: none;"></td><td style="display: none;"></td><td style="display: none;"></td><td style="display: none;"><a class="recipeLink" href="/recipe_ingredient_search_results.php?query=(_QU5E__1__________92__[]_1_1)">Recipes with carrots</a></td></tr><tr role="row" class="odd"><td tabindex="0"><i class="fas fa-hand-rock"></i></td><td class=" not_printable"><div class="addToGL" data-soscuisine-aisle="17" data-soscuisine-sip="3945153"><i class="fa fa-cart-plus" title="Add to My Grocery List"></i><div></div></div></td><td><img class="storeItemImage" itemprop="image" alt="carrots, baby-cut" src="/media/images/store_item/756.jpg"></td><td>carrots, baby-cut</td><td class="not_printable sorting_1">vegetables</td><td><img style="width:50%;" src="/media/images/logos/marchands/32.png" alt="Atlantic Superstore"></td><td><span itemprop="price">$4.99</span><span itemprop="eligibleQuantity" itemscope="" itemtype="http://schema.org/QuantitativeValue">/<span itemprop="unitText">2lb (907g)</span></span></td><td>$5.50/kg</td><td style="display: none;">2020-02-26</td><td style="display: none;">USA</td><td style="display: none;">house brand</td><td style="display: none;"></td><td style="display: none;"></td><td style="display: none;"></td><td style="display: none;"></td><td style="display: none;"></td><td style="display: none;"></td></tr><tr role="row" class="even"><td tabindex="0"><i class="fa fa-thumbs-up"></i><i class="fa fa-thumbs-up"></i></td><td class=" not_printable"><div class="addToGL" data-soscuisine-aisle="17" data-soscuisine-sip="3942533"><i class="fa fa-cart-plus" title="Add to My Grocery List"></i><div></div></div></td><td><img class="storeItemImage" itemprop="image" alt="carrots, baby-cut" src="/media/images/store_item/756.jpg"></td><td>carrots, baby-cut</td><td class="not_printable sorting_1">vegetables</td><td><img style="width:50%;" src="/media/images/logos/marchands/97.png" alt="No Frills"></td><td><span itemprop="price">$1.00</span><span itemprop="eligibleQuantity" itemscope="" itemtype="http://schema.org/QuantitativeValue">/<span itemprop="unitText">12oz (340g)</span></span></td><td>$2.94/kg</td><td style="display: none;">2020-02-26</td><td style="display: none;">USA</td><td style="display: none;">house brand</td><td style="display: none;"></td><td style="display: none;"></td><td style="display: none;"></td><td style="display: none;"></td><td style="display: none;"></td><td style="display: none;"></td></tr><tr role="row" class="odd"><td tabindex="0"><i class="fas fa-hand-rock"></i></td><td class=" not_printable"><div class="addToGL" data-soscuisine-aisle="17" data-soscuisine-sip="3943717"><i class="fa fa-cart-plus" title="Add to My Grocery List"></i><div></div></div></td><td><img class="storeItemImage" itemprop="image" alt="carrots, baby-cut ORGANIC" src="/media/images/store_item/757.jpg"></td><td>carrots, baby-cut ORGANIC</td><td class="not_printable sorting_1">vegetables</td><td><img style="width:50%;" src="/media/images/logos/marchands/50.png" alt="Foodland"></td><td><span itemprop="price">$2.49</span><span itemprop="eligibleQuantity" itemscope="" itemtype="http://schema.org/QuantitativeValue">/<span itemprop="unitText">454g (1lb)</span></span></td><td>$5.49/kg</td><td style="display: none;">2020-02-26</td><td style="display: none;">USA</td><td style="display: none;">house brand</td><td style="display: none;"></td><td style="display: none;"></td><td style="display: none;"></td><td style="display: none;"></td><td style="display: none;"></td><td style="display: none;"></td></tr><tr role="row" class="even"><td tabindex="0"><i class="fas fa-hand-rock"></i></td><td class=" not_printable"><div class="addToGL" data-soscuisine-aisle="17" data-soscuisine-sip="3946097"><i class="fa fa-cart-plus" title="Add to My Grocery List"></i><div></div></div></td><td><img class="storeItemImage" itemprop="image" alt="carrots, baby-cut ORGANIC" src="/media/images/store_item/757.jpg"></td><td>carrots, baby-cut ORGANIC</td><td class="not_printable sorting_1">vegetables</td><td><img style="width:50%;" src="/media/images/logos/marchands/36.png" alt="Sobeys"></td><td><span itemprop="price">$5.98</span><span itemprop="eligibleQuantity" itemscope="" itemtype="http://schema.org/QuantitativeValue">/<span itemprop="value">2</span>x<span itemprop="unitText">454g (1lb)</span></span></td><td>$6.59/kg</td><td style="display: none;">2020-02-26</td><td style="display: none;">USA</td><td style="display: none;">house brand</td><td style="display: none;"></td><td style="display: none;"></td><td style="display: none;"></td><td style="display: none;"></td><td style="display: none;"></td><td style="display: none;"></td></tr><tr role="row" class="odd"><td tabindex="0"><i class="fa fa-thumbs-down"></i></td><td class=" not_printable"><div class="addToGL" data-soscuisine-aisle="17" data-soscuisine-sip="3946091"><i class="fa fa-cart-plus" title="Add to My Grocery List"></i><div></div></div></td><td><img class="storeItemImage" itemprop="image" alt="carrots, baby-cut ORGANIC" src="/media/images/store_item/757.jpg"></td><td>carrots, baby-cut ORGANIC</td><td class="not_printable sorting_1">vegetables</td><td><img style="width:50%;" src="/media/images/logos/marchands/36.png" alt="Sobeys"></td><td><span itemprop="price">$3.49</span><span itemprop="eligibleQuantity" itemscope="" itemtype="http://schema.org/QuantitativeValue">/<span itemprop="unitText">454g (1lb)</span></span></td><td>$7.69/kg</td><td style="display: none;">2020-02-26</td><td style="display: none;">USA</td><td style="display: none;">house brand</td><td style="display: none;"></td><td style="display: none;"></td><td style="display: none;"></td><td style="display: none;"></td><td style="display: none;"></td><td style="display: none;"></td></tr><tr role="row" class="even"><td tabindex="0"><i class="fas fa-exclamation"></i></td><td class=" not_printable"><div class="addToGL" data-soscuisine-aisle="17" data-soscuisine-sip="3946031"><i class="fa fa-cart-plus" title="Add to My Grocery List"></i><div></div></div></td><td><img class="storeItemImage" alt="carrots, Nantes-style" src="/media/images/store_item/blank.jpg"></td><td>carrots, Nantes-style</td><td class="not_printable sorting_1">vegetables</td><td><img style="width:50%;" src="/media/images/logos/marchands/36.png" alt="Sobeys"></td><td><span itemprop="price">$2.49</span><span itemprop="eligibleQuantity" itemscope="" itemtype="http://schema.org/QuantitativeValue">/<span itemprop="unitText">454g (1lb)</span></span></td><td>$5.49/kg</td><td style="display: none;">2020-02-26</td><td style="display: none;">Mexico</td><td style="display: none;"></td><td style="display: none;"></td><td style="display: none;"></td><td style="display: none;"></td><td style="display: none;"></td><td style="display: none;"></td><td style="display: none;"><a class="recipeLink" href="/recipe_ingredient_search_results.php?query=(_QU5E__1__________1058__[]_1_1)">Recipes with carrots, Nantes-style</a></td></tr><tr role="row" class="odd"><td tabindex="0"><i class="fas fa-hand-rock"></i></td><td class=" not_printable"><div class="addToGL" data-soscuisine-aisle="17" data-soscuisine-sip="3945103"><i class="fa fa-cart-plus" title="Add to My Grocery List"></i><div></div></div></td><td><img class="storeItemImage" itemprop="image" alt="cauliflower" src="/media/images/store_item/123.jpg"></td><td>cauliflower</td><td class="not_printable sorting_1">vegetables</td><td><img style="width:50%;" src="/media/images/logos/marchands/32.png" alt="Atlantic Superstore"></td><td><span itemprop="price">$2.99</span><span itemprop="eligibleQuantity" itemscope="" itemtype="http://schema.org/QuantitativeValue"> ea.</span></td><td>$2.99/kg</td><td style="display: none;">2020-02-26</td><td style="display: none;">USA</td><td style="display: none;"></td><td style="display: none;">standard</td><td style="display: none;"></td><td style="display: none;"></td><td style="display: none;"></td><td style="display: none;">or Mexico</td><td style="display: none;"><a class="recipeLink" href="/recipe_ingredient_search_results.php?query=(_QU5E__1__________123__[]_1_1)">Recipes with cauliflower</a></td></tr><tr role="row" class="even"><td tabindex="0"><i class="fa fa-thumbs-down"></i></td><td class=" not_printable"><div class="addToGL" data-soscuisine-aisle="17" data-soscuisine-sip="3945161"><i class="fa fa-cart-plus" title="Add to My Grocery List"></i><div></div></div></td><td><img class="storeItemImage" itemprop="image" alt="cucumbers" src="/media/images/store_item/104.jpg"></td><td>cucumbers</td><td class="not_printable sorting_1">vegetables</td><td><img style="width:50%;" src="/media/images/logos/marchands/32.png" alt="Atlantic Superstore"></td><td><span itemprop="price">$5.00</span><span itemprop="eligibleQuantity" itemscope="" itemtype="http://schema.org/QuantitativeValue">/<span itemprop="value">2</span></span></td><td>$8.33/kg</td><td style="display: none;">2020-02-26</td><td style="display: none;">Canada</td><td style="display: none;"></td><td style="display: none;">English</td><td style="display: none;"></td><td style="display: none;"></td><td style="display: none;"></td><td style="display: none;"></td><td style="display: none;"><a class="recipeLink" href="/recipe_ingredient_search_results.php?query=(_QU5E__1__________104__[]_1_1)">Recipes with cucumbers</a></td></tr><tr role="row" class="odd"><td tabindex="0"><i class="fa fa-thumbs-down"></i></td><td class=" not_printable"><div class="addToGL" data-soscuisine-aisle="17" data-soscuisine-sip="3945159"><i class="fa fa-cart-plus" title="Add to My Grocery List"></i><div></div></div></td><td><img class="storeItemImage" itemprop="image" alt="cucumbers" src="/media/images/store_item/104.jpg"></td><td>cucumbers</td><td class="not_printable sorting_1">vegetables</td><td><img style="width:50%;" src="/media/images/logos/marchands/32.png" alt="Atlantic Superstore"></td><td><span itemprop="price">$2.79</span><span itemprop="eligibleQuantity" itemscope="" itemtype="http://schema.org/QuantitativeValue"> ea.</span></td><td>$9.30/kg</td><td style="display: none;">2020-02-26</td><td style="display: none;">Canada</td><td style="display: none;"></td><td style="display: none;">English</td><td style="display: none;"></td><td style="display: none;"></td><td style="display: none;"></td><td style="display: none;"></td><td style="display: none;"><a class="recipeLink" href="/recipe_ingredient_search_results.php?query=(_QU5E__1__________104__[]_1_1)">Recipes with cucumbers</a></td></tr><tr role="row" class="even"><td tabindex="0"><i class="fa fa-thumbs-up"></i><i class="fa fa-thumbs-up"></i></td><td class=" not_printable"><div class="addToGL" data-soscuisine-aisle="17" data-soscuisine-sip="3942453"><i class="fa fa-cart-plus" title="Add to My Grocery List"></i><div></div></div></td><td><img class="storeItemImage" itemprop="image" alt="cucumbers" src="/media/images/store_item/104.jpg"></td><td>cucumbers</td><td class="not_printable sorting_1">vegetables</td><td><img style="width:50%;" src="/media/images/logos/marchands/97.png" alt="No Frills"></td><td><span itemprop="price">$1.00</span><span itemprop="eligibleQuantity" itemscope="" itemtype="http://schema.org/QuantitativeValue"> ea.</span></td><td>$3.33/kg</td><td style="display: none;">2020-02-26</td><td style="display: none;">Canada</td><td style="display: none;"></td><td style="display: none;">English</td><td style="display: none;"></td><td style="display: none;"></td><td style="display: none;"></td><td style="display: none;">or Mexico</td><td style="display: none;"><a class="recipeLink" href="/recipe_ingredient_search_results.php?query=(_QU5E__1__________104__[]_1_1)">Recipes with cucumbers</a></td></tr><tr role="row" class="odd"><td tabindex="0"><i class="fas fa-hand-rock"></i></td><td class=" not_printable"><div class="addToGL" data-soscuisine-aisle="17" data-soscuisine-sip="3942279"><i class="fa fa-cart-plus" title="Add to My Grocery List"></i><div></div></div></td><td><img class="storeItemImage" itemprop="image" alt="cucumbers" src="/media/images/store_item/104.jpg"></td><td>cucumbers</td><td class="not_printable sorting_1">vegetables</td><td><img style="width:50%;" src="/media/images/logos/marchands/100.png" alt="Your Independent Grocer"></td><td><span itemprop="price">$4.98</span><span itemprop="eligibleQuantity" itemscope="" itemtype="http://schema.org/QuantitativeValue">/<span itemprop="value">3</span></span></td><td>$5.53/kg</td><td style="display: none;">2020-02-26</td><td style="display: none;">Canada</td><td style="display: none;"></td><td style="display: none;">English</td><td style="display: none;"></td><td style="display: none;"></td><td style="display: none;"></td><td style="display: none;"></td><td style="display: none;"><a class="recipeLink" href="/recipe_ingredient_search_results.php?query=(_QU5E__1__________104__[]_1_1)">Recipes with cucumbers</a></td></tr><tr role="row" class="even"><td tabindex="0"><i class="fas fa-hand-rock"></i></td><td class=" not_printable"><div class="addToGL" data-soscuisine-aisle="17" data-soscuisine-sip="3942285"><i class="fa fa-cart-plus" title="Add to My Grocery List"></i><div></div></div></td><td><img class="storeItemImage" itemprop="image" alt="cucumbers" src="/media/images/store_item/104.jpg"></td><td>cucumbers</td><td class="not_printable sorting_1">vegetables</td><td><img style="width:50%;" src="/media/images/logos/marchands/100.png" alt="Your Independent Grocer"></td><td><span itemprop="price">$1.99</span><span itemprop="eligibleQuantity" itemscope="" itemtype="http://schema.org/QuantitativeValue"> ea.</span></td><td>$6.63/kg</td><td style="display: none;">2020-02-26</td><td style="display: none;">Canada</td><td style="display: none;"></td><td style="display: none;">English</td><td style="display: none;"></td><td style="display: none;"></td><td style="display: none;"></td><td style="display: none;"></td><td style="display: none;"><a class="recipeLink" href="/recipe_ingredient_search_results.php?query=(_QU5E__1__________104__[]_1_1)">Recipes with cucumbers</a></td></tr><tr role="row" class="odd"><td tabindex="0"><i class="fa fa-thumbs-down"></i></td><td class=" not_printable"><div class="addToGL" data-soscuisine-aisle="17" data-soscuisine-sip="3942471"><i class="fa fa-cart-plus" title="Add to My Grocery List"></i><div></div></div></td><td><img class="storeItemImage" itemprop="image" alt="green onions/scallions" src="/media/images/store_item/118.jpg"></td><td>green onions/scallions</td><td class="not_printable sorting_1">vegetables</td><td><img style="width:50%;" src="/media/images/logos/marchands/97.png" alt="No Frills"></td><td><span itemprop="price">$1.00</span><span itemprop="eligibleQuantity" itemscope="" itemtype="http://schema.org/QuantitativeValue">/bunch</span></td><td>$8.33/kg</td><td style="display: none;">2020-02-26</td><td style="display: none;">Mexico</td><td style="display: none;"></td><td style="display: none;">standard</td><td style="display: none;"></td><td style="display: none;"></td><td style="display: none;"></td><td style="display: none;"></td><td style="display: none;"><a class="recipeLink" href="/recipe_ingredient_search_results.php?query=(_QU5E__1__________118__[]_1_1)">Recipes with green onions/scallions</a></td></tr><tr role="row" class="even"><td tabindex="0"><i class="fa fa-thumbs-down"></i></td><td class=" not_printable"><div class="addToGL" data-soscuisine-aisle="17" data-soscuisine-sip="3946069"><i class="fa fa-cart-plus" title="Add to My Grocery List"></i><div></div></div></td><td><img class="storeItemImage" itemprop="image" alt="green onions/scallions" src="/media/images/store_item/118.jpg"></td><td>green onions/scallions</td><td class="not_printable sorting_1">vegetables</td><td><img style="width:50%;" src="/media/images/logos/marchands/36.png" alt="Sobeys"></td><td><span itemprop="price">$2.00</span><span itemprop="eligibleQuantity" itemscope="" itemtype="http://schema.org/QuantitativeValue">/<span itemprop="value">2</span> bunches</span></td><td>$8.33/kg</td><td style="display: none;">2020-02-26</td><td style="display: none;">Mexico</td><td style="display: none;"></td><td style="display: none;">standard</td><td style="display: none;"></td><td style="display: none;"></td><td style="display: none;"></td><td style="display: none;"></td><td style="display: none;"><a class="recipeLink" href="/recipe_ingredient_search_results.php?query=(_QU5E__1__________118__[]_1_1)">Recipes with green onions/scallions</a></td></tr><tr role="row" class="odd"><td tabindex="0"><i class="fa fa-thumbs-down"></i></td><td class=" not_printable"><div class="addToGL" data-soscuisine-aisle="17" data-soscuisine-sip="3946065"><i class="fa fa-cart-plus" title="Add to My Grocery List"></i><div></div></div></td><td><img class="storeItemImage" itemprop="image" alt="green onions/scallions" src="/media/images/store_item/118.jpg"></td><td>green onions/scallions</td><td class="not_printable sorting_1">vegetables</td><td><img style="width:50%;" src="/media/images/logos/marchands/36.png" alt="Sobeys"></td><td><span itemprop="price">$1.29</span><span itemprop="eligibleQuantity" itemscope="" itemtype="http://schema.org/QuantitativeValue">/bunch</span></td><td>$10.75/kg</td><td style="display: none;">2020-02-26</td><td style="display: none;">Mexico</td><td style="display: none;"></td><td style="display: none;">standard</td><td style="display: none;"></td><td style="display: none;"></td><td style="display: none;"></td><td style="display: none;"></td><td style="display: none;"><a class="recipeLink" href="/recipe_ingredient_search_results.php?query=(_QU5E__1__________118__[]_1_1)">Recipes with green onions/scallions</a></td></tr><tr role="row" class="even"><td tabindex="0"><i class="fas fa-hand-rock"></i></td><td class=" not_printable"><div class="addToGL" data-soscuisine-aisle="17" data-soscuisine-sip="3945143"><i class="fa fa-cart-plus" title="Add to My Grocery List"></i><div></div></div></td><td><img class="storeItemImage" alt="lettuces, Romaine, hearts" src="/media/images/store_item/blank.jpg"></td><td>lettuces, Romaine, hearts</td><td class="not_printable sorting_1">vegetables</td><td><img style="width:50%;" src="/media/images/logos/marchands/32.png" alt="Atlantic Superstore"></td><td><span itemprop="price">$3.99</span><span itemprop="eligibleQuantity" itemscope="" itemtype="http://schema.org/QuantitativeValue">/<span itemprop="unitText">3-pack</span></span></td><td>$11.77/kg</td><td style="display: none;">2020-02-26</td><td style="display: none;">USA</td><td style="display: none;"></td><td style="display: none;">standard</td><td style="display: none;"></td><td style="display: none;"></td><td style="display: none;"></td><td style="display: none;">or Mexico</td><td style="display: none;"><a class="recipeLink" href="/recipe_ingredient_search_results.php?query=(_QU5E__1__________1020__[]_1_1)">Recipes with lettuces, Romaine, hearts</a></td></tr><tr role="row" class="odd"><td tabindex="0"><i class="fas fa-hand-rock"></i></td><td class=" not_printable"><div class="addToGL" data-soscuisine-aisle="17" data-soscuisine-sip="3942353"><i class="fa fa-cart-plus" title="Add to My Grocery List"></i><div></div></div></td><td><img class="storeItemImage" alt="lettuces, Romaine, hearts" src="/media/images/store_item/blank.jpg"></td><td>lettuces, Romaine, hearts</td><td class="not_printable sorting_1">vegetables</td><td><img style="width:50%;" src="/media/images/logos/marchands/100.png" alt="Your Independent Grocer"></td><td><span itemprop="price">$3.99</span><span itemprop="eligibleQuantity" itemscope="" itemtype="http://schema.org/QuantitativeValue">/<span itemprop="unitText">3-pack</span></span></td><td>$11.77/kg</td><td style="display: none;">2020-02-26</td><td style="display: none;">USA</td><td style="display: none;"></td><td style="display: none;">standard</td><td style="display: none;"></td><td style="display: none;"></td><td style="display: none;"></td><td style="display: none;">or Mexico</td><td style="display: none;"><a class="recipeLink" href="/recipe_ingredient_search_results.php?query=(_QU5E__1__________1020__[]_1_1)">Recipes with lettuces, Romaine, hearts</a></td></tr><tr role="row" class="even"><td tabindex="0"><i class="fas fa-hand-rock"></i></td><td class=" not_printable"><div class="addToGL" data-soscuisine-aisle="17" data-soscuisine-sip="3943713"><i class="fa fa-cart-plus" title="Add to My Grocery List"></i><div></div></div></td><td><img class="storeItemImage" itemprop="image" alt="lettuces, Romaine, hearts, ORGANIC" src="/media/images/store_item/1022.jpg"></td><td>lettuces, Romaine, hearts, ORGANIC</td><td class="not_printable sorting_1">vegetables</td><td><img style="width:50%;" src="/media/images/logos/marchands/50.png" alt="Foodland"></td><td><span itemprop="price">$4.99</span><span itemprop="eligibleQuantity" itemscope="" itemtype="http://schema.org/QuantitativeValue">/<span itemprop="unitText">3-pack</span></span></td><td>$14.72/kg</td><td style="display: none;">2020-02-26</td><td style="display: none;">USA</td><td style="display: none;"></td><td style="display: none;">standard</td><td style="display: none;"></td><td style="display: none;"></td><td style="display: none;"></td><td style="display: none;"></td><td style="display: none;"><a class="recipeLink" href="/recipe_ingredient_search_results.php?query=(_QU5E__1__________1022__[]_1_1)">Recipes with lettuces, Romaine, hearts, ORGANIC</a></td></tr><tr role="row" class="odd"><td tabindex="0"><i class="fa fa-thumbs-down"></i></td><td class=" not_printable"><div class="addToGL" data-soscuisine-aisle="17" data-soscuisine-sip="3945163"><i class="fa fa-cart-plus" title="Add to My Grocery List"></i><div></div></div></td><td><img class="storeItemImage" itemprop="image" alt="mini-tomatoes (cherry, miniature or grape)" src="/media/images/store_item/318.jpg"></td><td>mini-tomatoes (cherry, miniature or grape)</td><td class="not_printable sorting_1">vegetables</td><td><img style="width:50%;" src="/media/images/logos/marchands/32.png" alt="Atlantic Superstore"></td><td><span itemprop="price">$3.99</span><span itemprop="eligibleQuantity" itemscope="" itemtype="http://schema.org/QuantitativeValue">/<span itemprop="unitText">9oz (255g)</span></span></td><td>$15.65/kg</td><td style="display: none;">2020-02-26</td><td style="display: none;">USA</td><td style="display: none;">house brand</td><td style="display: none;">grape</td><td style="display: none;"></td><td style="display: none;"></td><td style="display: none;"></td><td style="display: none;">or Mexico</td><td style="display: none;"><a class="recipeLink" href="/recipe_ingredient_search_results.php?query=(_QU5E__1__________318__[]_1_1)">Recipes with mini-tomatoes (cherry, miniature or grape)</a></td></tr><tr role="row" class="even"><td tabindex="0"><i class="fas fa-hand-rock"></i></td><td class=" not_printable"><div class="addToGL" data-soscuisine-aisle="17" data-soscuisine-sip="3945171"><i class="fa fa-cart-plus" title="Add to My Grocery List"></i><div></div></div></td><td><img class="storeItemImage" itemprop="image" alt="mixed greens ORGANIC" src="/media/images/store_item/699.jpg"></td><td>mixed greens ORGANIC</td><td class="not_printable sorting_1">vegetables</td><td><img style="width:50%;" src="/media/images/logos/marchands/32.png" alt="Atlantic Superstore"></td><td><span itemprop="price">$10.00</span><span itemprop="eligibleQuantity" itemscope="" itemtype="http://schema.org/QuantitativeValue">/<span itemprop="value">2</span>x<span itemprop="unitText">5oz (142g)</span></span></td><td>$3.52/100g</td><td style="display: none;">2020-02-26</td><td style="display: none;">USA</td><td style="display: none;">house brand</td><td style="display: none;"></td><td style="display: none;"></td><td style="display: none;"></td><td style="display: none;"></td><td style="display: none;"></td><td style="display: none;"><a class="recipeLink" href="/recipe_ingredient_search_results.php?query=(_QU5E__1__________699__[]_1_1)">Recipes with mixed greens ORGANIC</a></td></tr><tr role="row" class="odd"><td tabindex="0"><i class="fas fa-hand-rock"></i></td><td class=" not_printable"><div class="addToGL" data-soscuisine-aisle="17" data-soscuisine-sip="3945169"><i class="fa fa-cart-plus" title="Add to My Grocery List"></i><div></div></div></td><td><img class="storeItemImage" itemprop="image" alt="mixed greens ORGANIC" src="/media/images/store_item/699.jpg"></td><td>mixed greens ORGANIC</td><td class="not_printable sorting_1">vegetables</td><td><img style="width:50%;" src="/media/images/logos/marchands/32.png" alt="Atlantic Superstore"></td><td><span itemprop="price">$5.49</span><span itemprop="eligibleQuantity" itemscope="" itemtype="http://schema.org/QuantitativeValue">/<span itemprop="unitText">5oz (142g)</span></span></td><td>$3.87/100g</td><td style="display: none;">2020-02-26</td><td style="display: none;">USA</td><td style="display: none;">house brand</td><td style="display: none;"></td><td style="display: none;"></td><td style="display: none;"></td><td style="display: none;"></td><td style="display: none;"></td><td style="display: none;"><a class="recipeLink" href="/recipe_ingredient_search_results.php?query=(_QU5E__1__________699__[]_1_1)">Recipes with mixed greens ORGANIC</a></td></tr><tr role="row" class="even"><td tabindex="0"><i class="fa fa-thumbs-up"></i><i class="fa fa-thumbs-up"></i></td><td class=" not_printable"><div class="addToGL" data-soscuisine-aisle="17" data-soscuisine-sip="3943727"><i class="fa fa-cart-plus" title="Add to My Grocery List"></i><div></div></div></td><td><img class="storeItemImage" itemprop="image" alt="mixed greens ORGANIC" src="/media/images/store_item/699.jpg"></td><td>mixed greens ORGANIC</td><td class="not_printable sorting_1">vegetables</td><td><img style="width:50%;" src="/media/images/logos/marchands/50.png" alt="Foodland"></td><td><span itemprop="price">$6.49</span><span itemprop="eligibleQuantity" itemscope="" itemtype="http://schema.org/QuantitativeValue">/<span itemprop="unitText">11oz (312g)</span></span></td><td>$2.08/100g</td><td style="display: none;">2020-02-26</td><td style="display: none;">USA</td><td style="display: none;">house brand</td><td style="display: none;"></td><td style="display: none;"></td><td style="display: none;"></td><td style="display: none;"></td><td style="display: none;"></td><td style="display: none;"><a class="recipeLink" href="/recipe_ingredient_search_results.php?query=(_QU5E__1__________699__[]_1_1)">Recipes with mixed greens ORGANIC</a></td></tr><tr role="row" class="odd"><td tabindex="0"><i class="fa fa-thumbs-down"></i></td><td class=" not_printable"><div class="addToGL" data-soscuisine-aisle="17" data-soscuisine-sip="3945149"><i class="fa fa-cart-plus" title="Add to My Grocery List"></i><div></div></div></td><td><img class="storeItemImage" itemprop="image" alt="mushrooms, button" src="/media/images/store_item/98.jpg"></td><td>mushrooms, button</td><td class="not_printable sorting_1">vegetables</td><td><img style="width:50%;" src="/media/images/logos/marchands/32.png" alt="Atlantic Superstore"></td><td><span itemprop="price">$5.00</span><span itemprop="eligibleQuantity" itemscope="" itemtype="http://schema.org/QuantitativeValue">/<span itemprop="value">2</span>x<span itemprop="unitText">8oz (227g)</span></span></td><td>$11.01/kg</td><td style="display: none;">2020-02-26</td><td style="display: none;">Canada</td><td style="display: none;">house brand</td><td style="display: none;"></td><td style="display: none;">crimini, white</td><td style="display: none;"></td><td style="display: none;">whole</td><td style="display: none;"></td><td style="display: none;"><a class="recipeLink" href="/recipe_ingredient_search_results.php?query=(_QU5E__1__________98__[]_1_1)">Recipes with mushrooms, button</a></td></tr><tr role="row" class="even"><td tabindex="0"><i class="fa fa-thumbs-down"></i></td><td class=" not_printable"><div class="addToGL" data-soscuisine-aisle="17" data-soscuisine-sip="3945147"><i class="fa fa-cart-plus" title="Add to My Grocery List"></i><div></div></div></td><td><img class="storeItemImage" itemprop="image" alt="mushrooms, button" src="/media/images/store_item/98.jpg"></td><td>mushrooms, button</td><td class="not_printable sorting_1">vegetables</td><td><img style="width:50%;" src="/media/images/logos/marchands/32.png" alt="Atlantic Superstore"></td><td><span itemprop="price">$2.99</span><span itemprop="eligibleQuantity" itemscope="" itemtype="http://schema.org/QuantitativeValue">/<span itemprop="unitText">8oz (227g)</span></span></td><td>$13.17/kg</td><td style="display: none;">2020-02-26</td><td style="display: none;">Canada</td><td style="display: none;">house brand</td><td style="display: none;"></td><td style="display: none;">crimini, white</td><td style="display: none;"></td><td style="display: none;">whole</td><td style="display: none;"></td><td style="display: none;"><a class="recipeLink" href="/recipe_ingredient_search_results.php?query=(_QU5E__1__________98__[]_1_1)">Recipes with mushrooms, button</a></td></tr><tr role="row" class="odd"><td tabindex="0"><i class="fa fa-thumbs-up"></i><i class="fa fa-thumbs-up"></i></td><td class=" not_printable"><div class="addToGL" data-soscuisine-aisle="17" data-soscuisine-sip="3942451"><i class="fa fa-cart-plus" title="Add to My Grocery List"></i><div></div></div></td><td><img class="storeItemImage" itemprop="image" alt="mushrooms, button" src="/media/images/store_item/98.jpg"></td><td>mushrooms, button</td><td class="not_printable sorting_1">vegetables</td><td><img style="width:50%;" src="/media/images/logos/marchands/97.png" alt="No Frills"></td><td><span itemprop="price">$1.00</span><span itemprop="eligibleQuantity" itemscope="" itemtype="http://schema.org/QuantitativeValue">/<span itemprop="unitText">8oz (227g)</span></span></td><td>$4.41/kg</td><td style="display: none;">2020-02-26</td><td style="display: none;">Canada</td><td style="display: none;">house brand</td><td style="display: none;"></td><td style="display: none;">white</td><td style="display: none;"></td><td style="display: none;">whole</td><td style="display: none;"></td><td style="display: none;"><a class="recipeLink" href="/recipe_ingredient_search_results.php?query=(_QU5E__1__________98__[]_1_1)">Recipes with mushrooms, button</a></td></tr><tr role="row" class="even"><td tabindex="0"><i class="fas fa-hand-rock"></i></td><td class=" not_printable"><div class="addToGL" data-soscuisine-aisle="17" data-soscuisine-sip="3943901"><i class="fa fa-cart-plus" title="Add to My Grocery List"></i><div></div></div></td><td><img class="storeItemImage" itemprop="image" alt="mushrooms, button ORGANIC" src="/media/images/store_item/684.jpg"></td><td>mushrooms, button ORGANIC</td><td class="not_printable sorting_1">vegetables</td><td><img style="width:50%;" src="/media/images/logos/marchands/50.png" alt="Foodland"></td><td><span itemprop="price">$4.98</span><span itemprop="eligibleQuantity" itemscope="" itemtype="http://schema.org/QuantitativeValue">/<span itemprop="value">2</span>x<span itemprop="unitText">8oz (227g)</span></span></td><td>$10.97/kg</td><td style="display: none;">2020-02-26</td><td style="display: none;">Canada</td><td style="display: none;">house brand</td><td style="display: none;"></td><td style="display: none;">crimini, white</td><td style="display: none;"></td><td style="display: none;"></td><td style="display: none;"></td><td style="display: none;"><a class="recipeLink" href="/recipe_ingredient_search_results.php?query=(_QU5E__1__________684__[]_1_1)">Recipes with mushrooms, button ORGANIC</a></td></tr><tr role="row" class="odd"><td tabindex="0"><i class="fa fa-thumbs-down"></i></td><td class=" not_printable"><div class="addToGL" data-soscuisine-aisle="17" data-soscuisine-sip="3943899"><i class="fa fa-cart-plus" title="Add to My Grocery List"></i><div></div></div></td><td><img class="storeItemImage" itemprop="image" alt="mushrooms, button ORGANIC" src="/media/images/store_item/684.jpg"></td><td>mushrooms, button ORGANIC</td><td class="not_printable sorting_1">vegetables</td><td><img style="width:50%;" src="/media/images/logos/marchands/50.png" alt="Foodland"></td><td><span itemprop="price">$2.79</span><span itemprop="eligibleQuantity" itemscope="" itemtype="http://schema.org/QuantitativeValue">/<span itemprop="unitText">8oz (227g)</span></span></td><td>$12.29/kg</td><td style="display: none;">2020-02-26</td><td style="display: none;">Canada</td><td style="display: none;">house brand</td><td style="display: none;"></td><td style="display: none;">crimini, white</td><td style="display: none;"></td><td style="display: none;"></td><td style="display: none;"></td><td style="display: none;"><a class="recipeLink" href="/recipe_ingredient_search_results.php?query=(_QU5E__1__________684__[]_1_1)">Recipes with mushrooms, button ORGANIC</a></td></tr><tr role="row" class="even"><td tabindex="0"><i class="fas fa-exclamation"></i></td><td class=" not_printable"><div class="addToGL" data-soscuisine-aisle="17" data-soscuisine-sip="3946125"><i class="fa fa-cart-plus" title="Add to My Grocery List"></i><div></div></div></td><td><img class="storeItemImage" alt="mushrooms, shiitake ORGANIC" src="/media/images/store_item/blank.jpg"></td><td>mushrooms, shiitake ORGANIC</td><td class="not_printable sorting_1">vegetables</td><td><img style="width:50%;" src="/media/images/logos/marchands/36.png" alt="Sobeys"></td><td><span itemprop="price">$8.98</span><span itemprop="eligibleQuantity" itemscope="" itemtype="http://schema.org/QuantitativeValue">/<span itemprop="value">2</span>x<span itemprop="unitText">4oz (113g)</span></span></td><td>$39.73/kg</td><td style="display: none;">2020-02-26</td><td style="display: none;">Canada</td><td style="display: none;">house brand</td><td style="display: none;"></td><td style="display: none;"></td><td style="display: none;"></td><td style="display: none;"></td><td style="display: none;"></td><td style="display: none;"><a class="recipeLink" href="/recipe_ingredient_search_results.php?query=(_QU5E__1__________722__[]_1_1)">Recipes with mushrooms, shiitake ORGANIC</a></td></tr><tr role="row" class="odd"><td tabindex="0"><i class="fas fa-exclamation"></i></td><td class=" not_printable"><div class="addToGL" data-soscuisine-aisle="17" data-soscuisine-sip="3946123"><i class="fa fa-cart-plus" title="Add to My Grocery List"></i><div></div></div></td><td><img class="storeItemImage" alt="mushrooms, shiitake ORGANIC" src="/media/images/store_item/blank.jpg"></td><td>mushrooms, shiitake ORGANIC</td><td class="not_printable sorting_1">vegetables</td><td><img style="width:50%;" src="/media/images/logos/marchands/36.png" alt="Sobeys"></td><td><span itemprop="price">$4.99</span><span itemprop="eligibleQuantity" itemscope="" itemtype="http://schema.org/QuantitativeValue">/<span itemprop="unitText">4oz (113g)</span></span></td><td>$44.16/kg</td><td style="display: none;">2020-02-26</td><td style="display: none;">Canada</td><td style="display: none;">house brand</td><td style="display: none;"></td><td style="display: none;"></td><td style="display: none;"></td><td style="display: none;"></td><td style="display: none;"></td><td style="display: none;"><a class="recipeLink" href="/recipe_ingredient_search_results.php?query=(_QU5E__1__________722__[]_1_1)">Recipes with mushrooms, shiitake ORGANIC</a></td></tr><tr role="row" class="even"><td tabindex="0"><i class="fas fa-hand-rock"></i></td><td class=" not_printable"><div class="addToGL" data-soscuisine-aisle="17" data-soscuisine-sip="3943701"><i class="fa fa-cart-plus" title="Add to My Grocery List"></i><div></div></div></td><td><img class="storeItemImage" itemprop="image" alt="onions, yellow" src="/media/images/store_item/116.jpg"></td><td>onions, yellow</td><td class="not_printable sorting_1">vegetables</td><td><img style="width:50%;" src="/media/images/logos/marchands/50.png" alt="Foodland"></td><td><span itemprop="price">$3.99</span><span itemprop="eligibleQuantity" itemscope="" itemtype="http://schema.org/QuantitativeValue">/<span itemprop="unitText">5lb (2,3kg)</span></span></td><td>$1.76/kg</td><td style="display: none;">2020-02-26</td><td style="display: none;">Canada</td><td style="display: none;"></td><td style="display: none;"></td><td style="display: none;"></td><td style="display: none;"></td><td style="display: none;"></td><td style="display: none;"></td><td style="display: none;"><a class="recipeLink" href="/recipe_ingredient_search_results.php?query=(_QU5E__1__________116__[]_1_1)">Recipes with onions, yellow</a></td></tr><tr role="row" class="odd"><td tabindex="0"><i class="fa fa-thumbs-up"></i></td><td class=" not_printable"><div class="addToGL" data-soscuisine-aisle="17" data-soscuisine-sip="3942271"><i class="fa fa-cart-plus" title="Add to My Grocery List"></i><div></div></div></td><td><img class="storeItemImage" itemprop="image" alt="onions, yellow" src="/media/images/store_item/116.jpg"></td><td>onions, yellow</td><td class="not_printable sorting_1">vegetables</td><td><img style="width:50%;" src="/media/images/logos/marchands/100.png" alt="Your Independent Grocer"></td><td><span itemprop="price">$4.98</span><span itemprop="eligibleQuantity" itemscope="" itemtype="http://schema.org/QuantitativeValue">/<span itemprop="value">3</span>x<span itemprop="unitText">3lb (1,37kg)</span></span></td><td>$1.22/kg</td><td style="display: none;">2020-02-26</td><td style="display: none;">Atlantic Canada</td><td style="display: none;">house brand</td><td style="display: none;"></td><td style="display: none;"></td><td style="display: none;"></td><td style="display: none;"></td><td style="display: none;"></td><td style="display: none;"><a class="recipeLink" href="/recipe_ingredient_search_results.php?query=(_QU5E__1__________116__[]_1_1)">Recipes with onions, yellow</a></td></tr><tr role="row" class="even"><td tabindex="0"><i class="fas fa-hand-rock"></i></td><td class=" not_printable"><div class="addToGL" data-soscuisine-aisle="17" data-soscuisine-sip="3942277"><i class="fa fa-cart-plus" title="Add to My Grocery List"></i><div></div></div></td><td><img class="storeItemImage" itemprop="image" alt="onions, yellow" src="/media/images/store_item/116.jpg"></td><td>onions, yellow</td><td class="not_printable sorting_1">vegetables</td><td><img style="width:50%;" src="/media/images/logos/marchands/100.png" alt="Your Independent Grocer"></td><td><span itemprop="price">$1.99</span><span itemprop="eligibleQuantity" itemscope="" itemtype="http://schema.org/QuantitativeValue">/<span itemprop="unitText">3lb (1,37kg)</span></span></td><td>$1.46/kg</td><td style="display: none;">2020-02-26</td><td style="display: none;">Atlantic Canada</td><td style="display: none;">house brand</td><td style="display: none;"></td><td style="display: none;"></td><td style="display: none;"></td><td style="display: none;"></td><td style="display: none;"></td><td style="display: none;"><a class="recipeLink" href="/recipe_ingredient_search_results.php?query=(_QU5E__1__________116__[]_1_1)">Recipes with onions, yellow</a></td></tr><tr role="row" class="odd"><td tabindex="0"><i class="fa fa-thumbs-down"></i></td><td class=" not_printable"><div class="addToGL" data-soscuisine-aisle="17" data-soscuisine-sip="3945133"><i class="fa fa-cart-plus" title="Add to My Grocery List"></i><div></div></div></td><td><img class="storeItemImage" itemprop="image" alt="potatoes" src="/media/images/store_item/65.jpg"></td><td>potatoes</td><td class="not_printable sorting_1">vegetables</td><td><img style="width:50%;" src="/media/images/logos/marchands/32.png" alt="Atlantic Superstore"></td><td><span itemprop="price">$3.99</span><span itemprop="eligibleQuantity" itemscope="" itemtype="http://schema.org/QuantitativeValue">/<span itemprop="unitText">5lb (2,3kg)</span></span></td><td>$1.76/kg</td><td style="display: none;">2020-02-26</td><td style="display: none;">Atlantic Canada</td><td style="display: none;">house brand</td><td style="display: none;"></td><td style="display: none;">red, yellow</td><td style="display: none;"></td><td style="display: none;"></td><td style="display: none;">or Russet</td><td style="display: none;"><a class="recipeLink" href="/recipe_ingredient_search_results.php?query=(_QU5E__1__________65__[]_1_1)">Recipes with potatoes</a></td></tr><tr role="row" class="even"><td tabindex="0"><i class="fa fa-thumbs-down"></i></td><td class=" not_printable"><div class="addToGL" data-soscuisine-aisle="17" data-soscuisine-sip="3943689"><i class="fa fa-cart-plus" title="Add to My Grocery List"></i><div></div></div></td><td><img class="storeItemImage" itemprop="image" alt="potatoes" src="/media/images/store_item/65.jpg"></td><td>potatoes</td><td class="not_printable sorting_1">vegetables</td><td><img style="width:50%;" src="/media/images/logos/marchands/50.png" alt="Foodland"></td><td><span itemprop="price">$3.49</span><span itemprop="eligibleQuantity" itemscope="" itemtype="http://schema.org/QuantitativeValue">/<span itemprop="unitText">5lb (2,3kg)</span></span></td><td>$1.54/kg</td><td style="display: none;">2020-02-26</td><td style="display: none;">Canada</td><td style="display: none;">house brand</td><td style="display: none;"></td><td style="display: none;"></td><td style="display: none;"></td><td style="display: none;"></td><td style="display: none;"></td><td style="display: none;"><a class="recipeLink" href="/recipe_ingredient_search_results.php?query=(_QU5E__1__________65__[]_1_1)">Recipes with potatoes</a></td></tr><tr role="row" class="odd"><td tabindex="0"><i class="fas fa-hand-rock"></i></td><td class=" not_printable"><div class="addToGL" data-soscuisine-aisle="17" data-soscuisine-sip="3942541"><i class="fa fa-cart-plus" title="Add to My Grocery List"></i><div></div></div></td><td><img class="storeItemImage" itemprop="image" alt="potatoes" src="/media/images/store_item/65.jpg"></td><td>potatoes</td><td class="not_printable sorting_1">vegetables</td><td><img style="width:50%;" src="/media/images/logos/marchands/97.png" alt="No Frills"></td><td><span itemprop="price">$1.00</span><span itemprop="eligibleQuantity" itemscope="" itemtype="http://schema.org/QuantitativeValue">/<span itemprop="unitText">3lb (1,37kg)</span></span></td><td>$0.73/kg</td><td style="display: none;">2020-02-26</td><td style="display: none;">Canada</td><td style="display: none;"></td><td style="display: none;"></td><td style="display: none;">Russet</td><td style="display: none;"></td><td style="display: none;"></td><td style="display: none;"></td><td style="display: none;"><a class="recipeLink" href="/recipe_ingredient_search_results.php?query=(_QU5E__1__________65__[]_1_1)">Recipes with potatoes</a></td></tr><tr role="row" class="even"><td tabindex="0"><i class="fas fa-exclamation"></i></td><td class=" not_printable"><div class="addToGL" data-soscuisine-aisle="17" data-soscuisine-sip="3946119"><i class="fa fa-cart-plus" title="Add to My Grocery List"></i><div></div></div></td><td><img class="storeItemImage" itemprop="image" alt="potatoes ORGANIC" src="/media/images/store_item/694.jpg"></td><td>potatoes ORGANIC</td><td class="not_printable sorting_1">vegetables</td><td><img style="width:50%;" src="/media/images/logos/marchands/36.png" alt="Sobeys"></td><td><span itemprop="price">$7.98</span><span itemprop="eligibleQuantity" itemscope="" itemtype="http://schema.org/QuantitativeValue">/<span itemprop="value">2</span>x<span itemprop="unitText">3lb (1,37kg)</span></span></td><td>$2.93/kg</td><td style="display: none;">2020-02-26</td><td style="display: none;">P.E.I</td><td style="display: none;">house brand</td><td style="display: none;"></td><td style="display: none;">red, yellow</td><td style="display: none;"></td><td style="display: none;"></td><td style="display: none;">or russet</td><td style="display: none;"><a class="recipeLink" href="/recipe_ingredient_search_results.php?query=(_QU5E__1__________694__[]_1_1)">Recipes with potatoes ORGANIC</a></td></tr><tr role="row" class="odd"><td tabindex="0"><i class="fas fa-exclamation"></i></td><td class=" not_printable"><div class="addToGL" data-soscuisine-aisle="17" data-soscuisine-sip="3946115"><i class="fa fa-cart-plus" title="Add to My Grocery List"></i><div></div></div></td><td><img class="storeItemImage" itemprop="image" alt="potatoes ORGANIC" src="/media/images/store_item/694.jpg"></td><td>potatoes ORGANIC</td><td class="not_printable sorting_1">vegetables</td><td><img style="width:50%;" src="/media/images/logos/marchands/36.png" alt="Sobeys"></td><td><span itemprop="price">$4.49</span><span itemprop="eligibleQuantity" itemscope="" itemtype="http://schema.org/QuantitativeValue">/<span itemprop="unitText">3lb (1,37kg)</span></span></td><td>$3.30/kg</td><td style="display: none;">2020-02-26</td><td style="display: none;">P.E.I</td><td style="display: none;">house brand</td><td style="display: none;"></td><td style="display: none;">red, yellow</td><td style="display: none;"></td><td style="display: none;"></td><td style="display: none;">or russet</td><td style="display: none;"><a class="recipeLink" href="/recipe_ingredient_search_results.php?query=(_QU5E__1__________694__[]_1_1)">Recipes with potatoes ORGANIC</a></td></tr><tr role="row" class="even"><td tabindex="0"><i class="fas fa-hand-rock"></i></td><td class=" not_printable"><div class="addToGL" data-soscuisine-aisle="17" data-soscuisine-sip="3945157"><i class="fa fa-cart-plus" title="Add to My Grocery List"></i><div></div></div></td><td><img class="storeItemImage" itemprop="image" alt="small/baby potatoes (nugget)" src="/media/images/store_item/315.jpg"></td><td>small/baby potatoes (nugget)</td><td class="not_printable sorting_1">vegetables</td><td><img style="width:50%;" src="/media/images/logos/marchands/32.png" alt="Atlantic Superstore"></td><td><span itemprop="price">$7.00</span><span itemprop="eligibleQuantity" itemscope="" itemtype="http://schema.org/QuantitativeValue">/<span itemprop="value">2</span>x<span itemprop="unitText">24oz (680g)</span></span></td><td>$5.15/kg</td><td style="display: none;">2020-02-26</td><td style="display: none;">Canada</td><td style="display: none;">house brand</td><td style="display: none;"></td><td style="display: none;">red, yellow</td><td style="display: none;"></td><td style="display: none;"></td><td style="display: none;">or mixed</td><td style="display: none;"><a class="recipeLink" href="/recipe_ingredient_search_results.php?query=(_QU5E__1__________315__[]_1_1)">Recipes with small/baby potatoes (nugget)</a></td></tr><tr role="row" class="odd"><td tabindex="0"><i class="fas fa-hand-rock"></i></td><td class=" not_printable"><div class="addToGL" data-soscuisine-aisle="17" data-soscuisine-sip="3945155"><i class="fa fa-cart-plus" title="Add to My Grocery List"></i><div></div></div></td><td><img class="storeItemImage" itemprop="image" alt="small/baby potatoes (nugget)" src="/media/images/store_item/315.jpg"></td><td>small/baby potatoes (nugget)</td><td class="not_printable sorting_1">vegetables</td><td><img style="width:50%;" src="/media/images/logos/marchands/32.png" alt="Atlantic Superstore"></td><td><span itemprop="price">$3.99</span><span itemprop="eligibleQuantity" itemscope="" itemtype="http://schema.org/QuantitativeValue">/<span itemprop="unitText">24oz (680g)</span></span></td><td>$5.87/kg</td><td style="display: none;">2020-02-26</td><td style="display: none;">Canada</td><td style="display: none;">house brand</td><td style="display: none;"></td><td style="display: none;">red, yellow</td><td style="display: none;"></td><td style="display: none;"></td><td style="display: none;">or mixed</td><td style="display: none;"><a class="recipeLink" href="/recipe_ingredient_search_results.php?query=(_QU5E__1__________315__[]_1_1)">Recipes with small/baby potatoes (nugget)</a></td></tr><tr role="row" class="even"><td tabindex="0"><i class="fas fa-hand-rock"></i></td><td class=" not_printable"><div class="addToGL" data-soscuisine-aisle="17" data-soscuisine-sip="3942365"><i class="fa fa-cart-plus" title="Add to My Grocery List"></i><div></div></div></td><td><img class="storeItemImage" itemprop="image" alt="small/baby potatoes (nugget)" src="/media/images/store_item/315.jpg"></td><td>small/baby potatoes (nugget)</td><td class="not_printable sorting_1">vegetables</td><td><img style="width:50%;" src="/media/images/logos/marchands/100.png" alt="Your Independent Grocer"></td><td><span itemprop="price">$7.00</span><span itemprop="eligibleQuantity" itemscope="" itemtype="http://schema.org/QuantitativeValue">/<span itemprop="value">2</span>x<span itemprop="unitText">680g</span></span></td><td>$5.15/kg</td><td style="display: none;">2020-02-26</td><td style="display: none;">Canada</td><td style="display: none;">house brand</td><td style="display: none;"></td><td style="display: none;">red, yellow</td><td style="display: none;"></td><td style="display: none;"></td><td style="display: none;">or mixed</td><td style="display: none;"><a class="recipeLink" href="/recipe_ingredient_search_results.php?query=(_QU5E__1__________315__[]_1_1)">Recipes with small/baby potatoes (nugget)</a></td></tr><tr role="row" class="odd"><td tabindex="0"><i class="fas fa-hand-rock"></i></td><td class=" not_printable"><div class="addToGL" data-soscuisine-aisle="17" data-soscuisine-sip="3942371"><i class="fa fa-cart-plus" title="Add to My Grocery List"></i><div></div></div></td><td><img class="storeItemImage" itemprop="image" alt="small/baby potatoes (nugget)" src="/media/images/store_item/315.jpg"></td><td>small/baby potatoes (nugget)</td><td class="not_printable sorting_1">vegetables</td><td><img style="width:50%;" src="/media/images/logos/marchands/100.png" alt="Your Independent Grocer"></td><td><span itemprop="price">$3.99</span><span itemprop="eligibleQuantity" itemscope="" itemtype="http://schema.org/QuantitativeValue">/<span itemprop="unitText">680g</span></span></td><td>$5.87/kg</td><td style="display: none;">2020-02-26</td><td style="display: none;">Canada</td><td style="display: none;">house brand</td><td style="display: none;"></td><td style="display: none;">red, yellow</td><td style="display: none;"></td><td style="display: none;"></td><td style="display: none;">or mixed</td><td style="display: none;"><a class="recipeLink" href="/recipe_ingredient_search_results.php?query=(_QU5E__1__________315__[]_1_1)">Recipes with small/baby potatoes (nugget)</a></td></tr><tr role="row" class="even"><td tabindex="0"><i class="fas fa-exclamation"></i></td><td class=" not_printable"><div class="addToGL" data-soscuisine-aisle="17" data-soscuisine-sip="3946015"><i class="fa fa-cart-plus" title="Add to My Grocery List"></i><div></div></div></td><td><img class="storeItemImage" itemprop="image" alt="spinach" src="/media/images/store_item/121.jpg"></td><td>spinach</td><td class="not_printable sorting_1">vegetables</td><td><img style="width:50%;" src="/media/images/logos/marchands/36.png" alt="Sobeys"></td><td><span itemprop="price">$6.00</span><span itemprop="eligibleQuantity" itemscope="" itemtype="http://schema.org/QuantitativeValue">/<span itemprop="value">2</span>x<span itemprop="unitText">13.25oz (375g)</span></span></td><td>$7.98/kg</td><td style="display: none;">2020-02-26</td><td style="display: none;">USA</td><td style="display: none;"></td><td style="display: none;"></td><td style="display: none;"></td><td style="display: none;"></td><td style="display: none;"></td><td style="display: none;"></td><td style="display: none;"><a class="recipeLink" href="/recipe_ingredient_search_results.php?query=(_QU5E__1__________121__[]_1_1)">Recipes with spinach</a></td></tr><tr role="row" class="odd"><td tabindex="0"><i class="fa fa-thumbs-down"></i></td><td class=" not_printable"><div class="addToGL" data-soscuisine-aisle="17" data-soscuisine-sip="3946081"><i class="fa fa-cart-plus" title="Add to My Grocery List"></i><div></div></div></td><td><img class="storeItemImage" itemprop="image" alt="sweet peppers, red" src="/media/images/store_item/291.jpg"></td><td>sweet peppers, red</td><td class="not_printable sorting_1">vegetables</td><td><img style="width:50%;" src="/media/images/logos/marchands/36.png" alt="Sobeys"></td><td><span itemprop="price">$4.99</span><span itemprop="eligibleQuantity" itemscope="" itemtype="http://schema.org/QuantitativeValue">/<span itemprop="unitText">3-pack</span></span></td><td>$13.31/kg</td><td style="display: none;">2020-02-26</td><td style="display: none;">Mexico</td><td style="display: none;"></td><td style="display: none;">standard</td><td style="display: none;">mixed type</td><td style="display: none;"></td><td style="display: none;"></td><td style="display: none;"></td><td style="display: none;"><a class="recipeLink" href="/recipe_ingredient_search_results.php?query=(_QU5E__1__________291__[]_1_1)">Recipes with sweet peppers, red</a></td></tr><tr role="row" class="even"><td tabindex="0"><i class="fa fa-thumbs-down"></i></td><td class=" not_printable"><div class="addToGL" data-soscuisine-aisle="17" data-soscuisine-sip="3942379"><i class="fa fa-cart-plus" title="Add to My Grocery List"></i><div></div></div></td><td><img class="storeItemImage" itemprop="image" alt="sweet peppers, red" src="/media/images/store_item/291.jpg"></td><td>sweet peppers, red</td><td class="not_printable sorting_1">vegetables</td><td><img style="width:50%;" src="/media/images/logos/marchands/100.png" alt="Your Independent Grocer"></td><td><span itemprop="price">$6.99</span><span itemprop="eligibleQuantity" itemscope="" itemtype="http://schema.org/QuantitativeValue">/<span itemprop="unitText">3-pack</span></span></td><td>$18.64/kg</td><td style="display: none;">2020-02-26</td><td style="display: none;">Mexico</td><td style="display: none;"></td><td style="display: none;">standard</td><td style="display: none;">orange, red, yellow</td><td style="display: none;"></td><td style="display: none;"></td><td style="display: none;"></td><td style="display: none;"><a class="recipeLink" href="/recipe_ingredient_search_results.php?query=(_QU5E__1__________291__[]_1_1)">Recipes with sweet peppers, red</a></td></tr><tr role="row" class="odd"><td tabindex="0"><i class="fa fa-thumbs-up"></i></td><td class=" not_printable"><div class="addToGL" data-soscuisine-aisle="17" data-soscuisine-sip="3945151"><i class="fa fa-cart-plus" title="Add to My Grocery List"></i><div></div></div></td><td><img class="storeItemImage" itemprop="image" alt="sweet potatoes/yams" src="/media/images/store_item/90.jpg"></td><td>sweet potatoes/yams</td><td class="not_printable sorting_1">vegetables</td><td><img style="width:50%;" src="/media/images/logos/marchands/32.png" alt="Atlantic Superstore"></td><td><span itemprop="price">$4.99</span><span itemprop="eligibleQuantity" itemscope="" itemtype="http://schema.org/QuantitativeValue">/<span itemprop="unitText">5lb (2,3kg)</span></span></td><td>$2.20/kg</td><td style="display: none;">2020-02-26</td><td style="display: none;">Canada</td><td style="display: none;">house brand</td><td style="display: none;"></td><td style="display: none;"></td><td style="display: none;"></td><td style="display: none;"></td><td style="display: none;"></td><td style="display: none;"><a class="recipeLink" href="/recipe_ingredient_search_results.php?query=(_QU5E__1__________90__[]_1_1)">Recipes with sweet potatoes/yams</a></td></tr><tr role="row" class="even"><td tabindex="0"><i class="fa fa-thumbs-up"></i></td><td class=" not_printable"><div class="addToGL" data-soscuisine-aisle="17" data-soscuisine-sip="3942531"><i class="fa fa-cart-plus" title="Add to My Grocery List"></i><div></div></div></td><td><img class="storeItemImage" itemprop="image" alt="sweet potatoes/yams" src="/media/images/store_item/90.jpg"></td><td>sweet potatoes/yams</td><td class="not_printable sorting_1">vegetables</td><td><img style="width:50%;" src="/media/images/logos/marchands/97.png" alt="No Frills"></td><td><span itemprop="price">$1.00</span><span itemprop="eligibleQuantity" itemscope="" itemtype="http://schema.org/QuantitativeValue">/<span itemprop="unitText">lb</span></span></td><td>$2.20/kg</td><td style="display: none;">2020-02-26</td><td style="display: none;">USA</td><td style="display: none;"></td><td style="display: none;"></td><td style="display: none;"></td><td style="display: none;"></td><td style="display: none;"></td><td style="display: none;"></td><td style="display: none;"><a class="recipeLink" href="/recipe_ingredient_search_results.php?query=(_QU5E__1__________90__[]_1_1)">Recipes with sweet potatoes/yams</a></td></tr><tr role="row" class="odd"><td tabindex="0"><i class="fa fa-thumbs-up"></i><i class="fa fa-thumbs-up"></i></td><td class=" not_printable"><div class="addToGL" data-soscuisine-aisle="17" data-soscuisine-sip="3941053"><i class="fa fa-cart-plus" title="Add to My Grocery List"></i><div></div></div></td><td><img class="storeItemImage" itemprop="image" alt="sweet potatoes/yams" src="/media/images/store_item/90.jpg"></td><td>sweet potatoes/yams</td><td class="not_printable sorting_1">vegetables</td><td><img style="width:50%;" src="/media/images/logos/marchands/76.png" alt="Walmart"></td><td><span itemprop="price">$0.67</span><span itemprop="eligibleQuantity" itemscope="" itemtype="http://schema.org/QuantitativeValue">/<span itemprop="unitText">lb</span></span></td><td>$1.48/kg</td><td style="display: none;">2020-02-26</td><td style="display: none;">Canada</td><td style="display: none;"></td><td style="display: none;"></td><td style="display: none;"></td><td style="display: none;"></td><td style="display: none;"></td><td style="display: none;">supercentres only</td><td style="display: none;"><a class="recipeLink" href="/recipe_ingredient_search_results.php?query=(_QU5E__1__________90__[]_1_1)">Recipes with sweet potatoes/yams</a></td></tr><tr role="row" class="even"><td tabindex="0"><i class="fa fa-thumbs-down"></i></td><td class=" not_printable"><div class="addToGL" data-soscuisine-aisle="17" data-soscuisine-sip="3945135"><i class="fa fa-cart-plus" title="Add to My Grocery List"></i><div></div></div></td><td><img class="storeItemImage" itemprop="image" alt="tomatoes" src="/media/images/store_item/9.jpg"></td><td>tomatoes</td><td class="not_printable sorting_1">vegetables</td><td><img style="width:50%;" src="/media/images/logos/marchands/32.png" alt="Atlantic Superstore"></td><td><span itemprop="price">$2.99</span><span itemprop="eligibleQuantity" itemscope="" itemtype="http://schema.org/QuantitativeValue">/<span itemprop="unitText">lb</span></span></td><td>$6.59/kg</td><td style="display: none;">2020-02-26</td><td style="display: none;">Canada</td><td style="display: none;"></td><td style="display: none;"></td><td style="display: none;">on the vine</td><td style="display: none;"></td><td style="display: none;"></td><td style="display: none;">greenhouse</td><td style="display: none;"><a class="recipeLink" href="/recipe_ingredient_search_results.php?query=(_QU5E__1__________9__[]_1_1)">Recipes with tomatoes</a></td></tr><tr role="row" class="odd"><td tabindex="0"><i class="fa fa-thumbs-down"></i></td><td class=" not_printable"><div class="addToGL" data-soscuisine-aisle="17" data-soscuisine-sip="3941063"><i class="fa fa-cart-plus" title="Add to My Grocery List"></i><div></div></div></td><td><img class="storeItemImage" itemprop="image" alt="tomatoes" src="/media/images/store_item/9.jpg"></td><td>tomatoes</td><td class="not_printable sorting_1">vegetables</td><td><img style="width:50%;" src="/media/images/logos/marchands/76.png" alt="Walmart"></td><td><span itemprop="price">$2.47</span><span itemprop="eligibleQuantity" itemscope="" itemtype="http://schema.org/QuantitativeValue">/<span itemprop="unitText">lb</span></span></td><td>$5.45/kg</td><td style="display: none;">2020-02-26</td><td style="display: none;">Mexico</td><td style="display: none;"></td><td style="display: none;"></td><td style="display: none;">on the vine</td><td style="display: none;"></td><td style="display: none;"></td><td style="display: none;">supercentres only</td><td style="display: none;"><a class="recipeLink" href="/recipe_ingredient_search_results.php?query=(_QU5E__1__________9__[]_1_1)">Recipes with tomatoes</a></td></tr><tr role="row" class="even"><td tabindex="0"><i class="fa fa-thumbs-up"></i><i class="fa fa-thumbs-up"></i></td><td class=" not_printable"><div class="addToGL" data-soscuisine-aisle="17" data-soscuisine-sip="3943709"><i class="fa fa-cart-plus" title="Add to My Grocery List"></i><div></div></div></td><td><img class="storeItemImage" alt="turnips" src="/media/images/store_item/blank.jpg"></td><td>turnips</td><td class="not_printable sorting_1">vegetables</td><td><img style="width:50%;" src="/media/images/logos/marchands/50.png" alt="Foodland"></td><td><span itemprop="price">$0.69</span><span itemprop="eligibleQuantity" itemscope="" itemtype="http://schema.org/QuantitativeValue">/<span itemprop="unitText">lb</span></span></td><td>$1.52/kg</td><td style="display: none;">2020-02-26</td><td style="display: none;">Canada</td><td style="display: none;"></td><td style="display: none;"></td><td style="display: none;"></td><td style="display: none;"></td><td style="display: none;"></td><td style="display: none;"></td><td style="display: none;"><a class="recipeLink" href="/recipe_ingredient_search_results.php?query=(_QU5E__1__________100__[]_1_1)">Recipes with turnips</a></td></tr><tr role="row" class="odd"><td tabindex="0"><i class="fa fa-thumbs-up"></i></td><td class=" not_printable"><div class="addToGL" data-soscuisine-aisle="5" data-soscuisine-sip="3943613"><i class="fa fa-cart-plus" title="Add to My Grocery List"></i><div></div></div></td><td><img class="storeItemImage" alt="butter" src="/media/images/store_item/blank.jpg"></td><td>butter</td><td class="not_printable sorting_1">dairy products &amp; eggs</td><td><img style="width:50%;" src="/media/images/logos/marchands/50.png" alt="Foodland"></td><td><span itemprop="price">$9.99</span><span itemprop="eligibleQuantity" itemscope="" itemtype="http://schema.org/QuantitativeValue">/<span itemprop="value">3</span>x<span itemprop="unitText">454g (1lb)</span></span></td><td>$7.34/kg</td><td style="display: none;">2020-02-26</td><td style="display: none;"></td><td style="display: none;">house brand</td><td style="display: none;"></td><td style="display: none;"></td><td style="display: none;"></td><td style="display: none;"></td><td style="display: none;"></td><td style="display: none;"><a class="recipeLink" href="/recipe_ingredient_search_results.php?query=(_QU5E__1__________17__[]_1_1)">Recipes with butter</a></td></tr><tr role="row" class="even"><td tabindex="0"><i class="fas fa-hand-rock"></i></td><td class=" not_printable"><div class="addToGL" data-soscuisine-aisle="5" data-soscuisine-sip="3946629"><i class="fa fa-cart-plus" title="Add to My Grocery List"></i><div></div></div></td><td><img class="storeItemImage" alt="butter" src="/media/images/store_item/blank.jpg"></td><td>butter</td><td class="not_printable sorting_1">dairy products &amp; eggs</td><td><img style="width:50%;" src="/media/images/logos/marchands/36.png" alt="Sobeys"></td><td><span itemprop="price">$3.99</span><span itemprop="eligibleQuantity" itemscope="" itemtype="http://schema.org/QuantitativeValue">/<span itemprop="unitText">454g (1lb)</span></span></td><td>$8.80/kg</td><td style="display: none;">2020-02-26</td><td style="display: none;"></td><td style="display: none;">house brand</td><td style="display: none;"></td><td style="display: none;">salted</td><td style="display: none;"></td><td style="display: none;"></td><td style="display: none;"></td><td style="display: none;"><a class="recipeLink" href="/recipe_ingredient_search_results.php?query=(_QU5E__1__________17__[]_1_1)">Recipes with butter</a></td></tr><tr role="row" class="odd"><td tabindex="0"><i class="fas fa-hand-rock"></i></td><td class=" not_printable"><div class="addToGL" data-soscuisine-aisle="5" data-soscuisine-sip="3948507"><i class="fa fa-cart-plus" title="Add to My Grocery List"></i><div></div></div></td><td><img class="storeItemImage" alt="cheese bar" src="/media/images/store_item/blank.jpg"></td><td>cheese bar</td><td class="not_printable sorting_1">dairy products &amp; eggs</td><td><img style="width:50%;" src="/media/images/logos/marchands/32.png" alt="Atlantic Superstore"></td><td><span itemprop="price">$10.00</span><span itemprop="eligibleQuantity" itemscope="" itemtype="http://schema.org/QuantitativeValue">/<span itemprop="value">2</span>x<span itemprop="unitText">450g</span></span></td><td>$1.11/100g</td><td style="display: none;">2020-02-26</td><td style="display: none;"></td><td style="display: none;">house brand</td><td style="display: none;"></td><td style="display: none;"></td><td style="display: none;"></td><td style="display: none;"></td><td style="display: none;"></td><td style="display: none;"></td></tr><tr role="row" class="even"><td tabindex="0"><i class="fas fa-hand-rock"></i></td><td class=" not_printable"><div class="addToGL" data-soscuisine-aisle="5" data-soscuisine-sip="3946431"><i class="fa fa-cart-plus" title="Add to My Grocery List"></i><div></div></div></td><td><img class="storeItemImage" alt="cheese bar" src="/media/images/store_item/blank.jpg"></td><td>cheese bar</td><td class="not_printable sorting_1">dairy products &amp; eggs</td><td><img style="width:50%;" src="/media/images/logos/marchands/32.png" alt="Atlantic Superstore"></td><td><span itemprop="price">$5.99</span><span itemprop="eligibleQuantity" itemscope="" itemtype="http://schema.org/QuantitativeValue">/<span itemprop="unitText">500g</span></span></td><td>$1.20/100g</td><td style="display: none;">2020-02-26</td><td style="display: none;"></td><td style="display: none;">Galbani</td><td style="display: none;"></td><td style="display: none;"></td><td style="display: none;"></td><td style="display: none;"></td><td style="display: none;"></td><td style="display: none;"></td></tr><tr role="row" class="odd"><td tabindex="0"><i class="fas fa-hand-rock"></i></td><td class=" not_printable"><div class="addToGL" data-soscuisine-aisle="5" data-soscuisine-sip="3945285"><i class="fa fa-cart-plus" title="Add to My Grocery List"></i><div></div></div></td><td><img class="storeItemImage" alt="cheese bar" src="/media/images/store_item/blank.jpg"></td><td>cheese bar</td><td class="not_printable sorting_1">dairy products &amp; eggs</td><td><img style="width:50%;" src="/media/images/logos/marchands/32.png" alt="Atlantic Superstore"></td><td><span itemprop="price">$5.49</span><span itemprop="eligibleQuantity" itemscope="" itemtype="http://schema.org/QuantitativeValue">/<span itemprop="unitText">450g</span></span></td><td>$1.22/100g</td><td style="display: none;">2020-02-26</td><td style="display: none;"></td><td style="display: none;">house brand</td><td style="display: none;"></td><td style="display: none;"></td><td style="display: none;"></td><td style="display: none;"></td><td style="display: none;"></td><td style="display: none;"></td></tr><tr role="row" class="even"><td tabindex="0"><i class="fa fa-thumbs-down"></i></td><td class=" not_printable"><div class="addToGL" data-soscuisine-aisle="5" data-soscuisine-sip="3946425"><i class="fa fa-cart-plus" title="Add to My Grocery List"></i><div></div></div></td><td><img class="storeItemImage" alt="cheese bar" src="/media/images/store_item/blank.jpg"></td><td>cheese bar</td><td class="not_printable sorting_1">dairy products &amp; eggs</td><td><img style="width:50%;" src="/media/images/logos/marchands/32.png" alt="Atlantic Superstore"></td><td><span itemprop="price">$5.99</span><span itemprop="eligibleQuantity" itemscope="" itemtype="http://schema.org/QuantitativeValue">/<span itemprop="unitText">400g</span></span></td><td>$1.50/100g</td><td style="display: none;">2020-02-26</td><td style="display: none;"></td><td style="display: none;">Black Diamond</td><td style="display: none;"></td><td style="display: none;"></td><td style="display: none;"></td><td style="display: none;"></td><td style="display: none;"></td><td style="display: none;"></td></tr><tr role="row" class="odd"><td tabindex="0"><i class="fas fa-hand-rock"></i></td><td class=" not_printable"><div class="addToGL" data-soscuisine-aisle="5" data-soscuisine-sip="3943843"><i class="fa fa-cart-plus" title="Add to My Grocery List"></i><div></div></div></td><td><img class="storeItemImage" alt="cheese bar" src="/media/images/store_item/blank.jpg"></td><td>cheese bar</td><td class="not_printable sorting_1">dairy products &amp; eggs</td><td><img style="width:50%;" src="/media/images/logos/marchands/50.png" alt="Foodland"></td><td><span itemprop="price">$5.99</span><span itemprop="eligibleQuantity" itemscope="" itemtype="http://schema.org/QuantitativeValue">/<span itemprop="unitText">450g</span></span></td><td>$1.33/100g</td><td style="display: none;">2020-02-26</td><td style="display: none;"></td><td style="display: none;">house brand</td><td style="display: none;"></td><td style="display: none;"></td><td style="display: none;"></td><td style="display: none;"></td><td style="display: none;"></td><td style="display: none;"></td></tr><tr role="row" class="even"><td tabindex="0"><i class="fas fa-hand-rock"></i></td><td class=" not_printable"><div class="addToGL" data-soscuisine-aisle="5" data-soscuisine-sip="3946041"><i class="fa fa-cart-plus" title="Add to My Grocery List"></i><div></div></div></td><td><img class="storeItemImage" alt="cheese bar" src="/media/images/store_item/blank.jpg"></td><td>cheese bar</td><td class="not_printable sorting_1">dairy products &amp; eggs</td><td><img style="width:50%;" src="/media/images/logos/marchands/36.png" alt="Sobeys"></td><td><span itemprop="price">$4.97</span><span itemprop="eligibleQuantity" itemscope="" itemtype="http://schema.org/QuantitativeValue">/<span itemprop="unitText">400g</span></span></td><td>$1.24/100g</td><td style="display: none;">2020-02-26</td><td style="display: none;"></td><td style="display: none;">Cracker Barrel</td><td style="display: none;"></td><td style="display: none;"></td><td style="display: none;"></td><td style="display: none;"></td><td style="display: none;"></td><td style="display: none;"></td></tr><tr role="row" class="odd"><td tabindex="0"><i class="fas fa-hand-rock"></i></td><td class=" not_printable"><div class="addToGL" data-soscuisine-aisle="5" data-soscuisine-sip="3942881"><i class="fa fa-cart-plus" title="Add to My Grocery List"></i><div></div></div></td><td><img class="storeItemImage" alt="cheese bar" src="/media/images/store_item/blank.jpg"></td><td>cheese bar</td><td class="not_printable sorting_1">dairy products &amp; eggs</td><td><img style="width:50%;" src="/media/images/logos/marchands/100.png" alt="Your Independent Grocer"></td><td><span itemprop="price">$10.00</span><span itemprop="eligibleQuantity" itemscope="" itemtype="http://schema.org/QuantitativeValue">/<span itemprop="value">2</span>x<span itemprop="unitText">450g</span></span></td><td>$1.11/100g</td><td style="display: none;">2020-02-26</td><td style="display: none;"></td><td style="display: none;">house brand</td><td style="display: none;"></td><td style="display: none;"></td><td style="display: none;"></td><td style="display: none;"></td><td style="display: none;"></td><td style="display: none;"></td></tr><tr role="row" class="even"><td tabindex="0"><i class="fas fa-hand-rock"></i></td><td class=" not_printable"><div class="addToGL" data-soscuisine-aisle="5" data-soscuisine-sip="3942883"><i class="fa fa-cart-plus" title="Add to My Grocery List"></i><div></div></div></td><td><img class="storeItemImage" alt="cheese bar" src="/media/images/store_item/blank.jpg"></td><td>cheese bar</td><td class="not_printable sorting_1">dairy products &amp; eggs</td><td><img style="width:50%;" src="/media/images/logos/marchands/100.png" alt="Your Independent Grocer"></td><td><span itemprop="price">$5.49</span><span itemprop="eligibleQuantity" itemscope="" itemtype="http://schema.org/QuantitativeValue">/<span itemprop="unitText">450g</span></span></td><td>$1.22/100g</td><td style="display: none;">2020-02-26</td><td style="display: none;"></td><td style="display: none;">house brand</td><td style="display: none;"></td><td style="display: none;"></td><td style="display: none;"></td><td style="display: none;"></td><td style="display: none;"></td><td style="display: none;"></td></tr><tr role="row" class="odd"><td tabindex="0"><i class="fa fa-thumbs-down"></i></td><td class=" not_printable"><div class="addToGL" data-soscuisine-aisle="5" data-soscuisine-sip="3942299"><i class="fa fa-cart-plus" title="Add to My Grocery List"></i><div></div></div></td><td><img class="storeItemImage" alt="cheese bar" src="/media/images/store_item/blank.jpg"></td><td>cheese bar</td><td class="not_printable sorting_1">dairy products &amp; eggs</td><td><img style="width:50%;" src="/media/images/logos/marchands/100.png" alt="Your Independent Grocer"></td><td><span itemprop="price">$5.99</span><span itemprop="eligibleQuantity" itemscope="" itemtype="http://schema.org/QuantitativeValue">/<span itemprop="unitText">400g</span></span></td><td>$1.50/100g</td><td style="display: none;">2020-02-26</td><td style="display: none;"></td><td style="display: none;">Black Diamond</td><td style="display: none;"></td><td style="display: none;"></td><td style="display: none;"></td><td style="display: none;"></td><td style="display: none;"></td><td style="display: none;"></td></tr><tr role="row" class="even"><td tabindex="0"><i class="fa fa-thumbs-down"></i></td><td class=" not_printable"><div class="addToGL" data-soscuisine-aisle="5" data-soscuisine-sip="3943825"><i class="fa fa-cart-plus" title="Add to My Grocery List"></i><div></div></div></td><td><img class="storeItemImage" alt="cheese mozzarella" src="/media/images/store_item/blank.jpg"></td><td>cheese mozzarella</td><td class="not_printable sorting_1">dairy products &amp; eggs</td><td><img style="width:50%;" src="/media/images/logos/marchands/50.png" alt="Foodland"></td><td><span itemprop="price">$5.99</span><span itemprop="eligibleQuantity" itemscope="" itemtype="http://schema.org/QuantitativeValue">/<span itemprop="unitText">340g</span></span></td><td>$1.76/100g</td><td style="display: none;">2020-02-26</td><td style="display: none;"></td><td style="display: none;">Tre Stelle</td><td style="display: none;"></td><td style="display: none;">ball</td><td style="display: none;"></td><td style="display: none;"></td><td style="display: none;"></td><td style="display: none;"><a class="recipeLink" href="/recipe_ingredient_search_results.php?query=(_QU5E__1__________728__[]_1_1)">Recipes with cheese mozzarella</a></td></tr><tr role="row" class="odd"><td tabindex="0"><i class="fas fa-hand-rock"></i></td><td class=" not_printable"><div class="addToGL" data-soscuisine-aisle="5" data-soscuisine-sip="3945229"><i class="fa fa-cart-plus" title="Add to My Grocery List"></i><div></div></div></td><td><img class="storeItemImage" alt="cheese, bocconcini (fresh mozzarella)" src="/media/images/store_item/blank.jpg"></td><td>cheese, bocconcini (fresh mozzarella)</td><td class="not_printable sorting_1">dairy products &amp; eggs</td><td><img style="width:50%;" src="/media/images/logos/marchands/32.png" alt="Atlantic Superstore"></td><td><span itemprop="price">$5.49</span><span itemprop="eligibleQuantity" itemscope="" itemtype="http://schema.org/QuantitativeValue">/<span itemprop="unitText">200g</span></span></td><td>$2.74/100g</td><td style="display: none;">2020-02-26</td><td style="display: none;">Canada</td><td style="display: none;">house brand</td><td style="display: none;"></td><td style="display: none;"></td><td style="display: none;"></td><td style="display: none;"></td><td style="display: none;"></td><td style="display: none;"><a class="recipeLink" href="/recipe_ingredient_search_results.php?query=(_QU5E__1__________147__[]_1_1)">Recipes with cheese, bocconcini (fresh mozzarella)</a></td></tr><tr role="row" class="even"><td tabindex="0"><i class="fas fa-hand-rock"></i></td><td class=" not_printable"><div class="addToGL" data-soscuisine-aisle="5" data-soscuisine-sip="3942597"><i class="fa fa-cart-plus" title="Add to My Grocery List"></i><div></div></div></td><td><img class="storeItemImage" alt="cheese, bocconcini (fresh mozzarella)" src="/media/images/store_item/blank.jpg"></td><td>cheese, bocconcini (fresh mozzarella)</td><td class="not_printable sorting_1">dairy products &amp; eggs</td><td><img style="width:50%;" src="/media/images/logos/marchands/100.png" alt="Your Independent Grocer"></td><td><span itemprop="price">$5.49</span><span itemprop="eligibleQuantity" itemscope="" itemtype="http://schema.org/QuantitativeValue">/<span itemprop="unitText">200g</span></span></td><td>$2.74/100g</td><td style="display: none;">2020-02-26</td><td style="display: none;"></td><td style="display: none;">house brand</td><td style="display: none;"></td><td style="display: none;"></td><td style="display: none;"></td><td style="display: none;"></td><td style="display: none;"></td><td style="display: none;"><a class="recipeLink" href="/recipe_ingredient_search_results.php?query=(_QU5E__1__________147__[]_1_1)">Recipes with cheese, bocconcini (fresh mozzarella)</a></td></tr><tr role="row" class="odd"><td tabindex="0"><i class="fa fa-thumbs-up"></i></td><td class=" not_printable"><div class="addToGL" data-soscuisine-aisle="5" data-soscuisine-sip="3945287"><i class="fa fa-cart-plus" title="Add to My Grocery List"></i><div></div></div></td><td><img class="storeItemImage" alt="cheese, Cheddar" src="/media/images/store_item/blank.jpg"></td><td>cheese, Cheddar</td><td class="not_printable sorting_1">dairy products &amp; eggs</td><td><img style="width:50%;" src="/media/images/logos/marchands/32.png" alt="Atlantic Superstore"></td><td><span itemprop="price">$10.00</span><span itemprop="eligibleQuantity" itemscope="" itemtype="http://schema.org/QuantitativeValue">/<span itemprop="value">2</span>x<span itemprop="unitText">450g</span></span></td><td>$1.11/100g</td><td style="display: none;">2020-02-26</td><td style="display: none;"></td><td style="display: none;">house brand</td><td style="display: none;"></td><td style="display: none;"></td><td style="display: none;"></td><td style="display: none;"></td><td style="display: none;"></td><td style="display: none;"><a class="recipeLink" href="/recipe_ingredient_search_results.php?query=(_QU5E__1__________761__[]_1_1)">Recipes with cheese, Cheddar</a></td></tr><tr role="row" class="even"><td tabindex="0"><i class="fa fa-thumbs-up"></i></td><td class=" not_printable"><div class="addToGL" data-soscuisine-aisle="5" data-soscuisine-sip="3948509"><i class="fa fa-cart-plus" title="Add to My Grocery List"></i><div></div></div></td><td><img class="storeItemImage" alt="cheese, Cheddar" src="/media/images/store_item/blank.jpg"></td><td>cheese, Cheddar</td><td class="not_printable sorting_1">dairy products &amp; eggs</td><td><img style="width:50%;" src="/media/images/logos/marchands/32.png" alt="Atlantic Superstore"></td><td><span itemprop="price">$5.49</span><span itemprop="eligibleQuantity" itemscope="" itemtype="http://schema.org/QuantitativeValue">/<span itemprop="unitText">450g</span></span></td><td>$1.22/100g</td><td style="display: none;">2020-02-26</td><td style="display: none;"></td><td style="display: none;">house brand</td><td style="display: none;"></td><td style="display: none;"></td><td style="display: none;"></td><td style="display: none;"></td><td style="display: none;"></td><td style="display: none;"><a class="recipeLink" href="/recipe_ingredient_search_results.php?query=(_QU5E__1__________761__[]_1_1)">Recipes with cheese, Cheddar</a></td></tr><tr role="row" class="odd"><td tabindex="0"><i class="fas fa-hand-rock"></i></td><td class=" not_printable"><div class="addToGL" data-soscuisine-aisle="5" data-soscuisine-sip="3946429"><i class="fa fa-cart-plus" title="Add to My Grocery List"></i><div></div></div></td><td><img class="storeItemImage" alt="cheese, Cheddar" src="/media/images/store_item/blank.jpg"></td><td>cheese, Cheddar</td><td class="not_printable sorting_1">dairy products &amp; eggs</td><td><img style="width:50%;" src="/media/images/logos/marchands/32.png" alt="Atlantic Superstore"></td><td><span itemprop="price">$5.99</span><span itemprop="eligibleQuantity" itemscope="" itemtype="http://schema.org/QuantitativeValue">/<span itemprop="unitText">400g</span></span></td><td>$1.50/100g</td><td style="display: none;">2020-02-26</td><td style="display: none;"></td><td style="display: none;">Black Diamond</td><td style="display: none;"></td><td style="display: none;"></td><td style="display: none;"></td><td style="display: none;"></td><td style="display: none;"></td><td style="display: none;"><a class="recipeLink" href="/recipe_ingredient_search_results.php?query=(_QU5E__1__________761__[]_1_1)">Recipes with cheese, Cheddar</a></td></tr><tr role="row" class="even"><td tabindex="0"><i class="fa fa-thumbs-down"></i></td><td class=" not_printable"><div class="addToGL" data-soscuisine-aisle="5" data-soscuisine-sip="3945259"><i class="fa fa-cart-plus" title="Add to My Grocery List"></i><div></div></div></td><td><img class="storeItemImage" alt="cheese, Cheddar" src="/media/images/store_item/blank.jpg"></td><td>cheese, Cheddar</td><td class="not_printable sorting_1">dairy products &amp; eggs</td><td><img style="width:50%;" src="/media/images/logos/marchands/32.png" alt="Atlantic Superstore"></td><td><span itemprop="price">$4.99</span><span itemprop="eligibleQuantity" itemscope="" itemtype="http://schema.org/QuantitativeValue">/<span itemprop="unitText">240g</span></span></td><td>$2.08/100g</td><td style="display: none;">2020-02-26</td><td style="display: none;"></td><td style="display: none;">Black Diamond</td><td style="display: none;"></td><td style="display: none;"></td><td style="display: none;"></td><td style="display: none;">sliced</td><td style="display: none;"></td><td style="display: none;"><a class="recipeLink" href="/recipe_ingredient_search_results.php?query=(_QU5E__1__________761__[]_1_1)">Recipes with cheese, Cheddar</a></td></tr><tr role="row" class="odd"><td tabindex="0"><i class="fas fa-hand-rock"></i></td><td class=" not_printable"><div class="addToGL" data-soscuisine-aisle="5" data-soscuisine-sip="3943845"><i class="fa fa-cart-plus" title="Add to My Grocery List"></i><div></div></div></td><td><img class="storeItemImage" alt="cheese, Cheddar" src="/media/images/store_item/blank.jpg"></td><td>cheese, Cheddar</td><td class="not_printable sorting_1">dairy products &amp; eggs</td><td><img style="width:50%;" src="/media/images/logos/marchands/50.png" alt="Foodland"></td><td><span itemprop="price">$5.99</span><span itemprop="eligibleQuantity" itemscope="" itemtype="http://schema.org/QuantitativeValue">/<span itemprop="unitText">450g</span></span></td><td>$1.33/100g</td><td style="display: none;">2020-02-26</td><td style="display: none;"></td><td style="display: none;">house brand</td><td style="display: none;"></td><td style="display: none;"></td><td style="display: none;"></td><td style="display: none;"></td><td style="display: none;"></td><td style="display: none;"><a class="recipeLink" href="/recipe_ingredient_search_results.php?query=(_QU5E__1__________761__[]_1_1)">Recipes with cheese, Cheddar</a></td></tr><tr role="row" class="even"><td tabindex="0"><i class="fas fa-hand-rock"></i></td><td class=" not_printable"><div class="addToGL" data-soscuisine-aisle="5" data-soscuisine-sip="3946043"><i class="fa fa-cart-plus" title="Add to My Grocery List"></i><div></div></div></td><td><img class="storeItemImage" alt="cheese, Cheddar" src="/media/images/store_item/blank.jpg"></td><td>cheese, Cheddar</td><td class="not_printable sorting_1">dairy products &amp; eggs</td><td><img style="width:50%;" src="/media/images/logos/marchands/36.png" alt="Sobeys"></td><td><span itemprop="price">$4.97</span><span itemprop="eligibleQuantity" itemscope="" itemtype="http://schema.org/QuantitativeValue">/<span itemprop="unitText">400g</span></span></td><td>$1.24/100g</td><td style="display: none;">2020-02-26</td><td style="display: none;"></td><td style="display: none;">Cracker Barrel</td><td style="display: none;"></td><td style="display: none;"></td><td style="display: none;">strong</td><td style="display: none;"></td><td style="display: none;"></td><td style="display: none;"><a class="recipeLink" href="/recipe_ingredient_search_results.php?query=(_QU5E__1__________761__[]_1_1)">Recipes with cheese, Cheddar</a></td></tr><tr role="row" class="odd"><td tabindex="0"><i class="fa fa-thumbs-up"></i></td><td class=" not_printable"><div class="addToGL" data-soscuisine-aisle="5" data-soscuisine-sip="3945261"><i class="fa fa-cart-plus" title="Add to My Grocery List"></i><div></div></div></td><td><img class="storeItemImage" alt="cheese, cottage" src="/media/images/store_item/blank.jpg"></td><td>cheese, cottage</td><td class="not_printable sorting_1">dairy products &amp; eggs</td><td><img style="width:50%;" src="/media/images/logos/marchands/32.png" alt="Atlantic Superstore"></td><td><span itemprop="price">$5.00</span><span itemprop="eligibleQuantity" itemscope="" itemtype="http://schema.org/QuantitativeValue">/<span itemprop="value">2</span>x<span itemprop="unitText">500g</span></span></td><td>$0.50/100g</td><td style="display: none;">2020-02-26</td><td style="display: none;"></td><td style="display: none;">house brand</td><td style="display: none;"></td><td style="display: none;"></td><td style="display: none;"></td><td style="display: none;"></td><td style="display: none;"></td><td style="display: none;"><a class="recipeLink" href="/recipe_ingredient_search_results.php?query=(_QU5E__1__________426__[]_1_1)">Recipes with cheese, cottage</a></td></tr><tr role="row" class="even"><td tabindex="0"><i class="fa fa-thumbs-down"></i></td><td class=" not_printable"><div class="addToGL" data-soscuisine-aisle="5" data-soscuisine-sip="3945265"><i class="fa fa-cart-plus" title="Add to My Grocery List"></i><div></div></div></td><td><img class="storeItemImage" alt="cheese, cottage" src="/media/images/store_item/blank.jpg"></td><td>cheese, cottage</td><td class="not_printable sorting_1">dairy products &amp; eggs</td><td><img style="width:50%;" src="/media/images/logos/marchands/32.png" alt="Atlantic Superstore"></td><td><span itemprop="price">$2.99</span><span itemprop="eligibleQuantity" itemscope="" itemtype="http://schema.org/QuantitativeValue">/<span itemprop="unitText">500g</span></span></td><td>$0.60/100g</td><td style="display: none;">2020-02-26</td><td style="display: none;"></td><td style="display: none;">house brand</td><td style="display: none;"></td><td style="display: none;"></td><td style="display: none;"></td><td style="display: none;"></td><td style="display: none;"></td><td style="display: none;"><a class="recipeLink" href="/recipe_ingredient_search_results.php?query=(_QU5E__1__________426__[]_1_1)">Recipes with cheese, cottage</a></td></tr><tr role="row" class="odd"><td tabindex="0"><i class="fa fa-thumbs-up"></i></td><td class=" not_printable"><div class="addToGL" data-soscuisine-aisle="5" data-soscuisine-sip="3942885"><i class="fa fa-cart-plus" title="Add to My Grocery List"></i><div></div></div></td><td><img class="storeItemImage" alt="cheese, cottage" src="/media/images/store_item/blank.jpg"></td><td>cheese, cottage</td><td class="not_printable sorting_1">dairy products &amp; eggs</td><td><img style="width:50%;" src="/media/images/logos/marchands/100.png" alt="Your Independent Grocer"></td><td><span itemprop="price">$5.00</span><span itemprop="eligibleQuantity" itemscope="" itemtype="http://schema.org/QuantitativeValue">/<span itemprop="value">2</span>x<span itemprop="unitText">500g</span></span></td><td>$0.50/100g</td><td style="display: none;">2020-02-26</td><td style="display: none;"></td><td style="display: none;">house brand</td><td style="display: none;"></td><td style="display: none;"></td><td style="display: none;"></td><td style="display: none;"></td><td style="display: none;"></td><td style="display: none;"><a class="recipeLink" href="/recipe_ingredient_search_results.php?query=(_QU5E__1__________426__[]_1_1)">Recipes with cheese, cottage</a></td></tr><tr role="row" class="even"><td tabindex="0"><i class="fa fa-thumbs-down"></i></td><td class=" not_printable"><div class="addToGL" data-soscuisine-aisle="5" data-soscuisine-sip="3942887"><i class="fa fa-cart-plus" title="Add to My Grocery List"></i><div></div></div></td><td><img class="storeItemImage" alt="cheese, cottage" src="/media/images/store_item/blank.jpg"></td><td>cheese, cottage</td><td class="not_printable sorting_1">dairy products &amp; eggs</td><td><img style="width:50%;" src="/media/images/logos/marchands/100.png" alt="Your Independent Grocer"></td><td><span itemprop="price">$2.99</span><span itemprop="eligibleQuantity" itemscope="" itemtype="http://schema.org/QuantitativeValue">/<span itemprop="unitText">500g</span></span></td><td>$0.60/100g</td><td style="display: none;">2020-02-26</td><td style="display: none;"></td><td style="display: none;">house brand</td><td style="display: none;"></td><td style="display: none;"></td><td style="display: none;"></td><td style="display: none;"></td><td style="display: none;"></td><td style="display: none;"><a class="recipeLink" href="/recipe_ingredient_search_results.php?query=(_QU5E__1__________426__[]_1_1)">Recipes with cheese, cottage</a></td></tr><tr role="row" class="odd"><td tabindex="0"><i class="fa fa-thumbs-up"></i><i class="fa fa-thumbs-up"></i></td><td class=" not_printable"><div class="addToGL" data-soscuisine-aisle="5" data-soscuisine-sip="3945283"><i class="fa fa-cart-plus" title="Add to My Grocery List"></i><div></div></div></td><td><img class="storeItemImage" alt="cheese, cream cheese" src="/media/images/store_item/blank.jpg"></td><td>cheese, cream cheese</td><td class="not_printable sorting_1">dairy products &amp; eggs</td><td><img style="width:50%;" src="/media/images/logos/marchands/32.png" alt="Atlantic Superstore"></td><td><span itemprop="price">$2.99</span><span itemprop="eligibleQuantity" itemscope="" itemtype="http://schema.org/QuantitativeValue">/<span itemprop="unitText">12oz (340g)</span></span></td><td>$0.88/100g</td><td style="display: none;">2020-02-26</td><td style="display: none;"></td><td style="display: none;">Philadelphia</td><td style="display: none;"></td><td style="display: none;"></td><td style="display: none;"></td><td style="display: none;"></td><td style="display: none;"></td><td style="display: none;"><a class="recipeLink" href="/recipe_ingredient_search_results.php?query=(_QU5E__1__________306__[]_1_1)">Recipes with cheese, cream cheese</a></td></tr><tr role="row" class="even"><td tabindex="0"><i class="fas fa-hand-rock"></i></td><td class=" not_printable"><div class="addToGL" data-soscuisine-aisle="5" data-soscuisine-sip="3943887"><i class="fa fa-cart-plus" title="Add to My Grocery List"></i><div></div></div></td><td><img class="storeItemImage" alt="cheese, cream cheese" src="/media/images/store_item/blank.jpg"></td><td>cheese, cream cheese</td><td class="not_printable sorting_1">dairy products &amp; eggs</td><td><img style="width:50%;" src="/media/images/logos/marchands/50.png" alt="Foodland"></td><td><span itemprop="price">$2.99</span><span itemprop="eligibleQuantity" itemscope="" itemtype="http://schema.org/QuantitativeValue">/<span itemprop="unitText">250g</span></span></td><td>$1.20/100g</td><td style="display: none;">2020-02-26</td><td style="display: none;"></td><td style="display: none;">Philadelphia</td><td style="display: none;"></td><td style="display: none;"></td><td style="display: none;"></td><td style="display: none;"></td><td style="display: none;"></td><td style="display: none;"><a class="recipeLink" href="/recipe_ingredient_search_results.php?query=(_QU5E__1__________306__[]_1_1)">Recipes with cheese, cream cheese</a></td></tr><tr role="row" class="odd"><td tabindex="0"><i class="fas fa-hand-rock"></i></td><td class=" not_printable"><div class="addToGL" data-soscuisine-aisle="5" data-soscuisine-sip="3946515"><i class="fa fa-cart-plus" title="Add to My Grocery List"></i><div></div></div></td><td><img class="storeItemImage" alt="cheese, cream cheese" src="/media/images/store_item/blank.jpg"></td><td>cheese, cream cheese</td><td class="not_printable sorting_1">dairy products &amp; eggs</td><td><img style="width:50%;" src="/media/images/logos/marchands/36.png" alt="Sobeys"></td><td><span itemprop="price">$2.99</span><span itemprop="eligibleQuantity" itemscope="" itemtype="http://schema.org/QuantitativeValue">/<span itemprop="unitText">250g</span></span></td><td>$1.20/100g</td><td style="display: none;">2020-02-26</td><td style="display: none;"></td><td style="display: none;">Philadelphia</td><td style="display: none;"></td><td style="display: none;"></td><td style="display: none;"></td><td style="display: none;"></td><td style="display: none;"></td><td style="display: none;"><a class="recipeLink" href="/recipe_ingredient_search_results.php?query=(_QU5E__1__________306__[]_1_1)">Recipes with cheese, cream cheese</a></td></tr><tr role="row" class="even"><td tabindex="0"><i class="fas fa-hand-rock"></i></td><td class=" not_printable"><div class="addToGL" data-soscuisine-aisle="5" data-soscuisine-sip="3946375"><i class="fa fa-cart-plus" title="Add to My Grocery List"></i><div></div></div></td><td><img class="storeItemImage" alt="cheese, cream cheese" src="/media/images/store_item/blank.jpg"></td><td>cheese, cream cheese</td><td class="not_printable sorting_1">dairy products &amp; eggs</td><td><img style="width:50%;" src="/media/images/logos/marchands/36.png" alt="Sobeys"></td><td><span itemprop="price">$3.49</span><span itemprop="eligibleQuantity" itemscope="" itemtype="http://schema.org/QuantitativeValue">/<span itemprop="unitText">250g</span></span></td><td>$1.40/100g</td><td style="display: none;">2020-02-26</td><td style="display: none;"></td><td style="display: none;">house brand</td><td style="display: none;"></td><td style="display: none;"></td><td style="display: none;"></td><td style="display: none;"></td><td style="display: none;"></td><td style="display: none;"><a class="recipeLink" href="/recipe_ingredient_search_results.php?query=(_QU5E__1__________306__[]_1_1)">Recipes with cheese, cream cheese</a></td></tr><tr role="row" class="odd"><td tabindex="0"><i class="fa fa-thumbs-down"></i></td><td class=" not_printable"><div class="addToGL" data-soscuisine-aisle="5" data-soscuisine-sip="3943827"><i class="fa fa-cart-plus" title="Add to My Grocery List"></i><div></div></div></td><td><img class="storeItemImage" alt="cheese, feta" src="/media/images/store_item/blank.jpg"></td><td>cheese, feta</td><td class="not_printable sorting_1">dairy products &amp; eggs</td><td><img style="width:50%;" src="/media/images/logos/marchands/50.png" alt="Foodland"></td><td><span itemprop="price">$4.99</span><span itemprop="eligibleQuantity" itemscope="" itemtype="http://schema.org/QuantitativeValue">/<span itemprop="unitText">200g</span></span></td><td>$2.49/100g</td><td style="display: none;">2020-02-26</td><td style="display: none;"></td><td style="display: none;">house brand</td><td style="display: none;"></td><td style="display: none;">regular, light</td><td style="display: none;"></td><td style="display: none;"></td><td style="display: none;"></td><td style="display: none;"><a class="recipeLink" href="/recipe_ingredient_search_results.php?query=(_QU5E__1__________150__[]_1_1)">Recipes with cheese, feta</a></td></tr><tr role="row" class="even"><td tabindex="0"><i class="fas fa-hand-rock"></i></td><td class=" not_printable"><div class="addToGL" data-soscuisine-aisle="5" data-soscuisine-sip="3946293"><i class="fa fa-cart-plus" title="Add to My Grocery List"></i><div></div></div></td><td><img class="storeItemImage" alt="cheese, feta" src="/media/images/store_item/blank.jpg"></td><td>cheese, feta</td><td class="not_printable sorting_1">dairy products &amp; eggs</td><td><img style="width:50%;" src="/media/images/logos/marchands/36.png" alt="Sobeys"></td><td><span itemprop="price">$5.29</span><span itemprop="eligibleQuantity" itemscope="" itemtype="http://schema.org/QuantitativeValue">/<span itemprop="unitText">250g</span></span></td><td>$2.12/100g</td><td style="display: none;">2020-02-26</td><td style="display: none;">Atlantic Canada</td><td style="display: none;">Holmestead</td><td style="display: none;"></td><td style="display: none;"></td><td style="display: none;"></td><td style="display: none;"></td><td style="display: none;"></td><td style="display: none;"><a class="recipeLink" href="/recipe_ingredient_search_results.php?query=(_QU5E__1__________150__[]_1_1)">Recipes with cheese, feta</a></td></tr><tr role="row" class="odd"><td tabindex="0"><i class="fas fa-hand-rock"></i></td><td class=" not_printable"><div class="addToGL" data-soscuisine-aisle="5" data-soscuisine-sip="3946287"><i class="fa fa-cart-plus" title="Add to My Grocery List"></i><div></div></div></td><td><img class="storeItemImage" alt="cheese, feta" src="/media/images/store_item/blank.jpg"></td><td>cheese, feta</td><td class="not_printable sorting_1">dairy products &amp; eggs</td><td><img style="width:50%;" src="/media/images/logos/marchands/36.png" alt="Sobeys"></td><td><span itemprop="price">$8.99</span><span itemprop="eligibleQuantity" itemscope="" itemtype="http://schema.org/QuantitativeValue">/<span itemprop="unitText">400g</span></span></td><td>$2.25/100g</td><td style="display: none;">2020-02-26</td><td style="display: none;"></td><td style="display: none;">house brand</td><td style="display: none;"></td><td style="display: none;"></td><td style="display: none;"></td><td style="display: none;"></td><td style="display: none;"></td><td style="display: none;"><a class="recipeLink" href="/recipe_ingredient_search_results.php?query=(_QU5E__1__________150__[]_1_1)">Recipes with cheese, feta</a></td></tr><tr role="row" class="even"><td tabindex="0"><i class="fas fa-hand-rock"></i></td><td class=" not_printable"><div class="addToGL" data-soscuisine-aisle="5" data-soscuisine-sip="3945227"><i class="fa fa-cart-plus" title="Add to My Grocery List"></i><div></div></div></td><td><img class="storeItemImage" alt="cheese, gouda" src="/media/images/store_item/blank.jpg"></td><td>cheese, gouda</td><td class="not_printable sorting_1">dairy products &amp; eggs</td><td><img style="width:50%;" src="/media/images/logos/marchands/32.png" alt="Atlantic Superstore"></td><td><span itemprop="price">$2.99</span><span itemprop="eligibleQuantity" itemscope="" itemtype="http://schema.org/QuantitativeValue">/<span itemprop="unitText">100g</span></span></td><td>$2.99/100g</td><td style="display: none;">2020-02-26</td><td style="display: none;"></td><td style="display: none;">Beemster</td><td style="display: none;"></td><td style="display: none;"></td><td style="display: none;"></td><td style="display: none;"></td><td style="display: none;"></td><td style="display: none;"></td></tr><tr role="row" class="odd"><td tabindex="0"><i class="fa fa-thumbs-up"></i></td><td class=" not_printable"><div class="addToGL" data-soscuisine-aisle="5" data-soscuisine-sip="3945233"><i class="fa fa-cart-plus" title="Add to My Grocery List"></i><div></div></div></td><td><img class="storeItemImage" alt="cheese, Parmigiano" src="/media/images/store_item/blank.jpg"></td><td>cheese, Parmigiano</td><td class="not_printable sorting_1">dairy products &amp; eggs</td><td><img style="width:50%;" src="/media/images/logos/marchands/32.png" alt="Atlantic Superstore"></td><td><span itemprop="price">$3.49</span><span itemprop="eligibleQuantity" itemscope="" itemtype="http://schema.org/QuantitativeValue">/<span itemprop="unitText">100g</span></span></td><td>$3.49/100g</td><td style="display: none;">2020-02-26</td><td style="display: none;">Italy</td><td style="display: none;"></td><td style="display: none;"></td><td style="display: none;">Reggiano</td><td style="display: none;"></td><td style="display: none;"></td><td style="display: none;"></td><td style="display: none;"><a class="recipeLink" href="/recipe_ingredient_search_results.php?query=(_QU5E__1__________15__[]_1_1)">Recipes with cheese, Parmigiano</a></td></tr><tr role="row" class="even"><td tabindex="0"><i class="fas fa-exclamation"></i></td><td class=" not_printable"><div class="addToGL" data-soscuisine-aisle="5" data-soscuisine-sip="3945231"><i class="fa fa-cart-plus" title="Add to My Grocery List"></i><div></div></div></td><td><img class="storeItemImage" alt="cheese, ricotta" src="/media/images/store_item/blank.jpg"></td><td>cheese, ricotta</td><td class="not_printable sorting_1">dairy products &amp; eggs</td><td><img style="width:50%;" src="/media/images/logos/marchands/32.png" alt="Atlantic Superstore"></td><td><span itemprop="price">$5.49</span><span itemprop="eligibleQuantity" itemscope="" itemtype="http://schema.org/QuantitativeValue">/<span itemprop="unitText">454g (1lb)</span></span></td><td>$1.21/100g</td><td style="display: none;">2020-02-26</td><td style="display: none;">Canada</td><td style="display: none;">house brand</td><td style="display: none;"></td><td style="display: none;"></td><td style="display: none;"></td><td style="display: none;"></td><td style="display: none;"></td><td style="display: none;"><a class="recipeLink" href="/recipe_ingredient_search_results.php?query=(_QU5E__1__________427__[]_1_1)">Recipes with cheese, ricotta</a></td></tr><tr role="row" class="odd"><td tabindex="0"><i class="fas fa-exclamation"></i></td><td class=" not_printable"><div class="addToGL" data-soscuisine-aisle="5" data-soscuisine-sip="3943829"><i class="fa fa-cart-plus" title="Add to My Grocery List"></i><div></div></div></td><td><img class="storeItemImage" alt="cheese, ricotta" src="/media/images/store_item/blank.jpg"></td><td>cheese, ricotta</td><td class="not_printable sorting_1">dairy products &amp; eggs</td><td><img style="width:50%;" src="/media/images/logos/marchands/50.png" alt="Foodland"></td><td><span itemprop="price">$5.99</span><span itemprop="eligibleQuantity" itemscope="" itemtype="http://schema.org/QuantitativeValue">/<span itemprop="unitText">475g</span></span></td><td>$1.26/100g</td><td style="display: none;">2020-02-26</td><td style="display: none;"></td><td style="display: none;">Tre Stelle</td><td style="display: none;"></td><td style="display: none;"></td><td style="display: none;"></td><td style="display: none;"></td><td style="display: none;"></td><td style="display: none;"><a class="recipeLink" href="/recipe_ingredient_search_results.php?query=(_QU5E__1__________427__[]_1_1)">Recipes with cheese, ricotta</a></td></tr><tr role="row" class="even"><td tabindex="0"><i class="fas fa-exclamation"></i></td><td class=" not_printable"><div class="addToGL" data-soscuisine-aisle="5" data-soscuisine-sip="3942599"><i class="fa fa-cart-plus" title="Add to My Grocery List"></i><div></div></div></td><td><img class="storeItemImage" alt="cheese, ricotta" src="/media/images/store_item/blank.jpg"></td><td>cheese, ricotta</td><td class="not_printable sorting_1">dairy products &amp; eggs</td><td><img style="width:50%;" src="/media/images/logos/marchands/100.png" alt="Your Independent Grocer"></td><td><span itemprop="price">$5.49</span><span itemprop="eligibleQuantity" itemscope="" itemtype="http://schema.org/QuantitativeValue">/<span itemprop="unitText">454g (1lb)</span></span></td><td>$1.21/100g</td><td style="display: none;">2020-02-26</td><td style="display: none;"></td><td style="display: none;">house brand</td><td style="display: none;"></td><td style="display: none;"></td><td style="display: none;"></td><td style="display: none;"></td><td style="display: none;"></td><td style="display: none;"><a class="recipeLink" href="/recipe_ingredient_search_results.php?query=(_QU5E__1__________427__[]_1_1)">Recipes with cheese, ricotta</a></td></tr><tr role="row" class="odd"><td tabindex="0"><i class="fas fa-hand-rock"></i></td><td class=" not_printable"><div class="addToGL" data-soscuisine-aisle="5" data-soscuisine-sip="3946635"><i class="fa fa-cart-plus" title="Add to My Grocery List"></i><div></div></div></td><td><img class="storeItemImage" alt="cream 18%" src="/media/images/store_item/blank.jpg"></td><td>cream 18%</td><td class="not_printable sorting_1">dairy products &amp; eggs</td><td><img style="width:50%;" src="/media/images/logos/marchands/36.png" alt="Sobeys"></td><td><span itemprop="price">$3.99</span><span itemprop="eligibleQuantity" itemscope="" itemtype="http://schema.org/QuantitativeValue">/<span itemprop="unitText">1L</span></span></td><td>$0.40/100mL</td><td style="display: none;">2020-02-26</td><td style="display: none;"></td><td style="display: none;">Northumberland</td><td style="display: none;"></td><td style="display: none;"></td><td style="display: none;"></td><td style="display: none;"></td><td style="display: none;"></td><td style="display: none;"><a class="recipeLink" href="/recipe_ingredient_search_results.php?query=(_QU5E__1__________789__[]_1_1)">Recipes with cream 18%</a></td></tr><tr role="row" class="even"><td tabindex="0"><i class="fas fa-hand-rock"></i></td><td class=" not_printable"><div class="addToGL" data-soscuisine-aisle="5" data-soscuisine-sip="3942871"><i class="fa fa-cart-plus" title="Add to My Grocery List"></i><div></div></div></td><td><img class="storeItemImage" alt="cream 18%" src="/media/images/store_item/blank.jpg"></td><td>cream 18%</td><td class="not_printable sorting_1">dairy products &amp; eggs</td><td><img style="width:50%;" src="/media/images/logos/marchands/100.png" alt="Your Independent Grocer"></td><td><span itemprop="price">$3.49</span><span itemprop="eligibleQuantity" itemscope="" itemtype="http://schema.org/QuantitativeValue">/<span itemprop="unitText">1L</span></span></td><td>$0.35/100mL</td><td style="display: none;">2020-02-26</td><td style="display: none;"></td><td style="display: none;">Baxter</td><td style="display: none;"></td><td style="display: none;"></td><td style="display: none;"></td><td style="display: none;"></td><td style="display: none;">or Scotsburn</td><td style="display: none;"><a class="recipeLink" href="/recipe_ingredient_search_results.php?query=(_QU5E__1__________789__[]_1_1)">Recipes with cream 18%</a></td></tr><tr role="row" class="odd"><td tabindex="0"><i class="fa fa-thumbs-down"></i></td><td class=" not_printable"><div class="addToGL" data-soscuisine-aisle="5" data-soscuisine-sip="3943895"><i class="fa fa-cart-plus" title="Add to My Grocery List"></i><div></div></div></td><td><img class="storeItemImage" alt="egg whites" src="/media/images/store_item/blank.jpg"></td><td>egg whites</td><td class="not_printable sorting_1">dairy products &amp; eggs</td><td><img style="width:50%;" src="/media/images/logos/marchands/50.png" alt="Foodland"></td><td><span itemprop="price">$3.49</span><span itemprop="eligibleQuantity" itemscope="" itemtype="http://schema.org/QuantitativeValue">/<span itemprop="unitText">500g</span></span></td><td>$0.70/100g</td><td style="display: none;">2020-02-26</td><td style="display: none;"></td><td style="display: none;">Egg Creations</td><td style="display: none;"></td><td style="display: none;"></td><td style="display: none;"></td><td style="display: none;"></td><td style="display: none;"></td><td style="display: none;"><a class="recipeLink" href="/recipe_ingredient_search_results.php?query=(_QU5E__1__________906__[]_1_1)">Recipes with egg whites</a></td></tr><tr role="row" class="even"><td tabindex="0"><i class="fa fa-thumbs-up"></i><i class="fa fa-thumbs-up"></i></td><td class=" not_printable"><div class="addToGL" data-soscuisine-aisle="5" data-soscuisine-sip="3946341"><i class="fa fa-cart-plus" title="Add to My Grocery List"></i><div></div></div></td><td><img class="storeItemImage" alt="kefir" src="/media/images/store_item/blank.jpg"></td><td>kefir</td><td class="not_printable sorting_1">dairy products &amp; eggs</td><td><img style="width:50%;" src="/media/images/logos/marchands/32.png" alt="Atlantic Superstore"></td><td><span itemprop="price">$3.99</span><span itemprop="eligibleQuantity" itemscope="" itemtype="http://schema.org/QuantitativeValue">/<span itemprop="unitText">1L</span></span></td><td>$0.45/100g</td><td style="display: none;">2020-02-26</td><td style="display: none;"></td><td style="display: none;">Liberté</td><td style="display: none;"></td><td style="display: none;"></td><td style="display: none;"></td><td style="display: none;"></td><td style="display: none;"></td><td style="display: none;"><a class="recipeLink" href="/recipe_ingredient_search_results.php?query=(_QU5E__1__________422__[]_1_1)">Recipes with kefir</a></td></tr><tr role="row" class="odd"><td tabindex="0"><i class="fa fa-thumbs-down"></i></td><td class=" not_printable"><div class="addToGL" data-soscuisine-aisle="5" data-soscuisine-sip="3945249"><i class="fa fa-cart-plus" title="Add to My Grocery List"></i><div></div></div></td><td><img class="storeItemImage" alt="milk, lactose-free" src="/media/images/store_item/blank.jpg"></td><td>milk, lactose-free</td><td class="not_printable sorting_1">dairy products &amp; eggs</td><td><img style="width:50%;" src="/media/images/logos/marchands/32.png" alt="Atlantic Superstore"></td><td><span itemprop="price">$4.99</span><span itemprop="eligibleQuantity" itemscope="" itemtype="http://schema.org/QuantitativeValue">/<span itemprop="unitText">2L</span></span></td><td>$2.49/L</td><td style="display: none;">2020-02-26</td><td style="display: none;"></td><td style="display: none;">Neilson</td><td style="display: none;"></td><td style="display: none;"></td><td style="display: none;"></td><td style="display: none;"></td><td style="display: none;">Trutaste</td><td style="display: none;"><a class="recipeLink" href="/recipe_ingredient_search_results.php?query=(_QU5E__1__________672__[]_1_1)">Recipes with milk, lactose-free</a></td></tr><tr role="row" class="even"><td tabindex="0"><i class="fa fa-thumbs-up"></i><i class="fa fa-thumbs-up"></i></td><td class=" not_printable"><div class="addToGL" data-soscuisine-aisle="5" data-soscuisine-sip="3946047"><i class="fa fa-cart-plus" title="Add to My Grocery List"></i><div></div></div></td><td><img class="storeItemImage" alt="milk, lactose-free" src="/media/images/store_item/blank.jpg"></td><td>milk, lactose-free</td><td class="not_printable sorting_1">dairy products &amp; eggs</td><td><img style="width:50%;" src="/media/images/logos/marchands/36.png" alt="Sobeys"></td><td><span itemprop="price">$4.97</span><span itemprop="eligibleQuantity" itemscope="" itemtype="http://schema.org/QuantitativeValue">/<span itemprop="unitText">2L</span></span></td><td>$2.48/L</td><td style="display: none;">2020-02-26</td><td style="display: none;"></td><td style="display: none;">Natrel</td><td style="display: none;"></td><td style="display: none;"></td><td style="display: none;"></td><td style="display: none;"></td><td style="display: none;"></td><td style="display: none;"><a class="recipeLink" href="/recipe_ingredient_search_results.php?query=(_QU5E__1__________672__[]_1_1)">Recipes with milk, lactose-free</a></td></tr><tr role="row" class="odd"><td tabindex="0"><i class="fa fa-thumbs-up"></i></td><td class=" not_printable"><div class="addToGL" data-soscuisine-aisle="5" data-soscuisine-sip="3945267"><i class="fa fa-cart-plus" title="Add to My Grocery List"></i><div></div></div></td><td><img class="storeItemImage" alt="sour cream" src="/media/images/store_item/blank.jpg"></td><td>sour cream</td><td class="not_printable sorting_1">dairy products &amp; eggs</td><td><img style="width:50%;" src="/media/images/logos/marchands/32.png" alt="Atlantic Superstore"></td><td><span itemprop="price">$5.00</span><span itemprop="eligibleQuantity" itemscope="" itemtype="http://schema.org/QuantitativeValue">/<span itemprop="value">2</span>x<span itemprop="unitText">500mL</span></span></td><td>$0.50/100mL</td><td style="display: none;">2020-02-26</td><td style="display: none;"></td><td style="display: none;">house brand</td><td style="display: none;"></td><td style="display: none;"></td><td style="display: none;"></td><td style="display: none;"></td><td style="display: none;"></td><td style="display: none;"><a class="recipeLink" href="/recipe_ingredient_search_results.php?query=(_QU5E__1__________21__[]_1_1)">Recipes with sour cream</a></td></tr><tr role="row" class="even"><td tabindex="0"><i class="fas fa-hand-rock"></i></td><td class=" not_printable"><div class="addToGL" data-soscuisine-aisle="5" data-soscuisine-sip="3945263"><i class="fa fa-cart-plus" title="Add to My Grocery List"></i><div></div></div></td><td><img class="storeItemImage" alt="sour cream" src="/media/images/store_item/blank.jpg"></td><td>sour cream</td><td class="not_printable sorting_1">dairy products &amp; eggs</td><td><img style="width:50%;" src="/media/images/logos/marchands/32.png" alt="Atlantic Superstore"></td><td><span itemprop="price">$2.99</span><span itemprop="eligibleQuantity" itemscope="" itemtype="http://schema.org/QuantitativeValue">/<span itemprop="unitText">500mL</span></span></td><td>$0.60/100mL</td><td style="display: none;">2020-02-26</td><td style="display: none;"></td><td style="display: none;">house brand</td><td style="display: none;"></td><td style="display: none;"></td><td style="display: none;"></td><td style="display: none;"></td><td style="display: none;"></td><td style="display: none;"><a class="recipeLink" href="/recipe_ingredient_search_results.php?query=(_QU5E__1__________21__[]_1_1)">Recipes with sour cream</a></td></tr><tr role="row" class="odd"><td tabindex="0"><i class="fa fa-thumbs-up"></i><i class="fa fa-thumbs-up"></i></td><td class=" not_printable"><div class="addToGL" data-soscuisine-aisle="5" data-soscuisine-sip="3942515"><i class="fa fa-cart-plus" title="Add to My Grocery List"></i><div></div></div></td><td><img class="storeItemImage" alt="sour cream" src="/media/images/store_item/blank.jpg"></td><td>sour cream</td><td class="not_printable sorting_1">dairy products &amp; eggs</td><td><img style="width:50%;" src="/media/images/logos/marchands/97.png" alt="No Frills"></td><td><span itemprop="price">$1.00</span><span itemprop="eligibleQuantity" itemscope="" itemtype="http://schema.org/QuantitativeValue">/<span itemprop="unitText">250mL</span></span></td><td>$0.40/100mL</td><td style="display: none;">2020-02-26</td><td style="display: none;"></td><td style="display: none;">Scotsburn</td><td style="display: none;"></td><td style="display: none;"></td><td style="display: none;"></td><td style="display: none;"></td><td style="display: none;"></td><td style="display: none;"><a class="recipeLink" href="/recipe_ingredient_search_results.php?query=(_QU5E__1__________21__[]_1_1)">Recipes with sour cream</a></td></tr><tr role="row" class="even"><td tabindex="0"><i class="fa fa-thumbs-down"></i></td><td class=" not_printable"><div class="addToGL" data-soscuisine-aisle="5" data-soscuisine-sip="3946379"><i class="fa fa-cart-plus" title="Add to My Grocery List"></i><div></div></div></td><td><img class="storeItemImage" alt="sour cream" src="/media/images/store_item/blank.jpg"></td><td>sour cream</td><td class="not_printable sorting_1">dairy products &amp; eggs</td><td><img style="width:50%;" src="/media/images/logos/marchands/36.png" alt="Sobeys"></td><td><span itemprop="price">$3.99</span><span itemprop="eligibleQuantity" itemscope="" itemtype="http://schema.org/QuantitativeValue">/<span itemprop="unitText">500mL</span></span></td><td>$0.80/100mL</td><td style="display: none;">2020-02-26</td><td style="display: none;"></td><td style="display: none;">Farmers</td><td style="display: none;"></td><td style="display: none;"></td><td style="display: none;"></td><td style="display: none;"></td><td style="display: none;">Scotsburn, or Baxter</td><td style="display: none;"><a class="recipeLink" href="/recipe_ingredient_search_results.php?query=(_QU5E__1__________21__[]_1_1)">Recipes with sour cream</a></td></tr><tr role="row" class="odd"><td tabindex="0"><i class="fa fa-thumbs-up"></i></td><td class=" not_printable"><div class="addToGL" data-soscuisine-aisle="5" data-soscuisine-sip="3942889"><i class="fa fa-cart-plus" title="Add to My Grocery List"></i><div></div></div></td><td><img class="storeItemImage" alt="sour cream" src="/media/images/store_item/blank.jpg"></td><td>sour cream</td><td class="not_printable sorting_1">dairy products &amp; eggs</td><td><img style="width:50%;" src="/media/images/logos/marchands/100.png" alt="Your Independent Grocer"></td><td><span itemprop="price">$5.00</span><span itemprop="eligibleQuantity" itemscope="" itemtype="http://schema.org/QuantitativeValue">/<span itemprop="value">2</span>x<span itemprop="unitText">500mL</span></span></td><td>$0.50/100mL</td><td style="display: none;">2020-02-26</td><td style="display: none;"></td><td style="display: none;">house brand</td><td style="display: none;"></td><td style="display: none;"></td><td style="display: none;"></td><td style="display: none;"></td><td style="display: none;"></td><td style="display: none;"><a class="recipeLink" href="/recipe_ingredient_search_results.php?query=(_QU5E__1__________21__[]_1_1)">Recipes with sour cream</a></td></tr><tr role="row" class="even"><td tabindex="0"><i class="fas fa-hand-rock"></i></td><td class=" not_printable"><div class="addToGL" data-soscuisine-aisle="5" data-soscuisine-sip="3942891"><i class="fa fa-cart-plus" title="Add to My Grocery List"></i><div></div></div></td><td><img class="storeItemImage" alt="sour cream" src="/media/images/store_item/blank.jpg"></td><td>sour cream</td><td class="not_printable sorting_1">dairy products &amp; eggs</td><td><img style="width:50%;" src="/media/images/logos/marchands/100.png" alt="Your Independent Grocer"></td><td><span itemprop="price">$2.99</span><span itemprop="eligibleQuantity" itemscope="" itemtype="http://schema.org/QuantitativeValue">/<span itemprop="unitText">500mL</span></span></td><td>$0.60/100mL</td><td style="display: none;">2020-02-26</td><td style="display: none;"></td><td style="display: none;">house brand</td><td style="display: none;"></td><td style="display: none;"></td><td style="display: none;"></td><td style="display: none;"></td><td style="display: none;"></td><td style="display: none;"><a class="recipeLink" href="/recipe_ingredient_search_results.php?query=(_QU5E__1__________21__[]_1_1)">Recipes with sour cream</a></td></tr><tr role="row" class="odd"><td tabindex="0"><i class="fa fa-thumbs-up"></i></td><td class=" not_printable"><div class="addToGL" data-soscuisine-aisle="5" data-soscuisine-sip="3946369"><i class="fa fa-cart-plus" title="Add to My Grocery List"></i><div></div></div></td><td><img class="storeItemImage" alt="yogurt, fruit" src="/media/images/store_item/blank.jpg"></td><td>yogurt, fruit</td><td class="not_printable sorting_1">dairy products &amp; eggs</td><td><img style="width:50%;" src="/media/images/logos/marchands/32.png" alt="Atlantic Superstore"></td><td><span itemprop="price">$7.50</span><span itemprop="eligibleQuantity" itemscope="" itemtype="http://schema.org/QuantitativeValue">/<span itemprop="value">3</span>x<span itemprop="unitText">650g</span></span></td><td>$3.85/kg</td><td style="display: none;">2020-02-26</td><td style="display: none;"></td><td style="display: none;">Yoplait</td><td style="display: none;"></td><td style="display: none;"></td><td style="display: none;"></td><td style="display: none;"></td><td style="display: none;">Source</td><td style="display: none;"><a class="recipeLink" href="/recipe_ingredient_search_results.php?query=(_QU5E__1__________655__[]_1_1)">Recipes with yogurt, fruit</a></td></tr><tr role="row" class="even"><td tabindex="0"><i class="fas fa-hand-rock"></i></td><td class=" not_printable"><div class="addToGL" data-soscuisine-aisle="5" data-soscuisine-sip="3946339"><i class="fa fa-cart-plus" title="Add to My Grocery List"></i><div></div></div></td><td><img class="storeItemImage" alt="yogurt, fruit" src="/media/images/store_item/blank.jpg"></td><td>yogurt, fruit</td><td class="not_printable sorting_1">dairy products &amp; eggs</td><td><img style="width:50%;" src="/media/images/logos/marchands/32.png" alt="Atlantic Superstore"></td><td><span itemprop="price">$2.99</span><span itemprop="eligibleQuantity" itemscope="" itemtype="http://schema.org/QuantitativeValue">/<span itemprop="unitText">650g</span></span></td><td>$4.60/kg</td><td style="display: none;">2020-02-26</td><td style="display: none;"></td><td style="display: none;">Danone</td><td style="display: none;"></td><td style="display: none;"></td><td style="display: none;"></td><td style="display: none;"></td><td style="display: none;">or Yoplait, Source</td><td style="display: none;"><a class="recipeLink" href="/recipe_ingredient_search_results.php?query=(_QU5E__1__________655__[]_1_1)">Recipes with yogurt, fruit</a></td></tr><tr role="row" class="odd"><td tabindex="0"><i class="fa fa-thumbs-down"></i></td><td class=" not_printable"><div class="addToGL" data-soscuisine-aisle="5" data-soscuisine-sip="3946303"><i class="fa fa-cart-plus" title="Add to My Grocery List"></i><div></div></div></td><td><img class="storeItemImage" alt="yogurt, fruit" src="/media/images/store_item/blank.jpg"></td><td>yogurt, fruit</td><td class="not_printable sorting_1">dairy products &amp; eggs</td><td><img style="width:50%;" src="/media/images/logos/marchands/32.png" alt="Atlantic Superstore"></td><td><span itemprop="price">$5.49</span><span itemprop="eligibleQuantity" itemscope="" itemtype="http://schema.org/QuantitativeValue">/<span itemprop="unitText">710g</span></span></td><td>$7.73/kg</td><td style="display: none;">2020-02-26</td><td style="display: none;"></td><td style="display: none;"></td><td style="display: none;"></td><td style="display: none;"></td><td style="display: none;"></td><td style="display: none;"></td><td style="display: none;">Light &amp; Free</td><td style="display: none;"><a class="recipeLink" href="/recipe_ingredient_search_results.php?query=(_QU5E__1__________655__[]_1_1)">Recipes with yogurt, fruit</a></td></tr><tr role="row" class="even"><td tabindex="0"><i class="fa fa-thumbs-down"></i></td><td class=" not_printable"><div class="addToGL" data-soscuisine-aisle="5" data-soscuisine-sip="3946345"><i class="fa fa-cart-plus" title="Add to My Grocery List"></i><div></div></div></td><td><img class="storeItemImage" alt="yogurt, fruit" src="/media/images/store_item/blank.jpg"></td><td>yogurt, fruit</td><td class="not_printable sorting_1">dairy products &amp; eggs</td><td><img style="width:50%;" src="/media/images/logos/marchands/32.png" alt="Atlantic Superstore"></td><td><span itemprop="price">$3.99</span><span itemprop="eligibleQuantity" itemscope="" itemtype="http://schema.org/QuantitativeValue">/<span itemprop="unitText">500g</span></span></td><td>$7.98/kg</td><td style="display: none;">2020-02-26</td><td style="display: none;"></td><td style="display: none;">Liberté</td><td style="display: none;"></td><td style="display: none;"></td><td style="display: none;"></td><td style="display: none;"></td><td style="display: none;">Skyr</td><td style="display: none;"><a class="recipeLink" href="/recipe_ingredient_search_results.php?query=(_QU5E__1__________655__[]_1_1)">Recipes with yogurt, fruit</a></td></tr><tr role="row" class="odd"><td tabindex="0"><i class="fa fa-thumbs-down"></i></td><td class=" not_printable"><div class="addToGL" data-soscuisine-aisle="5" data-soscuisine-sip="3946333"><i class="fa fa-cart-plus" title="Add to My Grocery List"></i><div></div></div></td><td><img class="storeItemImage" alt="yogurt, fruit" src="/media/images/store_item/blank.jpg"></td><td>yogurt, fruit</td><td class="not_printable sorting_1">dairy products &amp; eggs</td><td><img style="width:50%;" src="/media/images/logos/marchands/32.png" alt="Atlantic Superstore"></td><td><span itemprop="price">$4.49</span><span itemprop="eligibleQuantity" itemscope="" itemtype="http://schema.org/QuantitativeValue">/<span itemprop="unitText">500g</span></span></td><td>$8.98/kg</td><td style="display: none;">2020-02-26</td><td style="display: none;"></td><td style="display: none;"></td><td style="display: none;"></td><td style="display: none;"></td><td style="display: none;"></td><td style="display: none;"></td><td style="display: none;">YoPRO</td><td style="display: none;"><a class="recipeLink" href="/recipe_ingredient_search_results.php?query=(_QU5E__1__________655__[]_1_1)">Recipes with yogurt, fruit</a></td></tr><tr role="row" class="even"><td tabindex="0"><i class="fa fa-thumbs-up"></i><i class="fa fa-thumbs-up"></i></td><td class=" not_printable"><div class="addToGL" data-soscuisine-aisle="5" data-soscuisine-sip="3942487"><i class="fa fa-cart-plus" title="Add to My Grocery List"></i><div></div></div></td><td><img class="storeItemImage" alt="yogurt, fruit" src="/media/images/store_item/blank.jpg"></td><td>yogurt, fruit</td><td class="not_printable sorting_1">dairy products &amp; eggs</td><td><img style="width:50%;" src="/media/images/logos/marchands/97.png" alt="No Frills"></td><td><span itemprop="price">$1.00</span><span itemprop="eligibleQuantity" itemscope="" itemtype="http://schema.org/QuantitativeValue">/<span itemprop="unitText">500g</span></span></td><td>$2.00/kg</td><td style="display: none;">2020-02-26</td><td style="display: none;"></td><td style="display: none;">Beatrice</td><td style="display: none;"></td><td style="display: none;"></td><td style="display: none;"></td><td style="display: none;"></td><td style="display: none;"></td><td style="display: none;"><a class="recipeLink" href="/recipe_ingredient_search_results.php?query=(_QU5E__1__________655__[]_1_1)">Recipes with yogurt, fruit</a></td></tr><tr role="row" class="odd"><td tabindex="0"><i class="fa fa-thumbs-down"></i></td><td class=" not_printable"><div class="addToGL" data-soscuisine-aisle="5" data-soscuisine-sip="3942315"><i class="fa fa-cart-plus" title="Add to My Grocery List"></i><div></div></div></td><td><img class="storeItemImage" alt="yogurt, fruit" src="/media/images/store_item/blank.jpg"></td><td>yogurt, fruit</td><td class="not_printable sorting_1">dairy products &amp; eggs</td><td><img style="width:50%;" src="/media/images/logos/marchands/100.png" alt="Your Independent Grocer"></td><td><span itemprop="price">$4.99</span><span itemprop="eligibleQuantity" itemscope="" itemtype="http://schema.org/QuantitativeValue">/<span itemprop="unitText">750g</span></span></td><td>$6.65/kg</td><td style="display: none;">2020-02-26</td><td style="display: none;"></td><td style="display: none;">house brand</td><td style="display: none;"></td><td style="display: none;">greek</td><td style="display: none;"></td><td style="display: none;"></td><td style="display: none;"></td><td style="display: none;"><a class="recipeLink" href="/recipe_ingredient_search_results.php?query=(_QU5E__1__________655__[]_1_1)">Recipes with yogurt, fruit</a></td></tr><tr role="row" class="even"><td tabindex="0"><i class="fas fa-hand-rock"></i></td><td class=" not_printable"><div class="addToGL" data-soscuisine-aisle="5" data-soscuisine-sip="3946295"><i class="fa fa-cart-plus" title="Add to My Grocery List"></i><div></div></div></td><td><img class="storeItemImage" alt="yogurt, plain" src="/media/images/store_item/blank.jpg"></td><td>yogurt, plain</td><td class="not_printable sorting_1">dairy products &amp; eggs</td><td><img style="width:50%;" src="/media/images/logos/marchands/32.png" alt="Atlantic Superstore"></td><td><span itemprop="price">$5.49</span><span itemprop="eligibleQuantity" itemscope="" itemtype="http://schema.org/QuantitativeValue">/<span itemprop="unitText">750g</span></span></td><td>$7.32/kg</td><td style="display: none;">2020-02-26</td><td style="display: none;"></td><td style="display: none;">Oikos</td><td style="display: none;"></td><td style="display: none;"></td><td style="display: none;">greek</td><td style="display: none;"></td><td style="display: none;"></td><td style="display: none;"><a class="recipeLink" href="/recipe_ingredient_search_results.php?query=(_QU5E__1__________20__[]_1_1)">Recipes with yogurt, plain</a></td></tr><tr role="row" class="odd"><td tabindex="0"><i class="fas fa-hand-rock"></i></td><td class=" not_printable"><div class="addToGL" data-soscuisine-aisle="5" data-soscuisine-sip="3946343"><i class="fa fa-cart-plus" title="Add to My Grocery List"></i><div></div></div></td><td><img class="storeItemImage" alt="yogurt, plain" src="/media/images/store_item/blank.jpg"></td><td>yogurt, plain</td><td class="not_printable sorting_1">dairy products &amp; eggs</td><td><img style="width:50%;" src="/media/images/logos/marchands/32.png" alt="Atlantic Superstore"></td><td><span itemprop="price">$3.99</span><span itemprop="eligibleQuantity" itemscope="" itemtype="http://schema.org/QuantitativeValue">/<span itemprop="unitText">500g</span></span></td><td>$7.98/kg</td><td style="display: none;">2020-02-26</td><td style="display: none;"></td><td style="display: none;">Liberté</td><td style="display: none;"></td><td style="display: none;"></td><td style="display: none;">greek</td><td style="display: none;"></td><td style="display: none;"></td><td style="display: none;"><a class="recipeLink" href="/recipe_ingredient_search_results.php?query=(_QU5E__1__________20__[]_1_1)">Recipes with yogurt, plain</a></td></tr><tr role="row" class="even"><td tabindex="0"><i class="fa fa-thumbs-down"></i></td><td class=" not_printable"><div class="addToGL" data-soscuisine-aisle="5" data-soscuisine-sip="3946329"><i class="fa fa-cart-plus" title="Add to My Grocery List"></i><div></div></div></td><td><img class="storeItemImage" alt="yogurt, plain" src="/media/images/store_item/blank.jpg"></td><td>yogurt, plain</td><td class="not_printable sorting_1">dairy products &amp; eggs</td><td><img style="width:50%;" src="/media/images/logos/marchands/32.png" alt="Atlantic Superstore"></td><td><span itemprop="price">$4.49</span><span itemprop="eligibleQuantity" itemscope="" itemtype="http://schema.org/QuantitativeValue">/<span itemprop="unitText">500g</span></span></td><td>$8.98/kg</td><td style="display: none;">2020-02-26</td><td style="display: none;"></td><td style="display: none;">Danone</td><td style="display: none;"></td><td style="display: none;"></td><td style="display: none;"></td><td style="display: none;"></td><td style="display: none;">YoPRO</td><td style="display: none;"><a class="recipeLink" href="/recipe_ingredient_search_results.php?query=(_QU5E__1__________20__[]_1_1)">Recipes with yogurt, plain</a></td></tr><tr role="row" class="odd"><td tabindex="0"><i class="fas fa-hand-rock"></i></td><td class=" not_printable"><div class="addToGL" data-soscuisine-aisle="5" data-soscuisine-sip="3943849"><i class="fa fa-cart-plus" title="Add to My Grocery List"></i><div></div></div></td><td><img class="storeItemImage" alt="yogurt, plain" src="/media/images/store_item/blank.jpg"></td><td>yogurt, plain</td><td class="not_printable sorting_1">dairy products &amp; eggs</td><td><img style="width:50%;" src="/media/images/logos/marchands/50.png" alt="Foodland"></td><td><span itemprop="price">$3.99</span><span itemprop="eligibleQuantity" itemscope="" itemtype="http://schema.org/QuantitativeValue">/<span itemprop="unitText">500g</span></span></td><td>$7.98/kg</td><td style="display: none;">2020-02-26</td><td style="display: none;"></td><td style="display: none;">Shepherd Gourmet</td><td style="display: none;"></td><td style="display: none;"></td><td style="display: none;"></td><td style="display: none;"></td><td style="display: none;">skyr</td><td style="display: none;"><a class="recipeLink" href="/recipe_ingredient_search_results.php?query=(_QU5E__1__________20__[]_1_1)">Recipes with yogurt, plain</a></td></tr><tr role="row" class="even"><td tabindex="0"><i class="fa fa-thumbs-up"></i></td><td class=" not_printable"><div class="addToGL" data-soscuisine-aisle="5" data-soscuisine-sip="3946365"><i class="fa fa-cart-plus" title="Add to My Grocery List"></i><div></div></div></td><td><img class="storeItemImage" alt="yogurt, plain" src="/media/images/store_item/blank.jpg"></td><td>yogurt, plain</td><td class="not_printable sorting_1">dairy products &amp; eggs</td><td><img style="width:50%;" src="/media/images/logos/marchands/36.png" alt="Sobeys"></td><td><span itemprop="price">$6.00</span><span itemprop="eligibleQuantity" itemscope="" itemtype="http://schema.org/QuantitativeValue">/<span itemprop="value">2</span>x<span itemprop="unitText">650g</span></span></td><td>$4.62/kg</td><td style="display: none;">2020-02-26</td><td style="display: none;"></td><td style="display: none;">Astro</td><td style="display: none;"></td><td style="display: none;"></td><td style="display: none;"></td><td style="display: none;"></td><td style="display: none;"></td><td style="display: none;"><a class="recipeLink" href="/recipe_ingredient_search_results.php?query=(_QU5E__1__________20__[]_1_1)">Recipes with yogurt, plain</a></td></tr><tr role="row" class="odd"><td tabindex="0"><i class="fas fa-exclamation"></i></td><td class=" not_printable"><div class="addToGL" data-soscuisine-aisle="5" data-soscuisine-sip="3946359"><i class="fa fa-cart-plus" title="Add to My Grocery List"></i><div></div></div></td><td><img class="storeItemImage" alt="yogurt, plain, more than 6% M.F." src="/media/images/store_item/blank.jpg"></td><td>yogurt, plain, more than 6% M.F.</td><td class="not_printable sorting_1">dairy products &amp; eggs</td><td><img style="width:50%;" src="/media/images/logos/marchands/32.png" alt="Atlantic Superstore"></td><td><span itemprop="price">$9.99</span><span itemprop="eligibleQuantity" itemscope="" itemtype="http://schema.org/QuantitativeValue">/<span itemprop="value">3</span>x<span itemprop="unitText">500g</span></span></td><td>$6.66/kg</td><td style="display: none;">2020-02-26</td><td style="display: none;"></td><td style="display: none;">Liberté</td><td style="display: none;"></td><td style="display: none;">méditérranée</td><td style="display: none;"></td><td style="display: none;"></td><td style="display: none;"></td><td style="display: none;"><a class="recipeLink" href="/recipe_ingredient_search_results.php?query=(_QU5E__1__________1253__[]_1_1)">Recipes with yogurt, plain, more than 6% M.F.</a></td></tr><tr role="row" class="even"><td tabindex="0"><i class="fas fa-exclamation"></i></td><td class=" not_printable"><div class="addToGL" data-soscuisine-aisle="5" data-soscuisine-sip="3946299"><i class="fa fa-cart-plus" title="Add to My Grocery List"></i><div></div></div></td><td><img class="storeItemImage" alt="yogurt, plain, more than 6% M.F." src="/media/images/store_item/blank.jpg"></td><td>yogurt, plain, more than 6% M.F.</td><td class="not_printable sorting_1">dairy products &amp; eggs</td><td><img style="width:50%;" src="/media/images/logos/marchands/32.png" alt="Atlantic Superstore"></td><td><span itemprop="price">$5.49</span><span itemprop="eligibleQuantity" itemscope="" itemtype="http://schema.org/QuantitativeValue">/<span itemprop="unitText">750g</span></span></td><td>$7.32/kg</td><td style="display: none;">2020-02-26</td><td style="display: none;"></td><td style="display: none;">Oikos</td><td style="display: none;"></td><td style="display: none;"></td><td style="display: none;"></td><td style="display: none;"></td><td style="display: none;"></td><td style="display: none;"><a class="recipeLink" href="/recipe_ingredient_search_results.php?query=(_QU5E__1__________1253__[]_1_1)">Recipes with yogurt, plain, more than 6% M.F.</a></td></tr><tr role="row" class="odd"><td tabindex="0"><i class="fas fa-exclamation"></i></td><td class=" not_printable"><div class="addToGL" data-soscuisine-aisle="5" data-soscuisine-sip="3946353"><i class="fa fa-cart-plus" title="Add to My Grocery List"></i><div></div></div></td><td><img class="storeItemImage" alt="yogurt, plain, more than 6% M.F." src="/media/images/store_item/blank.jpg"></td><td>yogurt, plain, more than 6% M.F.</td><td class="not_printable sorting_1">dairy products &amp; eggs</td><td><img style="width:50%;" src="/media/images/logos/marchands/32.png" alt="Atlantic Superstore"></td><td><span itemprop="price">$3.99</span><span itemprop="eligibleQuantity" itemscope="" itemtype="http://schema.org/QuantitativeValue">/<span itemprop="unitText">500g</span></span></td><td>$7.98/kg</td><td style="display: none;">2020-02-26</td><td style="display: none;"></td><td style="display: none;">Liberté</td><td style="display: none;"></td><td style="display: none;">méditérranée</td><td style="display: none;"></td><td style="display: none;"></td><td style="display: none;"></td><td style="display: none;"><a class="recipeLink" href="/recipe_ingredient_search_results.php?query=(_QU5E__1__________1253__[]_1_1)">Recipes with yogurt, plain, more than 6% M.F.</a></td></tr><tr role="row" class="even"><td tabindex="0"><i class="fas fa-hand-rock"></i></td><td class=" not_printable"><div class="addToGL" data-soscuisine-aisle="5" data-soscuisine-sip="3946337"><i class="fa fa-cart-plus" title="Add to My Grocery List"></i><div></div></div></td><td><img class="storeItemImage" alt="yogurt, probiotic" src="/media/images/store_item/blank.jpg"></td><td>yogurt, probiotic</td><td class="not_printable sorting_1">dairy products &amp; eggs</td><td><img style="width:50%;" src="/media/images/logos/marchands/32.png" alt="Atlantic Superstore"></td><td><span itemprop="price">$2.99</span><span itemprop="eligibleQuantity" itemscope="" itemtype="http://schema.org/QuantitativeValue">/<span itemprop="unitText">650g</span></span></td><td>$4.60/kg</td><td style="display: none;">2020-02-26</td><td style="display: none;"></td><td style="display: none;">Activia</td><td style="display: none;"></td><td style="display: none;"></td><td style="display: none;"></td><td style="display: none;"></td><td style="display: none;"></td><td style="display: none;"><a class="recipeLink" href="/recipe_ingredient_search_results.php?query=(_QU5E__1__________999__[]_1_1)">Recipes with yogurt, probiotic</a></td></tr><tr role="row" class="odd"><td tabindex="0"><i class="fas fa-hand-rock"></i></td><td class=" not_printable"><div class="addToGL" data-soscuisine-aisle="5" data-soscuisine-sip="3946441"><i class="fa fa-cart-plus" title="Add to My Grocery List"></i><div></div></div></td><td><img class="storeItemImage" alt="yogurt, probiotic" src="/media/images/store_item/blank.jpg"></td><td>yogurt, probiotic</td><td class="not_printable sorting_1">dairy products &amp; eggs</td><td><img style="width:50%;" src="/media/images/logos/marchands/32.png" alt="Atlantic Superstore"></td><td><span itemprop="price">$5.99</span><span itemprop="eligibleQuantity" itemscope="" itemtype="http://schema.org/QuantitativeValue">/<span itemprop="value">12</span>x<span itemprop="unitText">100g</span></span></td><td>$4.99/kg</td><td style="display: none;">2020-02-26</td><td style="display: none;"></td><td style="display: none;">Activia</td><td style="display: none;"></td><td style="display: none;"></td><td style="display: none;"></td><td style="display: none;"></td><td style="display: none;"></td><td style="display: none;"><a class="recipeLink" href="/recipe_ingredient_search_results.php?query=(_QU5E__1__________999__[]_1_1)">Recipes with yogurt, probiotic</a></td></tr><tr role="row" class="even"><td tabindex="0"><i class="fas fa-hand-rock"></i></td><td class=" not_printable"><div class="addToGL" data-soscuisine-aisle="5" data-soscuisine-sip="3946323"><i class="fa fa-cart-plus" title="Add to My Grocery List"></i><div></div></div></td><td><img class="storeItemImage" alt="yogurt, probiotic" src="/media/images/store_item/blank.jpg"></td><td>yogurt, probiotic</td><td class="not_printable sorting_1">dairy products &amp; eggs</td><td><img style="width:50%;" src="/media/images/logos/marchands/32.png" alt="Atlantic Superstore"></td><td><span itemprop="price">$3.99</span><span itemprop="eligibleQuantity" itemscope="" itemtype="http://schema.org/QuantitativeValue">/<span itemprop="value">8</span>x<span itemprop="unitText">100g</span></span></td><td>$4.99/kg</td><td style="display: none;">2020-02-26</td><td style="display: none;"></td><td style="display: none;">Activia</td><td style="display: none;"></td><td style="display: none;"></td><td style="display: none;"></td><td style="display: none;"></td><td style="display: none;"></td><td style="display: none;"><a class="recipeLink" href="/recipe_ingredient_search_results.php?query=(_QU5E__1__________999__[]_1_1)">Recipes with yogurt, probiotic</a></td></tr><tr role="row" class="odd"><td tabindex="0"><i class="fa fa-thumbs-down"></i></td><td class=" not_printable"><div class="addToGL" data-soscuisine-aisle="5" data-soscuisine-sip="3943847"><i class="fa fa-cart-plus" title="Add to My Grocery List"></i><div></div></div></td><td><img class="storeItemImage" alt="yogurt, probiotic" src="/media/images/store_item/blank.jpg"></td><td>yogurt, probiotic</td><td class="not_printable sorting_1">dairy products &amp; eggs</td><td><img style="width:50%;" src="/media/images/logos/marchands/50.png" alt="Foodland"></td><td><span itemprop="price">$3.49</span><span itemprop="eligibleQuantity" itemscope="" itemtype="http://schema.org/QuantitativeValue">/<span itemprop="unitText">650g</span></span></td><td>$5.37/kg</td><td style="display: none;">2020-02-26</td><td style="display: none;"></td><td style="display: none;">Activia</td><td style="display: none;"></td><td style="display: none;"></td><td style="display: none;"></td><td style="display: none;"></td><td style="display: none;"></td><td style="display: none;"><a class="recipeLink" href="/recipe_ingredient_search_results.php?query=(_QU5E__1__________999__[]_1_1)">Recipes with yogurt, probiotic</a></td></tr><tr role="row" class="even"><td tabindex="0"><i class="fa fa-thumbs-up"></i></td><td class=" not_printable"><div class="addToGL" data-soscuisine-aisle="5" data-soscuisine-sip="3946045"><i class="fa fa-cart-plus" title="Add to My Grocery List"></i><div></div></div></td><td><img class="storeItemImage" alt="yogurt, probiotic" src="/media/images/store_item/blank.jpg"></td><td>yogurt, probiotic</td><td class="not_printable sorting_1">dairy products &amp; eggs</td><td><img style="width:50%;" src="/media/images/logos/marchands/36.png" alt="Sobeys"></td><td><span itemprop="price">$4.97</span><span itemprop="eligibleQuantity" itemscope="" itemtype="http://schema.org/QuantitativeValue">/<span itemprop="value">12</span>x<span itemprop="unitText">100g</span></span></td><td>$4.14/kg</td><td style="display: none;">2020-02-26</td><td style="display: none;"></td><td style="display: none;">Activia</td><td style="display: none;"></td><td style="display: none;"></td><td style="display: none;"></td><td style="display: none;"></td><td style="display: none;"></td><td style="display: none;"><a class="recipeLink" href="/recipe_ingredient_search_results.php?query=(_QU5E__1__________999__[]_1_1)">Recipes with yogurt, probiotic</a></td></tr><tr role="row" class="odd"><td tabindex="0"><i class="fa fa-thumbs-up"></i><i class="fa fa-thumbs-up"></i></td><td class=" not_printable"><div class="addToGL" data-soscuisine-aisle="5" data-soscuisine-sip="3941085"><i class="fa fa-cart-plus" title="Add to My Grocery List"></i><div></div></div></td><td><img class="storeItemImage" alt="yogurt, probiotic" src="/media/images/store_item/blank.jpg"></td><td>yogurt, probiotic</td><td class="not_printable sorting_1">dairy products &amp; eggs</td><td><img style="width:50%;" src="/media/images/logos/marchands/76.png" alt="Walmart"></td><td><span itemprop="price">$4.47</span><span itemprop="eligibleQuantity" itemscope="" itemtype="http://schema.org/QuantitativeValue">/<span itemprop="value">12</span>x<span itemprop="unitText">100g</span></span></td><td>$3.72/kg</td><td style="display: none;">2020-02-26</td><td style="display: none;"></td><td style="display: none;">IÖGO</td><td style="display: none;"></td><td style="display: none;"></td><td style="display: none;"></td><td style="display: none;"></td><td style="display: none;">participating stores</td><td style="display: none;"><a class="recipeLink" href="/recipe_ingredient_search_results.php?query=(_QU5E__1__________999__[]_1_1)">Recipes with yogurt, probiotic</a></td></tr><tr role="row" class="even"><td tabindex="0"><i class="fa fa-thumbs-up"></i><i class="fa fa-thumbs-up"></i></td><td class=" not_printable"><div class="addToGL" data-soscuisine-aisle="5" data-soscuisine-sip="3942307"><i class="fa fa-cart-plus" title="Add to My Grocery List"></i><div></div></div></td><td><img class="storeItemImage" alt="yogurt, probiotic" src="/media/images/store_item/blank.jpg"></td><td>yogurt, probiotic</td><td class="not_printable sorting_1">dairy products &amp; eggs</td><td><img style="width:50%;" src="/media/images/logos/marchands/100.png" alt="Your Independent Grocer"></td><td><span itemprop="price">$4.99</span><span itemprop="eligibleQuantity" itemscope="" itemtype="http://schema.org/QuantitativeValue">/<span itemprop="value">16</span>x<span itemprop="unitText">100g</span></span></td><td>$3.12/kg</td><td style="display: none;">2020-02-26</td><td style="display: none;"></td><td style="display: none;">IÖGO</td><td style="display: none;"></td><td style="display: none;"></td><td style="display: none;"></td><td style="display: none;"></td><td style="display: none;"></td><td style="display: none;"><a class="recipeLink" href="/recipe_ingredient_search_results.php?query=(_QU5E__1__________999__[]_1_1)">Recipes with yogurt, probiotic</a></td></tr><tr role="row" class="odd"><td tabindex="0"><i class="fa fa-thumbs-up"></i></td><td class=" not_printable"><div class="addToGL" data-soscuisine-aisle="5" data-soscuisine-sip="3942741"><i class="fa fa-cart-plus" title="Add to My Grocery List"></i><div></div></div></td><td><img class="storeItemImage" alt="yogurt, probiotic" src="/media/images/store_item/blank.jpg"></td><td>yogurt, probiotic</td><td class="not_printable sorting_1">dairy products &amp; eggs</td><td><img style="width:50%;" src="/media/images/logos/marchands/100.png" alt="Your Independent Grocer"></td><td><span itemprop="price">$2.99</span><span itemprop="eligibleQuantity" itemscope="" itemtype="http://schema.org/QuantitativeValue">/<span itemprop="unitText">750g</span></span></td><td>$3.99/kg</td><td style="display: none;">2020-02-26</td><td style="display: none;"></td><td style="display: none;">Activia</td><td style="display: none;"></td><td style="display: none;"></td><td style="display: none;"></td><td style="display: none;"></td><td style="display: none;"></td><td style="display: none;"><a class="recipeLink" href="/recipe_ingredient_search_results.php?query=(_QU5E__1__________999__[]_1_1)">Recipes with yogurt, probiotic</a></td></tr><tr role="row" class="even"><td tabindex="0"><i class="fa fa-thumbs-up"></i></td><td class=" not_printable"><div class="addToGL" data-soscuisine-aisle="5" data-soscuisine-sip="3942303"><i class="fa fa-cart-plus" title="Add to My Grocery List"></i><div></div></div></td><td><img class="storeItemImage" alt="yogurt, probiotic" src="/media/images/store_item/blank.jpg"></td><td>yogurt, probiotic</td><td class="not_printable sorting_1">dairy products &amp; eggs</td><td><img style="width:50%;" src="/media/images/logos/marchands/100.png" alt="Your Independent Grocer"></td><td><span itemprop="price">$4.99</span><span itemprop="eligibleQuantity" itemscope="" itemtype="http://schema.org/QuantitativeValue">/<span itemprop="value">12</span>x<span itemprop="unitText">100g</span></span></td><td>$4.16/kg</td><td style="display: none;">2020-02-26</td><td style="display: none;"></td><td style="display: none;">Activia</td><td style="display: none;"></td><td style="display: none;"></td><td style="display: none;"></td><td style="display: none;"></td><td style="display: none;"></td><td style="display: none;"><a class="recipeLink" href="/recipe_ingredient_search_results.php?query=(_QU5E__1__________999__[]_1_1)">Recipes with yogurt, probiotic</a></td></tr><tr role="row" class="odd"><td tabindex="0"><i class="fa fa-thumbs-up"></i><i class="fa fa-thumbs-up"></i></td><td class=" not_printable"><div class="addToGL" data-soscuisine-aisle="6" data-soscuisine-sip="3945185"><i class="fa fa-cart-plus" title="Add to My Grocery List"></i><div></div></div></td><td><img class="storeItemImage" itemprop="image" alt="beef cubes for stewing" src="/media/images/store_item/535.jpg"></td><td>beef cubes for stewing</td><td class="not_printable sorting_1">meat &amp; poultry</td><td><img style="width:50%;" src="/media/images/logos/marchands/32.png" alt="Atlantic Superstore"></td><td><span itemprop="price">$4.99</span><span itemprop="eligibleQuantity" itemscope="" itemtype="http://schema.org/QuantitativeValue">/<span itemprop="unitText">lb</span></span></td><td>$11.00/kg</td><td style="display: none;">2020-02-26</td><td style="display: none;"></td><td style="display: none;"></td><td style="display: none;"></td><td style="display: none;"></td><td style="display: none;"></td><td style="display: none;">boneless, large size</td><td style="display: none;">fresh</td><td style="display: none;"><a class="recipeLink" href="/recipe_ingredient_search_results.php?query=(_QU5E__1__________535__[]_1_1)">Recipes with beef cubes for stewing</a></td></tr><tr role="row" class="even"><td tabindex="0"><i class="fas fa-hand-rock"></i></td><td class=" not_printable"><div class="addToGL" data-soscuisine-aisle="6" data-soscuisine-sip="3943777"><i class="fa fa-cart-plus" title="Add to My Grocery List"></i><div></div></div></td><td><img class="storeItemImage" itemprop="image" alt="beef cubes for stewing" src="/media/images/store_item/535.jpg"></td><td>beef cubes for stewing</td><td class="not_printable sorting_1">meat &amp; poultry</td><td><img style="width:50%;" src="/media/images/logos/marchands/50.png" alt="Foodland"></td><td><span itemprop="price">$5.99</span><span itemprop="eligibleQuantity" itemscope="" itemtype="http://schema.org/QuantitativeValue">/<span itemprop="unitText">lb</span></span></td><td>$13.21/kg</td><td style="display: none;">2020-02-26</td><td style="display: none;"></td><td style="display: none;"></td><td style="display: none;"></td><td style="display: none;"></td><td style="display: none;">Cat.AA</td><td style="display: none;">large pack</td><td style="display: none;"></td><td style="display: none;"><a class="recipeLink" href="/recipe_ingredient_search_results.php?query=(_QU5E__1__________535__[]_1_1)">Recipes with beef cubes for stewing</a></td></tr><tr role="row" class="odd"><td tabindex="0"><i class="fas fa-circle"></i></td><td class=" not_printable"><div class="addToGL" data-soscuisine-aisle="6" data-soscuisine-sip="3941079"><i class="fa fa-cart-plus" title="Add to My Grocery List"></i><div></div></div></td><td><img class="storeItemImage" itemprop="image" alt="beef cubes for stewing" src="/media/images/store_item/535.jpg"></td><td>beef cubes for stewing</td><td class="not_printable sorting_1">meat &amp; poultry</td><td><img style="width:50%;" src="/media/images/logos/marchands/76.png" alt="Walmart"></td><td><span itemprop="price">$10.00</span><span itemprop="eligibleQuantity" itemscope="" itemtype="http://schema.org/QuantitativeValue">/<span itemprop="unitText">pack</span></span></td><td>N/A</td><td style="display: none;">2020-02-26</td><td style="display: none;">Canada</td><td style="display: none;">house brand</td><td style="display: none;">standard</td><td style="display: none;">Angus</td><td style="display: none;">Cat.AAA</td><td style="display: none;">boneless</td><td style="display: none;">supercentres only</td><td style="display: none;"><a class="recipeLink" href="/recipe_ingredient_search_results.php?query=(_QU5E__1__________535__[]_1_1)">Recipes with beef cubes for stewing</a></td></tr><tr role="row" class="even"><td tabindex="0"><i class="fas fa-hand-rock"></i></td><td class=" not_printable"><div class="addToGL" data-soscuisine-aisle="6" data-soscuisine-sip="3946013"><i class="fa fa-cart-plus" title="Add to My Grocery List"></i><div></div></div></td><td><img class="storeItemImage" alt="beef, cross rib roast/steak" src="/media/images/store_item/blank.jpg"></td><td>beef, cross rib roast/steak</td><td class="not_printable sorting_1">meat &amp; poultry</td><td><img style="width:50%;" src="/media/images/logos/marchands/36.png" alt="Sobeys"></td><td><span itemprop="price">$3.99</span><span itemprop="eligibleQuantity" itemscope="" itemtype="http://schema.org/QuantitativeValue">/<span itemprop="unitText">lb</span></span></td><td>$8.80/kg</td><td style="display: none;">2020-02-26</td><td style="display: none;">Canada</td><td style="display: none;"></td><td style="display: none;"></td><td style="display: none;"></td><td style="display: none;">Cat.AAA</td><td style="display: none;"></td><td style="display: none;">roast</td><td style="display: none;"><a class="recipeLink" href="/recipe_ingredient_search_results.php?query=(_QU5E__1__________561__[]_1_1)">Recipes with beef, cross rib roast/steak</a></td></tr><tr role="row" class="odd"><td tabindex="0"><i class="fas fa-hand-rock"></i></td><td class=" not_printable"><div class="addToGL" data-soscuisine-aisle="6" data-soscuisine-sip="3942403"><i class="fa fa-cart-plus" title="Add to My Grocery List"></i><div></div></div></td><td><img class="storeItemImage" itemprop="image" alt="beef, ground, extra-lean" src="/media/images/store_item/240.jpg"></td><td>beef, ground, extra-lean</td><td class="not_printable sorting_1">meat &amp; poultry</td><td><img style="width:50%;" src="/media/images/logos/marchands/100.png" alt="Your Independent Grocer"></td><td><span itemprop="price">$5.99</span><span itemprop="eligibleQuantity" itemscope="" itemtype="http://schema.org/QuantitativeValue">/<span itemprop="unitText">lb</span></span></td><td>$13.21/kg</td><td style="display: none;">2020-02-26</td><td style="display: none;"></td><td style="display: none;"></td><td style="display: none;"></td><td style="display: none;"></td><td style="display: none;"></td><td style="display: none;">large pack</td><td style="display: none;"></td><td style="display: none;"><a class="recipeLink" href="/recipe_ingredient_search_results.php?query=(_QU5E__1__________240__[]_1_1)">Recipes with beef, ground, extra-lean</a></td></tr><tr role="row" class="even"><td tabindex="0"><i class="fas fa-hand-rock"></i></td><td class=" not_printable"><div class="addToGL" data-soscuisine-aisle="6" data-soscuisine-sip="3945177"><i class="fa fa-cart-plus" title="Add to My Grocery List"></i><div></div></div></td><td><img class="storeItemImage" itemprop="image" alt="beef, ground, lean" src="/media/images/store_item/6.jpg"></td><td>beef, ground, lean</td><td class="not_printable sorting_1">meat &amp; poultry</td><td><img style="width:50%;" src="/media/images/logos/marchands/32.png" alt="Atlantic Superstore"></td><td><span itemprop="price">$3.99</span><span itemprop="eligibleQuantity" itemscope="" itemtype="http://schema.org/QuantitativeValue">/<span itemprop="unitText">lb</span></span></td><td>$8.80/kg</td><td style="display: none;">2020-02-26</td><td style="display: none;"></td><td style="display: none;"></td><td style="display: none;"></td><td style="display: none;"></td><td style="display: none;"></td><td style="display: none;">large pack</td><td style="display: none;"></td><td style="display: none;"><a class="recipeLink" href="/recipe_ingredient_search_results.php?query=(_QU5E__1__________6__[]_1_1)">Recipes with beef, ground, lean</a></td></tr><tr role="row" class="odd"><td tabindex="0"><i class="fa fa-thumbs-down"></i></td><td class=" not_printable"><div class="addToGL" data-soscuisine-aisle="6" data-soscuisine-sip="3946025"><i class="fa fa-cart-plus" title="Add to My Grocery List"></i><div></div></div></td><td><img class="storeItemImage" alt="beef, ground, regular" src="/media/images/store_item/blank.jpg"></td><td>beef, ground, regular</td><td class="not_printable sorting_1">meat &amp; poultry</td><td><img style="width:50%;" src="/media/images/logos/marchands/36.png" alt="Sobeys"></td><td><span itemprop="price">$2.99</span><span itemprop="eligibleQuantity" itemscope="" itemtype="http://schema.org/QuantitativeValue">/<span itemprop="unitText">lb</span></span></td><td>$6.59/kg</td><td style="display: none;">2020-02-26</td><td style="display: none;"></td><td style="display: none;"></td><td style="display: none;"></td><td style="display: none;"></td><td style="display: none;"></td><td style="display: none;">family size</td><td style="display: none;"></td><td style="display: none;"><a class="recipeLink" href="/recipe_ingredient_search_results.php?query=(_QU5E__1__________806__[]_1_1)">Recipes with beef, ground, regular</a></td></tr><tr role="row" class="even"><td tabindex="0"><i class="fa fa-thumbs-up"></i><i class="fa fa-thumbs-up"></i></td><td class=" not_printable"><div class="addToGL" data-soscuisine-aisle="6" data-soscuisine-sip="3945093"><i class="fa fa-cart-plus" title="Add to My Grocery List"></i><div></div></div></td><td><img class="storeItemImage" alt="beef, inside round" src="/media/images/store_item/blank.jpg"></td><td>beef, inside round</td><td class="not_printable sorting_1">meat &amp; poultry</td><td><img style="width:50%;" src="/media/images/logos/marchands/32.png" alt="Atlantic Superstore"></td><td><span itemprop="price">$3.49</span><span itemprop="eligibleQuantity" itemscope="" itemtype="http://schema.org/QuantitativeValue">/<span itemprop="unitText">lb</span></span></td><td>$7.69/kg</td><td style="display: none;">2020-02-26</td><td style="display: none;">Canada</td><td style="display: none;"></td><td style="display: none;"></td><td style="display: none;"></td><td style="display: none;">Cat.AA or better</td><td style="display: none;">large pack</td><td style="display: none;">steak</td><td style="display: none;"><a class="recipeLink" href="/recipe_ingredient_search_results.php?query=(_QU5E__1__________237__[]_1_1)">Recipes with beef, inside round</a></td></tr><tr role="row" class="odd"><td tabindex="0"><i class="fa fa-thumbs-up"></i></td><td class=" not_printable"><div class="addToGL" data-soscuisine-aisle="6" data-soscuisine-sip="3945089"><i class="fa fa-cart-plus" title="Add to My Grocery List"></i><div></div></div></td><td><img class="storeItemImage" alt="beef, roast, inside round" src="/media/images/store_item/blank.jpg"></td><td>beef, roast, inside round</td><td class="not_printable sorting_1">meat &amp; poultry</td><td><img style="width:50%;" src="/media/images/logos/marchands/32.png" alt="Atlantic Superstore"></td><td><span itemprop="price">$3.49</span><span itemprop="eligibleQuantity" itemscope="" itemtype="http://schema.org/QuantitativeValue">/<span itemprop="unitText">lb</span></span></td><td>$7.69/kg</td><td style="display: none;">2020-02-26</td><td style="display: none;">Canada</td><td style="display: none;"></td><td style="display: none;"></td><td style="display: none;"></td><td style="display: none;">Cat.AA or better</td><td style="display: none;">large pack</td><td style="display: none;"></td><td style="display: none;"></td></tr><tr role="row" class="even"><td tabindex="0"><i class="fa fa-thumbs-up"></i></td><td class=" not_printable"><div class="addToGL" data-soscuisine-aisle="6" data-soscuisine-sip="3943585"><i class="fa fa-cart-plus" title="Add to My Grocery List"></i><div></div></div></td><td><img class="storeItemImage" alt="beef, roast, sirloin tip" src="/media/images/store_item/blank.jpg"></td><td>beef, roast, sirloin tip</td><td class="not_printable sorting_1">meat &amp; poultry</td><td><img style="width:50%;" src="/media/images/logos/marchands/50.png" alt="Foodland"></td><td><span itemprop="price">$3.99</span><span itemprop="eligibleQuantity" itemscope="" itemtype="http://schema.org/QuantitativeValue">/<span itemprop="unitText">lb</span></span></td><td>$8.80/kg</td><td style="display: none;">2020-02-26</td><td style="display: none;"></td><td style="display: none;"></td><td style="display: none;"></td><td style="display: none;"></td><td style="display: none;">Cat.AA</td><td style="display: none;"></td><td style="display: none;"></td><td style="display: none;"></td></tr><tr role="row" class="odd"><td tabindex="0"><i class="fa fa-thumbs-up"></i></td><td class=" not_printable"><div class="addToGL" data-soscuisine-aisle="6" data-soscuisine-sip="3942197"><i class="fa fa-cart-plus" title="Add to My Grocery List"></i><div></div></div></td><td><img class="storeItemImage" alt="beef, roast, sirloin tip" src="/media/images/store_item/blank.jpg"></td><td>beef, roast, sirloin tip</td><td class="not_printable sorting_1">meat &amp; poultry</td><td><img style="width:50%;" src="/media/images/logos/marchands/100.png" alt="Your Independent Grocer"></td><td><span itemprop="price">$3.99</span><span itemprop="eligibleQuantity" itemscope="" itemtype="http://schema.org/QuantitativeValue">/<span itemprop="unitText">lb</span></span></td><td>$8.80/kg</td><td style="display: none;">2020-02-26</td><td style="display: none;">Canada</td><td style="display: none;"></td><td style="display: none;"></td><td style="display: none;"></td><td style="display: none;">Cat.AA or better</td><td style="display: none;">large pack</td><td style="display: none;"></td><td style="display: none;"></td></tr><tr role="row" class="even"><td tabindex="0"><i class="fa fa-thumbs-up"></i><i class="fa fa-thumbs-up"></i></td><td class=" not_printable"><div class="addToGL" data-soscuisine-aisle="6" data-soscuisine-sip="3942193"><i class="fa fa-cart-plus" title="Add to My Grocery List"></i><div></div></div></td><td><img class="storeItemImage" itemprop="image" alt="beef, sirloin tip" src="/media/images/store_item/242.jpg"></td><td>beef, sirloin tip</td><td class="not_printable sorting_1">meat &amp; poultry</td><td><img style="width:50%;" src="/media/images/logos/marchands/100.png" alt="Your Independent Grocer"></td><td><span itemprop="price">$3.99</span><span itemprop="eligibleQuantity" itemscope="" itemtype="http://schema.org/QuantitativeValue">/<span itemprop="unitText">lb</span></span></td><td>$8.80/kg</td><td style="display: none;">2020-02-26</td><td style="display: none;">Canada</td><td style="display: none;"></td><td style="display: none;"></td><td style="display: none;"></td><td style="display: none;">Cat.AA</td><td style="display: none;">steak</td><td style="display: none;">family size</td><td style="display: none;"><a class="recipeLink" href="/recipe_ingredient_search_results.php?query=(_QU5E__1__________242__[]_1_1)">Recipes with beef, sirloin tip</a></td></tr><tr role="row" class="odd"><td tabindex="0"><i class="fas fa-hand-rock"></i></td><td class=" not_printable"><div class="addToGL" data-soscuisine-aisle="6" data-soscuisine-sip="3942407"><i class="fa fa-cart-plus" title="Add to My Grocery List"></i><div></div></div></td><td><img class="storeItemImage" alt="beef, strip loin (top loin) steak" src="/media/images/store_item/blank.jpg"></td><td>beef, strip loin (top loin) steak</td><td class="not_printable sorting_1">meat &amp; poultry</td><td><img style="width:50%;" src="/media/images/logos/marchands/100.png" alt="Your Independent Grocer"></td><td><span itemprop="price">$14.99</span><span itemprop="eligibleQuantity" itemscope="" itemtype="http://schema.org/QuantitativeValue">/<span itemprop="unitText">lb</span></span></td><td>$33.05/kg</td><td style="display: none;">2020-02-26</td><td style="display: none;">Canada</td><td style="display: none;"></td><td style="display: none;"></td><td style="display: none;"></td><td style="display: none;">Cat.AA or better</td><td style="display: none;">large pack</td><td style="display: none;"></td><td style="display: none;"><a class="recipeLink" href="/recipe_ingredient_search_results.php?query=(_QU5E__1__________8__[]_1_1)">Recipes with beef, strip loin (top loin) steak</a></td></tr><tr role="row" class="even"><td tabindex="0"><i class="fas fa-exclamation"></i></td><td class=" not_printable"><div class="addToGL" data-soscuisine-aisle="6" data-soscuisine-sip="3943799"><i class="fa fa-cart-plus" title="Add to My Grocery List"></i><div></div></div></td><td><img class="storeItemImage" alt="beef, strip loin, bone-in" src="/media/images/store_item/blank.jpg"></td><td>beef, strip loin, bone-in</td><td class="not_printable sorting_1">meat &amp; poultry</td><td><img style="width:50%;" src="/media/images/logos/marchands/50.png" alt="Foodland"></td><td><span itemprop="price">$12.99</span><span itemprop="eligibleQuantity" itemscope="" itemtype="http://schema.org/QuantitativeValue">/<span itemprop="unitText">lb</span></span></td><td>$28.64/kg</td><td style="display: none;">2020-02-26</td><td style="display: none;">Canada</td><td style="display: none;"></td><td style="display: none;"></td><td style="display: none;"></td><td style="display: none;"></td><td style="display: none;">large pack</td><td style="display: none;"></td><td style="display: none;"></td></tr><tr role="row" class="odd"><td tabindex="0"><i class="fa fa-thumbs-up"></i><i class="fa fa-thumbs-up"></i></td><td class=" not_printable"><div class="addToGL" data-soscuisine-aisle="6" data-soscuisine-sip="3946127"><i class="fa fa-cart-plus" title="Add to My Grocery List"></i><div></div></div></td><td><img class="storeItemImage" itemprop="image" alt="beef, strips" src="/media/images/store_item/732.jpg"></td><td>beef, strips</td><td class="not_printable sorting_1">meat &amp; poultry</td><td><img style="width:50%;" src="/media/images/logos/marchands/36.png" alt="Sobeys"></td><td><span itemprop="price">$5.99</span><span itemprop="eligibleQuantity" itemscope="" itemtype="http://schema.org/QuantitativeValue">/<span itemprop="unitText">lb</span></span></td><td>$13.21/kg</td><td style="display: none;">2020-02-26</td><td style="display: none;"></td><td style="display: none;"></td><td style="display: none;"></td><td style="display: none;">for stir fry</td><td style="display: none;"></td><td style="display: none;"></td><td style="display: none;"></td><td style="display: none;"></td></tr><tr role="row" class="even"><td tabindex="0"><i class="fas fa-exclamation"></i></td><td class=" not_printable"><div class="addToGL" data-soscuisine-aisle="6" data-soscuisine-sip="3946141"><i class="fa fa-cart-plus" title="Add to My Grocery List"></i><div></div></div></td><td><img class="storeItemImage" itemprop="image" alt="beef, tenderloins" src="/media/images/store_item/642.jpg"></td><td>beef, tenderloins</td><td class="not_printable sorting_1">meat &amp; poultry</td><td><img style="width:50%;" src="/media/images/logos/marchands/36.png" alt="Sobeys"></td><td><span itemprop="price">$18.99</span><span itemprop="eligibleQuantity" itemscope="" itemtype="http://schema.org/QuantitativeValue">/<span itemprop="unitText">lb</span></span></td><td>$41.87/kg</td><td style="display: none;">2020-02-26</td><td style="display: none;">Canada</td><td style="display: none;"></td><td style="display: none;"></td><td style="display: none;"></td><td style="display: none;">Cat.AAA</td><td style="display: none;">roast</td><td style="display: none;"></td><td style="display: none;"><a class="recipeLink" href="/recipe_ingredient_search_results.php?query=(_QU5E__1__________642__[]_1_1)">Recipes with beef, tenderloins</a></td></tr><tr role="row" class="odd"><td tabindex="0"><i class="fa fa-thumbs-down"></i></td><td class=" not_printable"><div class="addToGL" data-soscuisine-aisle="6" data-soscuisine-sip="3945179"><i class="fa fa-cart-plus" title="Add to My Grocery List"></i><div></div></div></td><td><img class="storeItemImage" itemprop="image" alt="chicken, breast, boneless, skinless" src="/media/images/store_item/257.jpg"></td><td>chicken, breast, boneless, skinless</td><td class="not_printable sorting_1">meat &amp; poultry</td><td><img style="width:50%;" src="/media/images/logos/marchands/32.png" alt="Atlantic Superstore"></td><td><span itemprop="price">$7.49</span><span itemprop="eligibleQuantity" itemscope="" itemtype="http://schema.org/QuantitativeValue">/<span itemprop="unitText">lb</span></span></td><td>$16.51/kg</td><td style="display: none;">2020-02-26</td><td style="display: none;">Canada</td><td style="display: none;">house brand</td><td style="display: none;"></td><td style="display: none;"></td><td style="display: none;"></td><td style="display: none;">fresh, club-size</td><td style="display: none;"></td><td style="display: none;"><a class="recipeLink" href="/recipe_ingredient_search_results.php?query=(_QU5E__1__________257__[]_1_1)">Recipes with chicken, breast, boneless, skinless</a></td></tr><tr role="row" class="even"><td tabindex="0"><i class="fas fa-hand-rock"></i></td><td class=" not_printable"><div class="addToGL" data-soscuisine-aisle="6" data-soscuisine-sip="3943801"><i class="fa fa-cart-plus" title="Add to My Grocery List"></i><div></div></div></td><td><img class="storeItemImage" itemprop="image" alt="chicken, breast, boneless, skinless" src="/media/images/store_item/257.jpg"></td><td>chicken, breast, boneless, skinless</td><td class="not_printable sorting_1">meat &amp; poultry</td><td><img style="width:50%;" src="/media/images/logos/marchands/50.png" alt="Foodland"></td><td><span itemprop="price">$6.99</span><span itemprop="eligibleQuantity" itemscope="" itemtype="http://schema.org/QuantitativeValue">/<span itemprop="unitText">lb</span></span></td><td>$15.41/kg</td><td style="display: none;">2020-02-26</td><td style="display: none;"></td><td style="display: none;">house brand</td><td style="display: none;"></td><td style="display: none;"></td><td style="display: none;"></td><td style="display: none;">large pack</td><td style="display: none;"></td><td style="display: none;"><a class="recipeLink" href="/recipe_ingredient_search_results.php?query=(_QU5E__1__________257__[]_1_1)">Recipes with chicken, breast, boneless, skinless</a></td></tr><tr role="row" class="odd"><td tabindex="0"><i class="fas fa-hand-rock"></i></td><td class=" not_printable"><div class="addToGL" data-soscuisine-aisle="6" data-soscuisine-sip="3942413"><i class="fa fa-cart-plus" title="Add to My Grocery List"></i><div></div></div></td><td><img class="storeItemImage" itemprop="image" alt="chicken, breast, boneless, skinless" src="/media/images/store_item/257.jpg"></td><td>chicken, breast, boneless, skinless</td><td class="not_printable sorting_1">meat &amp; poultry</td><td><img style="width:50%;" src="/media/images/logos/marchands/100.png" alt="Your Independent Grocer"></td><td><span itemprop="price">$6.49</span><span itemprop="eligibleQuantity" itemscope="" itemtype="http://schema.org/QuantitativeValue">/<span itemprop="unitText">lb</span></span></td><td>$14.31/kg</td><td style="display: none;">2020-02-26</td><td style="display: none;"></td><td style="display: none;">house brand</td><td style="display: none;"></td><td style="display: none;"></td><td style="display: none;"></td><td style="display: none;">fresh, large pack</td><td style="display: none;"></td><td style="display: none;"><a class="recipeLink" href="/recipe_ingredient_search_results.php?query=(_QU5E__1__________257__[]_1_1)">Recipes with chicken, breast, boneless, skinless</a></td></tr><tr role="row" class="even"><td tabindex="0"><i class="fa fa-thumbs-up"></i><i class="fa fa-thumbs-up"></i></td><td class=" not_printable"><div class="addToGL" data-soscuisine-aisle="6" data-soscuisine-sip="3945095"><i class="fa fa-cart-plus" title="Add to My Grocery List"></i><div></div></div></td><td><img class="storeItemImage" itemprop="image" alt="chicken, drumsticks" src="/media/images/store_item/414.jpg"></td><td>chicken, drumsticks</td><td class="not_printable sorting_1">meat &amp; poultry</td><td><img style="width:50%;" src="/media/images/logos/marchands/32.png" alt="Atlantic Superstore"></td><td><span itemprop="price">$2.00</span><span itemprop="eligibleQuantity" itemscope="" itemtype="http://schema.org/QuantitativeValue">/<span itemprop="unitText">lb</span></span></td><td>$4.41/kg</td><td style="display: none;">2020-02-26</td><td style="display: none;"></td><td style="display: none;"></td><td style="display: none;"></td><td style="display: none;"></td><td style="display: none;"></td><td style="display: none;">fresh, large pack</td><td style="display: none;"></td><td style="display: none;"><a class="recipeLink" href="/recipe_ingredient_search_results.php?query=(_QU5E__1__________414__[]_1_1)">Recipes with chicken, drumsticks</a></td></tr><tr role="row" class="odd"><td tabindex="0"><i class="fas fa-hand-rock"></i></td><td class=" not_printable"><div class="addToGL" data-soscuisine-aisle="6" data-soscuisine-sip="3943791"><i class="fa fa-cart-plus" title="Add to My Grocery List"></i><div></div></div></td><td><img class="storeItemImage" itemprop="image" alt="chicken, drumsticks" src="/media/images/store_item/414.jpg"></td><td>chicken, drumsticks</td><td class="not_printable sorting_1">meat &amp; poultry</td><td><img style="width:50%;" src="/media/images/logos/marchands/50.png" alt="Foodland"></td><td><span itemprop="price">$2.99</span><span itemprop="eligibleQuantity" itemscope="" itemtype="http://schema.org/QuantitativeValue">/<span itemprop="unitText">lb</span></span></td><td>$6.59/kg</td><td style="display: none;">2020-02-26</td><td style="display: none;"></td><td style="display: none;">house brand</td><td style="display: none;"></td><td style="display: none;"></td><td style="display: none;"></td><td style="display: none;">large pack</td><td style="display: none;"></td><td style="display: none;"><a class="recipeLink" href="/recipe_ingredient_search_results.php?query=(_QU5E__1__________414__[]_1_1)">Recipes with chicken, drumsticks</a></td></tr><tr role="row" class="even"><td tabindex="0"><i class="fas fa-hand-rock"></i></td><td class=" not_printable"><div class="addToGL" data-soscuisine-aisle="6" data-soscuisine-sip="3946129"><i class="fa fa-cart-plus" title="Add to My Grocery List"></i><div></div></div></td><td><img class="storeItemImage" itemprop="image" alt="chicken, drumsticks" src="/media/images/store_item/414.jpg"></td><td>chicken, drumsticks</td><td class="not_printable sorting_1">meat &amp; poultry</td><td><img style="width:50%;" src="/media/images/logos/marchands/36.png" alt="Sobeys"></td><td><span itemprop="price">$3.49</span><span itemprop="eligibleQuantity" itemscope="" itemtype="http://schema.org/QuantitativeValue">/<span itemprop="unitText">lb</span></span></td><td>$7.69/kg</td><td style="display: none;">2020-02-26</td><td style="display: none;"></td><td style="display: none;"></td><td style="display: none;"></td><td style="display: none;"></td><td style="display: none;"></td><td style="display: none;">fresh, large pack</td><td style="display: none;"></td><td style="display: none;"><a class="recipeLink" href="/recipe_ingredient_search_results.php?query=(_QU5E__1__________414__[]_1_1)">Recipes with chicken, drumsticks</a></td></tr><tr role="row" class="odd"><td tabindex="0"><i class="fa fa-thumbs-down"></i></td><td class=" not_printable"><div class="addToGL" data-soscuisine-aisle="6" data-soscuisine-sip="3945199"><i class="fa fa-cart-plus" title="Add to My Grocery List"></i><div></div></div></td><td><img class="storeItemImage" itemprop="image" alt="chicken, ground" src="/media/images/store_item/494.jpg"></td><td>chicken, ground</td><td class="not_printable sorting_1">meat &amp; poultry</td><td><img style="width:50%;" src="/media/images/logos/marchands/32.png" alt="Atlantic Superstore"></td><td><span itemprop="price">$10.00</span><span itemprop="eligibleQuantity" itemscope="" itemtype="http://schema.org/QuantitativeValue">/<span itemprop="unitText">454g (1lb)</span></span></td><td>$22.05/kg</td><td style="display: none;">2020-02-26</td><td style="display: none;"></td><td style="display: none;">house brand</td><td style="display: none;"></td><td style="display: none;"></td><td style="display: none;"></td><td style="display: none;"></td><td style="display: none;"></td><td style="display: none;"><a class="recipeLink" href="/recipe_ingredient_search_results.php?query=(_QU5E__1__________494__[]_1_1)">Recipes with chicken, ground</a></td></tr><tr role="row" class="even"><td tabindex="0"><i class="fa fa-thumbs-up"></i><i class="fa fa-thumbs-up"></i></td><td class=" not_printable"><div class="addToGL" data-soscuisine-aisle="6" data-soscuisine-sip="3942489"><i class="fa fa-cart-plus" title="Add to My Grocery List"></i><div></div></div></td><td><img class="storeItemImage" itemprop="image" alt="chicken, ground" src="/media/images/store_item/494.jpg"></td><td>chicken, ground</td><td class="not_printable sorting_1">meat &amp; poultry</td><td><img style="width:50%;" src="/media/images/logos/marchands/97.png" alt="No Frills"></td><td><span itemprop="price">$1.00</span><span itemprop="eligibleQuantity" itemscope="" itemtype="http://schema.org/QuantitativeValue">/<span itemprop="unitText">454g (1lb)</span></span></td><td>$2.20/kg</td><td style="display: none;">2020-02-26</td><td style="display: none;"></td><td style="display: none;">Maple Lodge</td><td style="display: none;"></td><td style="display: none;">lean</td><td style="display: none;"></td><td style="display: none;"></td><td style="display: none;"></td><td style="display: none;"><a class="recipeLink" href="/recipe_ingredient_search_results.php?query=(_QU5E__1__________494__[]_1_1)">Recipes with chicken, ground</a></td></tr><tr role="row" class="odd"><td tabindex="0"><i class="fas fa-hand-rock"></i></td><td class=" not_printable"><div class="addToGL" data-soscuisine-aisle="6" data-soscuisine-sip="3941069"><i class="fa fa-cart-plus" title="Add to My Grocery List"></i><div></div></div></td><td><img class="storeItemImage" itemprop="image" alt="chicken, ground" src="/media/images/store_item/494.jpg"></td><td>chicken, ground</td><td class="not_printable sorting_1">meat &amp; poultry</td><td><img style="width:50%;" src="/media/images/logos/marchands/76.png" alt="Walmart"></td><td><span itemprop="price">$12.00</span><span itemprop="eligibleQuantity" itemscope="" itemtype="http://schema.org/QuantitativeValue">/<span itemprop="value">2</span>x<span itemprop="unitText">454g (1lb)</span></span></td><td>$13.23/kg</td><td style="display: none;">2020-02-26</td><td style="display: none;"></td><td style="display: none;">Maple Leaf</td><td style="display: none;"></td><td style="display: none;">extra-lean</td><td style="display: none;"></td><td style="display: none;"></td><td style="display: none;">or Mina Halal, lean, supercentres only</td><td style="display: none;"><a class="recipeLink" href="/recipe_ingredient_search_results.php?query=(_QU5E__1__________494__[]_1_1)">Recipes with chicken, ground</a></td></tr><tr role="row" class="even"><td tabindex="0"><i class="fas fa-hand-rock"></i></td><td class=" not_printable"><div class="addToGL" data-soscuisine-aisle="6" data-soscuisine-sip="3941067"><i class="fa fa-cart-plus" title="Add to My Grocery List"></i><div></div></div></td><td><img class="storeItemImage" itemprop="image" alt="chicken, ground" src="/media/images/store_item/494.jpg"></td><td>chicken, ground</td><td class="not_printable sorting_1">meat &amp; poultry</td><td><img style="width:50%;" src="/media/images/logos/marchands/76.png" alt="Walmart"></td><td><span itemprop="price">$6.97</span><span itemprop="eligibleQuantity" itemscope="" itemtype="http://schema.org/QuantitativeValue">/<span itemprop="unitText">454g (1lb)</span></span></td><td>$15.37/kg</td><td style="display: none;">2020-02-26</td><td style="display: none;"></td><td style="display: none;">Maple Leaf</td><td style="display: none;"></td><td style="display: none;">extra-lean</td><td style="display: none;"></td><td style="display: none;"></td><td style="display: none;">or Mina Halal, lean, supercentres only</td><td style="display: none;"><a class="recipeLink" href="/recipe_ingredient_search_results.php?query=(_QU5E__1__________494__[]_1_1)">Recipes with chicken, ground</a></td></tr><tr role="row" class="odd"><td tabindex="0"><i class="fa fa-thumbs-up"></i><i class="fa fa-thumbs-up"></i></td><td class=" not_printable"><div class="addToGL" data-soscuisine-aisle="6" data-soscuisine-sip="3946027"><i class="fa fa-cart-plus" title="Add to My Grocery List"></i><div></div></div></td><td><img class="storeItemImage" alt="chicken, half breast" src="/media/images/store_item/blank.jpg"></td><td>chicken, half breast</td><td class="not_printable sorting_1">meat &amp; poultry</td><td><img style="width:50%;" src="/media/images/logos/marchands/36.png" alt="Sobeys"></td><td><span itemprop="price">$2.99</span><span itemprop="eligibleQuantity" itemscope="" itemtype="http://schema.org/QuantitativeValue">/<span itemprop="unitText">lb</span></span></td><td>$6.59/kg</td><td style="display: none;">2020-02-26</td><td style="display: none;"></td><td style="display: none;"></td><td style="display: none;"></td><td style="display: none;"></td><td style="display: none;"></td><td style="display: none;">fresh, family pack</td><td style="display: none;"></td><td style="display: none;"><a class="recipeLink" href="/recipe_ingredient_search_results.php?query=(_QU5E__1__________888__[]_1_1)">Recipes with chicken, half breast</a></td></tr><tr role="row" class="even"><td tabindex="0"><i class="fa fa-thumbs-up"></i><i class="fa fa-thumbs-up"></i></td><td class=" not_printable"><div class="addToGL" data-soscuisine-aisle="6" data-soscuisine-sip="3945097"><i class="fa fa-cart-plus" title="Add to My Grocery List"></i><div></div></div></td><td><img class="storeItemImage" itemprop="image" alt="chicken, thighs, bone-in, with skin" src="/media/images/store_item/511.jpg"></td><td>chicken, thighs, bone-in, with skin</td><td class="not_printable sorting_1">meat &amp; poultry</td><td><img style="width:50%;" src="/media/images/logos/marchands/32.png" alt="Atlantic Superstore"></td><td><span itemprop="price">$2.00</span><span itemprop="eligibleQuantity" itemscope="" itemtype="http://schema.org/QuantitativeValue">/<span itemprop="unitText">lb</span></span></td><td>$4.41/kg</td><td style="display: none;">2020-02-26</td><td style="display: none;"></td><td style="display: none;"></td><td style="display: none;"></td><td style="display: none;"></td><td style="display: none;"></td><td style="display: none;">fresh, large pack</td><td style="display: none;"></td><td style="display: none;"><a class="recipeLink" href="/recipe_ingredient_search_results.php?query=(_QU5E__1__________511__[]_1_1)">Recipes with chicken, thighs, bone-in, with skin</a></td></tr><tr role="row" class="odd"><td tabindex="0"><i class="fas fa-hand-rock"></i></td><td class=" not_printable"><div class="addToGL" data-soscuisine-aisle="6" data-soscuisine-sip="3943793"><i class="fa fa-cart-plus" title="Add to My Grocery List"></i><div></div></div></td><td><img class="storeItemImage" itemprop="image" alt="chicken, thighs, bone-in, with skin" src="/media/images/store_item/511.jpg"></td><td>chicken, thighs, bone-in, with skin</td><td class="not_printable sorting_1">meat &amp; poultry</td><td><img style="width:50%;" src="/media/images/logos/marchands/50.png" alt="Foodland"></td><td><span itemprop="price">$2.99</span><span itemprop="eligibleQuantity" itemscope="" itemtype="http://schema.org/QuantitativeValue">/<span itemprop="unitText">lb</span></span></td><td>$6.59/kg</td><td style="display: none;">2020-02-26</td><td style="display: none;"></td><td style="display: none;">house brand</td><td style="display: none;"></td><td style="display: none;"></td><td style="display: none;"></td><td style="display: none;">large pack</td><td style="display: none;"></td><td style="display: none;"><a class="recipeLink" href="/recipe_ingredient_search_results.php?query=(_QU5E__1__________511__[]_1_1)">Recipes with chicken, thighs, bone-in, with skin</a></td></tr><tr role="row" class="even"><td tabindex="0"><i class="fas fa-hand-rock"></i></td><td class=" not_printable"><div class="addToGL" data-soscuisine-aisle="6" data-soscuisine-sip="3946131"><i class="fa fa-cart-plus" title="Add to My Grocery List"></i><div></div></div></td><td><img class="storeItemImage" itemprop="image" alt="chicken, thighs, bone-in, with skin" src="/media/images/store_item/511.jpg"></td><td>chicken, thighs, bone-in, with skin</td><td class="not_printable sorting_1">meat &amp; poultry</td><td><img style="width:50%;" src="/media/images/logos/marchands/36.png" alt="Sobeys"></td><td><span itemprop="price">$3.49</span><span itemprop="eligibleQuantity" itemscope="" itemtype="http://schema.org/QuantitativeValue">/<span itemprop="unitText">lb</span></span></td><td>$7.69/kg</td><td style="display: none;">2020-02-26</td><td style="display: none;"></td><td style="display: none;"></td><td style="display: none;"></td><td style="display: none;"></td><td style="display: none;"></td><td style="display: none;">fresh, large pack</td><td style="display: none;"></td><td style="display: none;"><a class="recipeLink" href="/recipe_ingredient_search_results.php?query=(_QU5E__1__________511__[]_1_1)">Recipes with chicken, thighs, bone-in, with skin</a></td></tr><tr role="row" class="odd"><td tabindex="0"><i class="fa fa-thumbs-up"></i></td><td class=" not_printable"><div class="addToGL" data-soscuisine-aisle="6" data-soscuisine-sip="3946137"><i class="fa fa-cart-plus" title="Add to My Grocery List"></i><div></div></div></td><td><img class="storeItemImage" itemprop="image" alt="chicken, wings" src="/media/images/store_item/515.jpg"></td><td>chicken, wings</td><td class="not_printable sorting_1">meat &amp; poultry</td><td><img style="width:50%;" src="/media/images/logos/marchands/36.png" alt="Sobeys"></td><td><span itemprop="price">$4.49</span><span itemprop="eligibleQuantity" itemscope="" itemtype="http://schema.org/QuantitativeValue">/<span itemprop="unitText">lb</span></span></td><td>$9.90/kg</td><td style="display: none;">2020-02-26</td><td style="display: none;"></td><td style="display: none;"></td><td style="display: none;"></td><td style="display: none;"></td><td style="display: none;"></td><td style="display: none;">split, fresh</td><td style="display: none;">large pack</td><td style="display: none;"><a class="recipeLink" href="/recipe_ingredient_search_results.php?query=(_QU5E__1__________515__[]_1_1)">Recipes with chicken, wings</a></td></tr><tr role="row" class="even"><td tabindex="0"><i class="fas fa-hand-rock"></i></td><td class=" not_printable"><div class="addToGL" data-soscuisine-aisle="6" data-soscuisine-sip="3942419"><i class="fa fa-cart-plus" title="Add to My Grocery List"></i><div></div></div></td><td><img class="storeItemImage" itemprop="image" alt="chickens, whole" src="/media/images/store_item/343.jpg"></td><td>chickens, whole</td><td class="not_printable sorting_1">meat &amp; poultry</td><td><img style="width:50%;" src="/media/images/logos/marchands/100.png" alt="Your Independent Grocer"></td><td><span itemprop="price">$2.99</span><span itemprop="eligibleQuantity" itemscope="" itemtype="http://schema.org/QuantitativeValue">/<span itemprop="unitText">lb</span></span></td><td>$6.59/kg</td><td style="display: none;">2020-02-26</td><td style="display: none;"></td><td style="display: none;"></td><td style="display: none;"></td><td style="display: none;"></td><td style="display: none;"></td><td style="display: none;">fresh</td><td style="display: none;"></td><td style="display: none;"><a class="recipeLink" href="/recipe_ingredient_search_results.php?query=(_QU5E__1__________343__[]_1_1)">Recipes with chickens, whole</a></td></tr><tr role="row" class="odd"><td tabindex="0"><i class="fas fa-exclamation"></i></td><td class=" not_printable"><div class="addToGL" data-soscuisine-aisle="6" data-soscuisine-sip="3946159"><i class="fa fa-cart-plus" title="Add to My Grocery List"></i><div></div></div></td><td><img class="storeItemImage" alt="Cornish hens" src="/media/images/store_item/blank.jpg"></td><td>Cornish hens</td><td class="not_printable sorting_1">meat &amp; poultry</td><td><img style="width:50%;" src="/media/images/logos/marchands/36.png" alt="Sobeys"></td><td><span itemprop="price">$3.99</span><span itemprop="eligibleQuantity" itemscope="" itemtype="http://schema.org/QuantitativeValue">/<span itemprop="unitText">lb</span></span></td><td>$8.80/kg</td><td style="display: none;">2020-02-26</td><td style="display: none;"></td><td style="display: none;"></td><td style="display: none;"></td><td style="display: none;"></td><td style="display: none;"></td><td style="display: none;">frozen</td><td style="display: none;"></td><td style="display: none;"><a class="recipeLink" href="/recipe_ingredient_search_results.php?query=(_QU5E__1__________650__[]_1_1)">Recipes with Cornish hens</a></td></tr><tr role="row" class="even"><td tabindex="0"><i class="fas fa-hand-rock"></i></td><td class=" not_printable"><div class="addToGL" data-soscuisine-aisle="6" data-soscuisine-sip="3943807"><i class="fa fa-cart-plus" title="Add to My Grocery List"></i><div></div></div></td><td><img class="storeItemImage" itemprop="image" alt="deli food, bologna" src="/media/images/store_item/766.jpg"></td><td>deli food, bologna</td><td class="not_printable sorting_1">meat &amp; poultry</td><td><img style="width:50%;" src="/media/images/logos/marchands/50.png" alt="Foodland"></td><td><span itemprop="price">$3.99</span><span itemprop="eligibleQuantity" itemscope="" itemtype="http://schema.org/QuantitativeValue">/<span itemprop="unitText">375g</span></span></td><td>$10.64/kg</td><td style="display: none;">2020-02-26</td><td style="display: none;"></td><td style="display: none;">Sunrise</td><td style="display: none;"></td><td style="display: none;"></td><td style="display: none;"></td><td style="display: none;"></td><td style="display: none;"></td><td style="display: none;"></td></tr><tr role="row" class="odd"><td tabindex="0"><i class="fa fa-thumbs-down"></i></td><td class=" not_printable"><div class="addToGL" data-soscuisine-aisle="6" data-soscuisine-sip="3942429"><i class="fa fa-cart-plus" title="Add to My Grocery List"></i><div></div></div></td><td><img class="storeItemImage" itemprop="image" alt="deli food, bologna" src="/media/images/store_item/766.jpg"></td><td>deli food, bologna</td><td class="not_printable sorting_1">meat &amp; poultry</td><td><img style="width:50%;" src="/media/images/logos/marchands/100.png" alt="Your Independent Grocer"></td><td><span itemprop="price">$10.00</span><span itemprop="eligibleQuantity" itemscope="" itemtype="http://schema.org/QuantitativeValue">/<span itemprop="value">2</span>x<span itemprop="unitText">375g</span></span></td><td>$13.33/kg</td><td style="display: none;">2020-02-26</td><td style="display: none;"></td><td style="display: none;">Sunrise</td><td style="display: none;"></td><td style="display: none;"></td><td style="display: none;"></td><td style="display: none;"></td><td style="display: none;"></td><td style="display: none;"></td></tr><tr role="row" class="even"><td tabindex="0"><i class="fa fa-thumbs-down"></i></td><td class=" not_printable"><div class="addToGL" data-soscuisine-aisle="6" data-soscuisine-sip="3942431"><i class="fa fa-cart-plus" title="Add to My Grocery List"></i><div></div></div></td><td><img class="storeItemImage" itemprop="image" alt="deli food, bologna" src="/media/images/store_item/766.jpg"></td><td>deli food, bologna</td><td class="not_printable sorting_1">meat &amp; poultry</td><td><img style="width:50%;" src="/media/images/logos/marchands/100.png" alt="Your Independent Grocer"></td><td><span itemprop="price">$5.99</span><span itemprop="eligibleQuantity" itemscope="" itemtype="http://schema.org/QuantitativeValue">/<span itemprop="unitText">375g</span></span></td><td>$15.97/kg</td><td style="display: none;">2020-02-26</td><td style="display: none;"></td><td style="display: none;">Sunrise</td><td style="display: none;"></td><td style="display: none;"></td><td style="display: none;"></td><td style="display: none;"></td><td style="display: none;"></td><td style="display: none;"></td></tr><tr role="row" class="odd"><td tabindex="0"><i class="fas fa-exclamation"></i></td><td class=" not_printable"><div class="addToGL" data-soscuisine-aisle="6" data-soscuisine-sip="3943837"><i class="fa fa-cart-plus" title="Add to My Grocery List"></i><div></div></div></td><td><img class="storeItemImage" itemprop="image" alt="deli food, capocollo" src="/media/images/store_item/857.jpg"></td><td>deli food, capocollo</td><td class="not_printable sorting_1">meat &amp; poultry</td><td><img style="width:50%;" src="/media/images/logos/marchands/50.png" alt="Foodland"></td><td><span itemprop="price">$8.00</span><span itemprop="eligibleQuantity" itemscope="" itemtype="http://schema.org/QuantitativeValue">/<span itemprop="value">2</span>x125g</span></td><td>$32.00/kg</td><td style="display: none;">2020-02-26</td><td style="display: none;"></td><td style="display: none;"></td><td style="display: none;"></td><td style="display: none;"></td><td style="display: none;"></td><td style="display: none;"></td><td style="display: none;"></td><td style="display: none;"><a class="recipeLink" href="/recipe_ingredient_search_results.php?query=(_QU5E__1__________857__[]_1_1)">Recipes with deli food, capocollo</a></td></tr><tr role="row" class="even"><td tabindex="0"><i class="fas fa-hand-rock"></i></td><td class=" not_printable"><div class="addToGL" data-soscuisine-aisle="6" data-soscuisine-sip="3946245"><i class="fa fa-cart-plus" title="Add to My Grocery List"></i><div></div></div></td><td><img class="storeItemImage" itemprop="image" alt="deli food, chicken breast roast" src="/media/images/store_item/623.jpg"></td><td>deli food, chicken breast roast</td><td class="not_printable sorting_1">meat &amp; poultry</td><td><img style="width:50%;" src="/media/images/logos/marchands/32.png" alt="Atlantic Superstore"></td><td><span itemprop="price">$11.00</span><span itemprop="eligibleQuantity" itemscope="" itemtype="http://schema.org/QuantitativeValue">/<span itemprop="unitText">375g</span></span></td><td>$29.33/kg</td><td style="display: none;">2020-02-26</td><td style="display: none;"></td><td style="display: none;">house brand</td><td style="display: none;"></td><td style="display: none;"></td><td style="display: none;"></td><td style="display: none;">sliced</td><td style="display: none;">Free From</td><td style="display: none;"><a class="recipeLink" href="/recipe_ingredient_search_results.php?query=(_QU5E__1__________623__[]_1_1)">Recipes with deli food, chicken breast roast</a></td></tr><tr role="row" class="odd"><td tabindex="0"><i class="fas fa-exclamation"></i></td><td class=" not_printable"><div class="addToGL" data-soscuisine-aisle="6" data-soscuisine-sip="3946575"><i class="fa fa-cart-plus" title="Add to My Grocery List"></i><div></div></div></td><td><img class="storeItemImage" itemprop="image" alt="deli food, corned beef" src="/media/images/store_item/767.jpg"></td><td>deli food, corned beef</td><td class="not_printable sorting_1">meat &amp; poultry</td><td><img style="width:50%;" src="/media/images/logos/marchands/36.png" alt="Sobeys"></td><td><span itemprop="price">$2.89</span><span itemprop="eligibleQuantity" itemscope="" itemtype="http://schema.org/QuantitativeValue">/<span itemprop="unitText">100g</span></span></td><td>$28.90/kg</td><td style="display: none;">2020-02-26</td><td style="display: none;"></td><td style="display: none;">house brand</td><td style="display: none;"></td><td style="display: none;"></td><td style="display: none;"></td><td style="display: none;"></td><td style="display: none;"></td><td style="display: none;"></td></tr><tr role="row" class="even"><td tabindex="0"><i class="fas fa-hand-rock"></i></td><td class=" not_printable"><div class="addToGL" data-soscuisine-aisle="6" data-soscuisine-sip="3946239"><i class="fa fa-cart-plus" title="Add to My Grocery List"></i><div></div></div></td><td><img class="storeItemImage" itemprop="image" alt="deli food, ham" src="/media/images/store_item/544.jpg"></td><td>deli food, ham</td><td class="not_printable sorting_1">meat &amp; poultry</td><td><img style="width:50%;" src="/media/images/logos/marchands/32.png" alt="Atlantic Superstore"></td><td><span itemprop="price">$11.00</span><span itemprop="eligibleQuantity" itemscope="" itemtype="http://schema.org/QuantitativeValue">/<span itemprop="unitText">400g</span></span></td><td>$27.50/kg</td><td style="display: none;">2020-02-26</td><td style="display: none;"></td><td style="display: none;">house brand</td><td style="display: none;"></td><td style="display: none;">honey flavoured</td><td style="display: none;">antibiotic free</td><td style="display: none;">sliced</td><td style="display: none;">Free From</td><td style="display: none;"><a class="recipeLink" href="/recipe_ingredient_search_results.php?query=(_QU5E__1__________544__[]_1_1)">Recipes with deli food, ham</a></td></tr><tr role="row" class="odd"><td tabindex="0"><i class="fa fa-thumbs-down"></i></td><td class=" not_printable"><div class="addToGL" data-soscuisine-aisle="6" data-soscuisine-sip="3943839"><i class="fa fa-cart-plus" title="Add to My Grocery List"></i><div></div></div></td><td><img class="storeItemImage" itemprop="image" alt="deli food, ham" src="/media/images/store_item/544.jpg"></td><td>deli food, ham</td><td class="not_printable sorting_1">meat &amp; poultry</td><td><img style="width:50%;" src="/media/images/logos/marchands/50.png" alt="Foodland"></td><td><span itemprop="price">$8.00</span><span itemprop="eligibleQuantity" itemscope="" itemtype="http://schema.org/QuantitativeValue">/<span itemprop="value">2</span>x125g</span></td><td>$32.00/kg</td><td style="display: none;">2020-02-26</td><td style="display: none;"></td><td style="display: none;"></td><td style="display: none;"></td><td style="display: none;">prosciutto cotto</td><td style="display: none;"></td><td style="display: none;"></td><td style="display: none;"></td><td style="display: none;"><a class="recipeLink" href="/recipe_ingredient_search_results.php?query=(_QU5E__1__________544__[]_1_1)">Recipes with deli food, ham</a></td></tr><tr role="row" class="even"><td tabindex="0"><i class="fas fa-exclamation"></i></td><td class=" not_printable"><div class="addToGL" data-soscuisine-aisle="6" data-soscuisine-sip="3943833"><i class="fa fa-cart-plus" title="Add to My Grocery List"></i><div></div></div></td><td><img class="storeItemImage" itemprop="image" alt="deli food, mortadella" src="/media/images/store_item/241.jpg"></td><td>deli food, mortadella</td><td class="not_printable sorting_1">meat &amp; poultry</td><td><img style="width:50%;" src="/media/images/logos/marchands/50.png" alt="Foodland"></td><td><span itemprop="price">$8.00</span><span itemprop="eligibleQuantity" itemscope="" itemtype="http://schema.org/QuantitativeValue">/<span itemprop="value">2</span>x<span itemprop="unitText">175g</span></span></td><td>$22.86/kg</td><td style="display: none;">2020-02-26</td><td style="display: none;"></td><td style="display: none;">San Daniele</td><td style="display: none;"></td><td style="display: none;"></td><td style="display: none;"></td><td style="display: none;"></td><td style="display: none;">or Mastro</td><td style="display: none;"><a class="recipeLink" href="/recipe_ingredient_search_results.php?query=(_QU5E__1__________241__[]_1_1)">Recipes with deli food, mortadella</a></td></tr><tr role="row" class="odd"><td tabindex="0"><i class="fas fa-exclamation"></i></td><td class=" not_printable"><div class="addToGL" data-soscuisine-aisle="6" data-soscuisine-sip="3942495"><i class="fa fa-cart-plus" title="Add to My Grocery List"></i><div></div></div></td><td><img class="storeItemImage" itemprop="image" alt="deli food, mortadella" src="/media/images/store_item/241.jpg"></td><td>deli food, mortadella</td><td class="not_printable sorting_1">meat &amp; poultry</td><td><img style="width:50%;" src="/media/images/logos/marchands/97.png" alt="No Frills"></td><td><span itemprop="price">$1.00</span><span itemprop="eligibleQuantity" itemscope="" itemtype="http://schema.org/QuantitativeValue">/<span itemprop="unitText">100g</span></span></td><td>$10.00/kg</td><td style="display: none;">2020-02-26</td><td style="display: none;"></td><td style="display: none;">San Daniele</td><td style="display: none;"></td><td style="display: none;"></td><td style="display: none;"></td><td style="display: none;"></td><td style="display: none;"></td><td style="display: none;"><a class="recipeLink" href="/recipe_ingredient_search_results.php?query=(_QU5E__1__________241__[]_1_1)">Recipes with deli food, mortadella</a></td></tr><tr role="row" class="even"><td tabindex="0"><i class="fa fa-thumbs-up"></i><i class="fa fa-thumbs-up"></i></td><td class=" not_printable"><div class="addToGL" data-soscuisine-aisle="6" data-soscuisine-sip="3945113"><i class="fa fa-cart-plus" title="Add to My Grocery List"></i><div></div></div></td><td><img class="storeItemImage" itemprop="image" alt="deli food, pork bacon" src="/media/images/store_item/231.jpg"></td><td>deli food, pork bacon</td><td class="not_printable sorting_1">meat &amp; poultry</td><td><img style="width:50%;" src="/media/images/logos/marchands/32.png" alt="Atlantic Superstore"></td><td><span itemprop="price">$3.99</span><span itemprop="eligibleQuantity" itemscope="" itemtype="http://schema.org/QuantitativeValue">/<span itemprop="unitText">500g</span></span></td><td>$7.98/kg</td><td style="display: none;">2020-02-26</td><td style="display: none;"></td><td style="display: none;">house brand</td><td style="display: none;"></td><td style="display: none;">naturally smoked</td><td style="display: none;"></td><td style="display: none;"></td><td style="display: none;">valid from 20 to 22 only</td><td style="display: none;"><a class="recipeLink" href="/recipe_ingredient_search_results.php?query=(_QU5E__1__________231__[]_1_1)">Recipes with deli food, pork bacon</a></td></tr><tr role="row" class="odd"><td tabindex="0"><i class="fa fa-thumbs-up"></i></td><td class=" not_printable"><div class="addToGL" data-soscuisine-aisle="6" data-soscuisine-sip="3945115"><i class="fa fa-cart-plus" title="Add to My Grocery List"></i><div></div></div></td><td><img class="storeItemImage" itemprop="image" alt="deli food, pork bacon" src="/media/images/store_item/231.jpg"></td><td>deli food, pork bacon</td><td class="not_printable sorting_1">meat &amp; poultry</td><td><img style="width:50%;" src="/media/images/logos/marchands/32.png" alt="Atlantic Superstore"></td><td><span itemprop="price">$4.99</span><span itemprop="eligibleQuantity" itemscope="" itemtype="http://schema.org/QuantitativeValue">/<span itemprop="unitText">500g</span></span></td><td>$9.98/kg</td><td style="display: none;">2020-02-26</td><td style="display: none;"></td><td style="display: none;">house brand</td><td style="display: none;"></td><td style="display: none;">naturally smoked</td><td style="display: none;"></td><td style="display: none;"></td><td style="display: none;">valid from 23 to 26</td><td style="display: none;"><a class="recipeLink" href="/recipe_ingredient_search_results.php?query=(_QU5E__1__________231__[]_1_1)">Recipes with deli food, pork bacon</a></td></tr><tr role="row" class="even"><td tabindex="0"><i class="fas fa-hand-rock"></i></td><td class=" not_printable"><div class="addToGL" data-soscuisine-aisle="6" data-soscuisine-sip="3945117"><i class="fa fa-cart-plus" title="Add to My Grocery List"></i><div></div></div></td><td><img class="storeItemImage" itemprop="image" alt="deli food, pork bacon" src="/media/images/store_item/231.jpg"></td><td>deli food, pork bacon</td><td class="not_printable sorting_1">meat &amp; poultry</td><td><img style="width:50%;" src="/media/images/logos/marchands/32.png" alt="Atlantic Superstore"></td><td><span itemprop="price">$3.99</span><span itemprop="eligibleQuantity" itemscope="" itemtype="http://schema.org/QuantitativeValue">/<span itemprop="unitText">375g</span></span></td><td>$10.64/kg</td><td style="display: none;">2020-02-26</td><td style="display: none;"></td><td style="display: none;">Schneiders</td><td style="display: none;"></td><td style="display: none;"></td><td style="display: none;"></td><td style="display: none;"></td><td style="display: none;">valid from 20 to 22 only</td><td style="display: none;"><a class="recipeLink" href="/recipe_ingredient_search_results.php?query=(_QU5E__1__________231__[]_1_1)">Recipes with deli food, pork bacon</a></td></tr><tr role="row" class="odd"><td tabindex="0"><i class="fas fa-hand-rock"></i></td><td class=" not_printable"><div class="addToGL" data-soscuisine-aisle="6" data-soscuisine-sip="3945205"><i class="fa fa-cart-plus" title="Add to My Grocery List"></i><div></div></div></td><td><img class="storeItemImage" itemprop="image" alt="deli food, pork bacon" src="/media/images/store_item/231.jpg"></td><td>deli food, pork bacon</td><td class="not_printable sorting_1">meat &amp; poultry</td><td><img style="width:50%;" src="/media/images/logos/marchands/32.png" alt="Atlantic Superstore"></td><td><span itemprop="price">$12.99</span><span itemprop="eligibleQuantity" itemscope="" itemtype="http://schema.org/QuantitativeValue">/<span itemprop="unitText">1kg</span></span></td><td>$12.99/kg</td><td style="display: none;">2020-02-26</td><td style="display: none;"></td><td style="display: none;">house brand</td><td style="display: none;"></td><td style="display: none;"></td><td style="display: none;"></td><td style="display: none;"></td><td style="display: none;">old fashion</td><td style="display: none;"><a class="recipeLink" href="/recipe_ingredient_search_results.php?query=(_QU5E__1__________231__[]_1_1)">Recipes with deli food, pork bacon</a></td></tr><tr role="row" class="even"><td tabindex="0"><i class="fas fa-hand-rock"></i></td><td class=" not_printable"><div class="addToGL" data-soscuisine-aisle="6" data-soscuisine-sip="3945119"><i class="fa fa-cart-plus" title="Add to My Grocery List"></i><div></div></div></td><td><img class="storeItemImage" itemprop="image" alt="deli food, pork bacon" src="/media/images/store_item/231.jpg"></td><td>deli food, pork bacon</td><td class="not_printable sorting_1">meat &amp; poultry</td><td><img style="width:50%;" src="/media/images/logos/marchands/32.png" alt="Atlantic Superstore"></td><td><span itemprop="price">$4.99</span><span itemprop="eligibleQuantity" itemscope="" itemtype="http://schema.org/QuantitativeValue">/<span itemprop="unitText">375g</span></span></td><td>$13.31/kg</td><td style="display: none;">2020-02-26</td><td style="display: none;"></td><td style="display: none;">Schneiders</td><td style="display: none;"></td><td style="display: none;"></td><td style="display: none;"></td><td style="display: none;"></td><td style="display: none;">valid from 23 to 26</td><td style="display: none;"><a class="recipeLink" href="/recipe_ingredient_search_results.php?query=(_QU5E__1__________231__[]_1_1)">Recipes with deli food, pork bacon</a></td></tr><tr role="row" class="odd"><td tabindex="0"><i class="fa fa-thumbs-up"></i></td><td class=" not_printable"><div class="addToGL" data-soscuisine-aisle="6" data-soscuisine-sip="3943897"><i class="fa fa-cart-plus" title="Add to My Grocery List"></i><div></div></div></td><td><img class="storeItemImage" itemprop="image" alt="deli food, pork bacon" src="/media/images/store_item/231.jpg"></td><td>deli food, pork bacon</td><td class="not_printable sorting_1">meat &amp; poultry</td><td><img style="width:50%;" src="/media/images/logos/marchands/50.png" alt="Foodland"></td><td><span itemprop="price">$4.99</span><span itemprop="eligibleQuantity" itemscope="" itemtype="http://schema.org/QuantitativeValue">/<span itemprop="unitText">500g</span></span></td><td>$9.98/kg</td><td style="display: none;">2020-02-26</td><td style="display: none;"></td><td style="display: none;">house brand</td><td style="display: none;"></td><td style="display: none;"></td><td style="display: none;"></td><td style="display: none;"></td><td style="display: none;"></td><td style="display: none;"><a class="recipeLink" href="/recipe_ingredient_search_results.php?query=(_QU5E__1__________231__[]_1_1)">Recipes with deli food, pork bacon</a></td></tr><tr role="row" class="even"><td tabindex="0"><i class="fa fa-thumbs-down"></i></td><td class=" not_printable"><div class="addToGL" data-soscuisine-aisle="6" data-soscuisine-sip="3946207"><i class="fa fa-cart-plus" title="Add to My Grocery List"></i><div></div></div></td><td><img class="storeItemImage" itemprop="image" alt="deli food, pork bacon" src="/media/images/store_item/231.jpg"></td><td>deli food, pork bacon</td><td class="not_printable sorting_1">meat &amp; poultry</td><td><img style="width:50%;" src="/media/images/logos/marchands/36.png" alt="Sobeys"></td><td><span itemprop="price">$9.99</span><span itemprop="eligibleQuantity" itemscope="" itemtype="http://schema.org/QuantitativeValue">/<span itemprop="unitText">500g</span></span></td><td>$19.98/kg</td><td style="display: none;">2020-02-26</td><td style="display: none;"></td><td style="display: none;">Schneiders</td><td style="display: none;"></td><td style="display: none;">double smoked</td><td style="display: none;"></td><td style="display: none;"></td><td style="display: none;"></td><td style="display: none;"><a class="recipeLink" href="/recipe_ingredient_search_results.php?query=(_QU5E__1__________231__[]_1_1)">Recipes with deli food, pork bacon</a></td></tr><tr role="row" class="odd"><td tabindex="0"><i class="fa fa-thumbs-up"></i><i class="fa fa-thumbs-up"></i></td><td class=" not_printable"><div class="addToGL" data-soscuisine-aisle="6" data-soscuisine-sip="3941051"><i class="fa fa-cart-plus" title="Add to My Grocery List"></i><div></div></div></td><td><img class="storeItemImage" itemprop="image" alt="deli food, pork bacon" src="/media/images/store_item/231.jpg"></td><td>deli food, pork bacon</td><td class="not_printable sorting_1">meat &amp; poultry</td><td><img style="width:50%;" src="/media/images/logos/marchands/76.png" alt="Walmart"></td><td><span itemprop="price">$2.97</span><span itemprop="eligibleQuantity" itemscope="" itemtype="http://schema.org/QuantitativeValue">/<span itemprop="unitText">375g</span></span></td><td>$7.92/kg</td><td style="display: none;">2020-02-26</td><td style="display: none;"></td><td style="display: none;"></td><td style="display: none;"></td><td style="display: none;"></td><td style="display: none;"></td><td style="display: none;"></td><td style="display: none;">Deli Express, supercentres only</td><td style="display: none;"><a class="recipeLink" href="/recipe_ingredient_search_results.php?query=(_QU5E__1__________231__[]_1_1)">Recipes with deli food, pork bacon</a></td></tr><tr role="row" class="even"><td tabindex="0"><i class="fa fa-thumbs-up"></i><i class="fa fa-thumbs-up"></i></td><td class=" not_printable"><div class="addToGL" data-soscuisine-aisle="6" data-soscuisine-sip="3942245"><i class="fa fa-cart-plus" title="Add to My Grocery List"></i><div></div></div></td><td><img class="storeItemImage" itemprop="image" alt="deli food, pork bacon" src="/media/images/store_item/231.jpg"></td><td>deli food, pork bacon</td><td class="not_printable sorting_1">meat &amp; poultry</td><td><img style="width:50%;" src="/media/images/logos/marchands/100.png" alt="Your Independent Grocer"></td><td><span itemprop="price">$1.99</span><span itemprop="eligibleQuantity" itemscope="" itemtype="http://schema.org/QuantitativeValue">/<span itemprop="unitText">500g</span></span></td><td>$3.98/kg</td><td style="display: none;">2020-02-26</td><td style="display: none;"></td><td style="display: none;">Spalding</td><td style="display: none;"></td><td style="display: none;"></td><td style="display: none;"></td><td style="display: none;"></td><td style="display: none;"></td><td style="display: none;"><a class="recipeLink" href="/recipe_ingredient_search_results.php?query=(_QU5E__1__________231__[]_1_1)">Recipes with deli food, pork bacon</a></td></tr><tr role="row" class="odd"><td tabindex="0"><i class="fa fa-thumbs-up"></i><i class="fa fa-thumbs-up"></i></td><td class=" not_printable"><div class="addToGL" data-soscuisine-aisle="6" data-soscuisine-sip="3942499"><i class="fa fa-cart-plus" title="Add to My Grocery List"></i><div></div></div></td><td><img class="storeItemImage" itemprop="image" alt="deli food, Prosciutto/Parma ham" src="/media/images/store_item/232.jpg"></td><td>deli food, Prosciutto/Parma ham</td><td class="not_printable sorting_1">meat &amp; poultry</td><td><img style="width:50%;" src="/media/images/logos/marchands/97.png" alt="No Frills"></td><td><span itemprop="price">$1.00</span><span itemprop="eligibleQuantity" itemscope="" itemtype="http://schema.org/QuantitativeValue">/<span itemprop="unitText">30g</span></span></td><td>$33.33/kg</td><td style="display: none;">2020-02-26</td><td style="display: none;"></td><td style="display: none;">Marc Angelo</td><td style="display: none;"></td><td style="display: none;"></td><td style="display: none;"></td><td style="display: none;"></td><td style="display: none;"></td><td style="display: none;"><a class="recipeLink" href="/recipe_ingredient_search_results.php?query=(_QU5E__1__________232__[]_1_1)">Recipes with deli food, Prosciutto/Parma ham</a></td></tr><tr role="row" class="even"><td tabindex="0"><i class="fas fa-hand-rock"></i></td><td class=" not_printable"><div class="addToGL" data-soscuisine-aisle="6" data-soscuisine-sip="3946325"><i class="fa fa-cart-plus" title="Add to My Grocery List"></i><div></div></div></td><td><img class="storeItemImage" itemprop="image" alt="deli food, Prosciutto/Parma ham" src="/media/images/store_item/232.jpg"></td><td>deli food, Prosciutto/Parma ham</td><td class="not_printable sorting_1">meat &amp; poultry</td><td><img style="width:50%;" src="/media/images/logos/marchands/36.png" alt="Sobeys"></td><td><span itemprop="price">$11.98</span><span itemprop="eligibleQuantity" itemscope="" itemtype="http://schema.org/QuantitativeValue">/<span itemprop="value">2</span>x<span itemprop="unitText">100g</span></span></td><td>$59.90/kg</td><td style="display: none;">2020-02-26</td><td style="display: none;">Italy</td><td style="display: none;">house brand</td><td style="display: none;"></td><td style="display: none;"></td><td style="display: none;"></td><td style="display: none;">sliced</td><td style="display: none;"></td><td style="display: none;"><a class="recipeLink" href="/recipe_ingredient_search_results.php?query=(_QU5E__1__________232__[]_1_1)">Recipes with deli food, Prosciutto/Parma ham</a></td></tr><tr role="row" class="odd"><td tabindex="0"><i class="fa fa-thumbs-down"></i></td><td class=" not_printable"><div class="addToGL" data-soscuisine-aisle="6" data-soscuisine-sip="3946315"><i class="fa fa-cart-plus" title="Add to My Grocery List"></i><div></div></div></td><td><img class="storeItemImage" itemprop="image" alt="deli food, Prosciutto/Parma ham" src="/media/images/store_item/232.jpg"></td><td>deli food, Prosciutto/Parma ham</td><td class="not_printable sorting_1">meat &amp; poultry</td><td><img style="width:50%;" src="/media/images/logos/marchands/36.png" alt="Sobeys"></td><td><span itemprop="price">$6.99</span><span itemprop="eligibleQuantity" itemscope="" itemtype="http://schema.org/QuantitativeValue">/<span itemprop="unitText">100g</span></span></td><td>$69.90/kg</td><td style="display: none;">2020-02-26</td><td style="display: none;">Italy</td><td style="display: none;">house brand</td><td style="display: none;"></td><td style="display: none;"></td><td style="display: none;"></td><td style="display: none;">sliced</td><td style="display: none;"></td><td style="display: none;"><a class="recipeLink" href="/recipe_ingredient_search_results.php?query=(_QU5E__1__________232__[]_1_1)">Recipes with deli food, Prosciutto/Parma ham</a></td></tr><tr role="row" class="even"><td tabindex="0"><i class="fa fa-thumbs-down"></i></td><td class=" not_printable"><div class="addToGL" data-soscuisine-aisle="6" data-soscuisine-sip="3946563"><i class="fa fa-cart-plus" title="Add to My Grocery List"></i><div></div></div></td><td><img class="storeItemImage" alt="deli food, roast beef" src="/media/images/store_item/blank.jpg"></td><td>deli food, roast beef</td><td class="not_printable sorting_1">meat &amp; poultry</td><td><img style="width:50%;" src="/media/images/logos/marchands/36.png" alt="Sobeys"></td><td><span itemprop="price">$2.89</span><span itemprop="eligibleQuantity" itemscope="" itemtype="http://schema.org/QuantitativeValue">/<span itemprop="unitText">100g</span></span></td><td>$28.90/kg</td><td style="display: none;">2020-02-26</td><td style="display: none;"></td><td style="display: none;">house brand</td><td style="display: none;"></td><td style="display: none;"></td><td style="display: none;"></td><td style="display: none;"></td><td style="display: none;"></td><td style="display: none;"><a class="recipeLink" href="/recipe_ingredient_search_results.php?query=(_QU5E__1__________256__[]_1_1)">Recipes with deli food, roast beef</a></td></tr><tr role="row" class="odd"><td tabindex="0"><i class="fas fa-hand-rock"></i></td><td class=" not_printable"><div class="addToGL" data-soscuisine-aisle="6" data-soscuisine-sip="3942497"><i class="fa fa-cart-plus" title="Add to My Grocery List"></i><div></div></div></td><td><img class="storeItemImage" itemprop="image" alt="deli food, salami" src="/media/images/store_item/633.jpg"></td><td>deli food, salami</td><td class="not_printable sorting_1">meat &amp; poultry</td><td><img style="width:50%;" src="/media/images/logos/marchands/97.png" alt="No Frills"></td><td><span itemprop="price">$1.00</span><span itemprop="eligibleQuantity" itemscope="" itemtype="http://schema.org/QuantitativeValue">/<span itemprop="unitText">30g</span></span></td><td>$33.33/kg</td><td style="display: none;">2020-02-26</td><td style="display: none;"></td><td style="display: none;">Marc Angelo</td><td style="display: none;"></td><td style="display: none;">Genoa</td><td style="display: none;"></td><td style="display: none;"></td><td style="display: none;"></td><td style="display: none;"><a class="recipeLink" href="/recipe_ingredient_search_results.php?query=(_QU5E__1__________633__[]_1_1)">Recipes with deli food, salami</a></td></tr><tr role="row" class="even"><td tabindex="0"><i class="fa fa-thumbs-down"></i></td><td class=" not_printable"><div class="addToGL" data-soscuisine-aisle="6" data-soscuisine-sip="3946321"><i class="fa fa-cart-plus" title="Add to My Grocery List"></i><div></div></div></td><td><img class="storeItemImage" itemprop="image" alt="deli food, salami" src="/media/images/store_item/633.jpg"></td><td>deli food, salami</td><td class="not_printable sorting_1">meat &amp; poultry</td><td><img style="width:50%;" src="/media/images/logos/marchands/36.png" alt="Sobeys"></td><td><span itemprop="price">$11.98</span><span itemprop="eligibleQuantity" itemscope="" itemtype="http://schema.org/QuantitativeValue">/<span itemprop="value">2</span>x<span itemprop="unitText">100g</span></span></td><td>$59.90/kg</td><td style="display: none;">2020-02-26</td><td style="display: none;">Italy</td><td style="display: none;">house brand</td><td style="display: none;"></td><td style="display: none;">Genoa</td><td style="display: none;"></td><td style="display: none;">sliced</td><td style="display: none;"></td><td style="display: none;"><a class="recipeLink" href="/recipe_ingredient_search_results.php?query=(_QU5E__1__________633__[]_1_1)">Recipes with deli food, salami</a></td></tr><tr role="row" class="odd"><td tabindex="0"><i class="fa fa-thumbs-down"></i></td><td class=" not_printable"><div class="addToGL" data-soscuisine-aisle="6" data-soscuisine-sip="3946311"><i class="fa fa-cart-plus" title="Add to My Grocery List"></i><div></div></div></td><td><img class="storeItemImage" itemprop="image" alt="deli food, salami" src="/media/images/store_item/633.jpg"></td><td>deli food, salami</td><td class="not_printable sorting_1">meat &amp; poultry</td><td><img style="width:50%;" src="/media/images/logos/marchands/36.png" alt="Sobeys"></td><td><span itemprop="price">$6.99</span><span itemprop="eligibleQuantity" itemscope="" itemtype="http://schema.org/QuantitativeValue">/<span itemprop="unitText">100g</span></span></td><td>$69.90/kg</td><td style="display: none;">2020-02-26</td><td style="display: none;">Italy</td><td style="display: none;">house brand</td><td style="display: none;"></td><td style="display: none;">Genoa</td><td style="display: none;"></td><td style="display: none;">sliced</td><td style="display: none;"></td><td style="display: none;"><a class="recipeLink" href="/recipe_ingredient_search_results.php?query=(_QU5E__1__________633__[]_1_1)">Recipes with deli food, salami</a></td></tr><tr role="row" class="even"><td tabindex="0"><i class="fa fa-thumbs-up"></i></td><td class=" not_printable"><div class="addToGL" data-soscuisine-aisle="6" data-soscuisine-sip="3943805"><i class="fa fa-cart-plus" title="Add to My Grocery List"></i><div></div></div></td><td><img class="storeItemImage" itemprop="image" alt="deli food, sausage, fully cooked" src="/media/images/store_item/764.jpg"></td><td>deli food, sausage, fully cooked</td><td class="not_printable sorting_1">meat &amp; poultry</td><td><img style="width:50%;" src="/media/images/logos/marchands/50.png" alt="Foodland"></td><td><span itemprop="price">$5.99</span><span itemprop="eligibleQuantity" itemscope="" itemtype="http://schema.org/QuantitativeValue">/<span itemprop="unitText">375g</span></span></td><td>$15.97/kg</td><td style="display: none;">2020-02-26</td><td style="display: none;"></td><td style="display: none;">Schneiders</td><td style="display: none;"></td><td style="display: none;">rings</td><td style="display: none;"></td><td style="display: none;"></td><td style="display: none;"></td><td style="display: none;"></td></tr><tr role="row" class="odd"><td tabindex="0"><i class="fa fa-thumbs-up"></i><i class="fa fa-thumbs-up"></i></td><td class=" not_printable"><div class="addToGL" data-soscuisine-aisle="6" data-soscuisine-sip="3942595"><i class="fa fa-cart-plus" title="Add to My Grocery List"></i><div></div></div></td><td><img class="storeItemImage" itemprop="image" alt="deli food, sausage, fully cooked" src="/media/images/store_item/764.jpg"></td><td>deli food, sausage, fully cooked</td><td class="not_printable sorting_1">meat &amp; poultry</td><td><img style="width:50%;" src="/media/images/logos/marchands/100.png" alt="Your Independent Grocer"></td><td><span itemprop="price">$4.99</span><span itemprop="eligibleQuantity" itemscope="" itemtype="http://schema.org/QuantitativeValue">/<span itemprop="unitText">450g</span></span></td><td>$11.09/kg</td><td style="display: none;">2020-02-26</td><td style="display: none;"></td><td style="display: none;">Chris Brothers</td><td style="display: none;"></td><td style="display: none;"></td><td style="display: none;"></td><td style="display: none;"></td><td style="display: none;"></td><td style="display: none;"></td></tr><tr role="row" class="even"><td tabindex="0"><i class="fa fa-thumbs-down"></i></td><td class=" not_printable"><div class="addToGL" data-soscuisine-aisle="6" data-soscuisine-sip="3945193"><i class="fa fa-cart-plus" title="Add to My Grocery List"></i><div></div></div></td><td><img class="storeItemImage" itemprop="image" alt="deli food, sausages, breakfast" src="/media/images/store_item/670.jpg"></td><td>deli food, sausages, breakfast</td><td class="not_printable sorting_1">meat &amp; poultry</td><td><img style="width:50%;" src="/media/images/logos/marchands/32.png" alt="Atlantic Superstore"></td><td><span itemprop="price">$12.00</span><span itemprop="eligibleQuantity" itemscope="" itemtype="http://schema.org/QuantitativeValue">/<span itemprop="value">2</span>x<span itemprop="unitText">375g</span></span></td><td>$16.00/kg</td><td style="display: none;">2020-02-26</td><td style="display: none;"></td><td style="display: none;">Johnsonville</td><td style="display: none;"></td><td style="display: none;"></td><td style="display: none;"></td><td style="display: none;"></td><td style="display: none;"></td><td style="display: none;"><a class="recipeLink" href="/recipe_ingredient_search_results.php?query=(_QU5E__1__________670__[]_1_1)">Recipes with deli food, sausages, breakfast</a></td></tr><tr role="row" class="odd"><td tabindex="0"><i class="fa fa-thumbs-down"></i></td><td class=" not_printable"><div class="addToGL" data-soscuisine-aisle="6" data-soscuisine-sip="3945191"><i class="fa fa-cart-plus" title="Add to My Grocery List"></i><div></div></div></td><td><img class="storeItemImage" itemprop="image" alt="deli food, sausages, breakfast" src="/media/images/store_item/670.jpg"></td><td>deli food, sausages, breakfast</td><td class="not_printable sorting_1">meat &amp; poultry</td><td><img style="width:50%;" src="/media/images/logos/marchands/32.png" alt="Atlantic Superstore"></td><td><span itemprop="price">$6.79</span><span itemprop="eligibleQuantity" itemscope="" itemtype="http://schema.org/QuantitativeValue">/<span itemprop="unitText">375g</span></span></td><td>$18.11/kg</td><td style="display: none;">2020-02-26</td><td style="display: none;"></td><td style="display: none;">Johnsonville</td><td style="display: none;"></td><td style="display: none;"></td><td style="display: none;"></td><td style="display: none;"></td><td style="display: none;"></td><td style="display: none;"><a class="recipeLink" href="/recipe_ingredient_search_results.php?query=(_QU5E__1__________670__[]_1_1)">Recipes with deli food, sausages, breakfast</a></td></tr><tr role="row" class="even"><td tabindex="0"><i class="fa fa-thumbs-down"></i></td><td class=" not_printable"><div class="addToGL" data-soscuisine-aisle="6" data-soscuisine-sip="3946231"><i class="fa fa-cart-plus" title="Add to My Grocery List"></i><div></div></div></td><td><img class="storeItemImage" itemprop="image" alt="deli food, smoked ham" src="/media/images/store_item/236.jpg"></td><td>deli food, smoked ham</td><td class="not_printable sorting_1">meat &amp; poultry</td><td><img style="width:50%;" src="/media/images/logos/marchands/32.png" alt="Atlantic Superstore"></td><td><span itemprop="price">$7.00</span><span itemprop="eligibleQuantity" itemscope="" itemtype="http://schema.org/QuantitativeValue">/<span itemprop="unitText">175g</span></span></td><td>$40.00/kg</td><td style="display: none;">2020-02-26</td><td style="display: none;"></td><td style="display: none;">house brand</td><td style="display: none;"></td><td style="display: none;">black forest</td><td style="display: none;">antibiotic free</td><td style="display: none;">sliced</td><td style="display: none;">Free From</td><td style="display: none;"><a class="recipeLink" href="/recipe_ingredient_search_results.php?query=(_QU5E__1__________236__[]_1_1)">Recipes with deli food, smoked ham</a></td></tr><tr role="row" class="odd"><td tabindex="0"><i class="fa fa-thumbs-down"></i></td><td class=" not_printable"><div class="addToGL" data-soscuisine-aisle="6" data-soscuisine-sip="3943831"><i class="fa fa-cart-plus" title="Add to My Grocery List"></i><div></div></div></td><td><img class="storeItemImage" itemprop="image" alt="deli food, smoked ham" src="/media/images/store_item/236.jpg"></td><td>deli food, smoked ham</td><td class="not_printable sorting_1">meat &amp; poultry</td><td><img style="width:50%;" src="/media/images/logos/marchands/50.png" alt="Foodland"></td><td><span itemprop="price">$5.99</span><span itemprop="eligibleQuantity" itemscope="" itemtype="http://schema.org/QuantitativeValue">/<span itemprop="unitText">175g</span></span></td><td>$34.23/kg</td><td style="display: none;">2020-02-26</td><td style="display: none;"></td><td style="display: none;">Greenfield</td><td style="display: none;"></td><td style="display: none;">black forest</td><td style="display: none;"></td><td style="display: none;"></td><td style="display: none;"></td><td style="display: none;"><a class="recipeLink" href="/recipe_ingredient_search_results.php?query=(_QU5E__1__________236__[]_1_1)">Recipes with deli food, smoked ham</a></td></tr><tr role="row" class="even"><td tabindex="0"><i class="fa fa-thumbs-up"></i></td><td class=" not_printable"><div class="addToGL" data-soscuisine-aisle="6" data-soscuisine-sip="3946211"><i class="fa fa-cart-plus" title="Add to My Grocery List"></i><div></div></div></td><td><img class="storeItemImage" itemprop="image" alt="deli food, smoked ham" src="/media/images/store_item/236.jpg"></td><td>deli food, smoked ham</td><td class="not_printable sorting_1">meat &amp; poultry</td><td><img style="width:50%;" src="/media/images/logos/marchands/36.png" alt="Sobeys"></td><td><span itemprop="price">$6.99</span><span itemprop="eligibleQuantity" itemscope="" itemtype="http://schema.org/QuantitativeValue">/<span itemprop="unitText">375g</span></span></td><td>$18.64/kg</td><td style="display: none;">2020-02-26</td><td style="display: none;"></td><td style="display: none;">Larsen</td><td style="display: none;"></td><td style="display: none;"></td><td style="display: none;"></td><td style="display: none;">sliced</td><td style="display: none;"></td><td style="display: none;"><a class="recipeLink" href="/recipe_ingredient_search_results.php?query=(_QU5E__1__________236__[]_1_1)">Recipes with deli food, smoked ham</a></td></tr><tr role="row" class="odd"><td tabindex="0"><i class="fa fa-thumbs-down"></i></td><td class=" not_printable"><div class="addToGL" data-soscuisine-aisle="6" data-soscuisine-sip="3942591"><i class="fa fa-cart-plus" title="Add to My Grocery List"></i><div></div></div></td><td><img class="storeItemImage" itemprop="image" alt="deli food, smoked ham" src="/media/images/store_item/236.jpg"></td><td>deli food, smoked ham</td><td class="not_printable sorting_1">meat &amp; poultry</td><td><img style="width:50%;" src="/media/images/logos/marchands/100.png" alt="Your Independent Grocer"></td><td><span itemprop="price">$7.00</span><span itemprop="eligibleQuantity" itemscope="" itemtype="http://schema.org/QuantitativeValue">/<span itemprop="unitText">175g</span></span></td><td>$40.00/kg</td><td style="display: none;">2020-02-26</td><td style="display: none;"></td><td style="display: none;">house brand</td><td style="display: none;"></td><td style="display: none;">black forest</td><td style="display: none;"></td><td style="display: none;"></td><td style="display: none;"></td><td style="display: none;"><a class="recipeLink" href="/recipe_ingredient_search_results.php?query=(_QU5E__1__________236__[]_1_1)">Recipes with deli food, smoked ham</a></td></tr><tr role="row" class="even"><td tabindex="0"><i class="fas fa-exclamation"></i></td><td class=" not_printable"><div class="addToGL" data-soscuisine-aisle="6" data-soscuisine-sip="3946587"><i class="fa fa-cart-plus" title="Add to My Grocery List"></i><div></div></div></td><td><img class="storeItemImage" alt="deli food, smoked meat" src="/media/images/store_item/blank.jpg"></td><td>deli food, smoked meat</td><td class="not_printable sorting_1">meat &amp; poultry</td><td><img style="width:50%;" src="/media/images/logos/marchands/36.png" alt="Sobeys"></td><td><span itemprop="price">$2.89</span><span itemprop="eligibleQuantity" itemscope="" itemtype="http://schema.org/QuantitativeValue">/<span itemprop="unitText">100g</span></span></td><td>$28.90/kg</td><td style="display: none;">2020-02-26</td><td style="display: none;"></td><td style="display: none;">house brand</td><td style="display: none;"></td><td style="display: none;">Montreal-style</td><td style="display: none;"></td><td style="display: none;"></td><td style="display: none;">or Pastrami</td><td style="display: none;"></td></tr><tr role="row" class="odd"><td tabindex="0"><i class="fa fa-thumbs-down"></i></td><td class=" not_printable"><div class="addToGL" data-soscuisine-aisle="6" data-soscuisine-sip="3943803"><i class="fa fa-cart-plus" title="Add to My Grocery List"></i><div></div></div></td><td><img class="storeItemImage" itemprop="image" alt="deli food, smoked sausage/wieners/franks" src="/media/images/store_item/517.jpg"></td><td>deli food, smoked sausage/wieners/franks</td><td class="not_printable sorting_1">meat &amp; poultry</td><td><img style="width:50%;" src="/media/images/logos/marchands/50.png" alt="Foodland"></td><td><span itemprop="price">$5.99</span><span itemprop="eligibleQuantity" itemscope="" itemtype="http://schema.org/QuantitativeValue">/<span itemprop="unitText">450g</span></span></td><td>$13.31/kg</td><td style="display: none;">2020-02-26</td><td style="display: none;"></td><td style="display: none;">Schneiders</td><td style="display: none;"></td><td style="display: none;"></td><td style="display: none;"></td><td style="display: none;"></td><td style="display: none;"></td><td style="display: none;"><a class="recipeLink" href="/recipe_ingredient_search_results.php?query=(_QU5E__1__________517__[]_1_1)">Recipes with deli food, smoked sausage/wieners/franks</a></td></tr><tr role="row" class="even"><td tabindex="0"><i class="fa fa-thumbs-up"></i><i class="fa fa-thumbs-up"></i></td><td class=" not_printable"><div class="addToGL" data-soscuisine-aisle="6" data-soscuisine-sip="3942457"><i class="fa fa-cart-plus" title="Add to My Grocery List"></i><div></div></div></td><td><img class="storeItemImage" itemprop="image" alt="deli food, smoked sausage/wieners/franks" src="/media/images/store_item/517.jpg"></td><td>deli food, smoked sausage/wieners/franks</td><td class="not_printable sorting_1">meat &amp; poultry</td><td><img style="width:50%;" src="/media/images/logos/marchands/97.png" alt="No Frills"></td><td><span itemprop="price">$1.00</span><span itemprop="eligibleQuantity" itemscope="" itemtype="http://schema.org/QuantitativeValue">/<span itemprop="unitText">375g</span></span></td><td>$2.67/kg</td><td style="display: none;">2020-02-26</td><td style="display: none;"></td><td style="display: none;">Swift</td><td style="display: none;"></td><td style="display: none;"></td><td style="display: none;"></td><td style="display: none;"></td><td style="display: none;"></td><td style="display: none;"><a class="recipeLink" href="/recipe_ingredient_search_results.php?query=(_QU5E__1__________517__[]_1_1)">Recipes with deli food, smoked sausage/wieners/franks</a></td></tr><tr role="row" class="odd"><td tabindex="0"><i class="fa fa-thumbs-up"></i></td><td class=" not_printable"><div class="addToGL" data-soscuisine-aisle="6" data-soscuisine-sip="3942433"><i class="fa fa-cart-plus" title="Add to My Grocery List"></i><div></div></div></td><td><img class="storeItemImage" itemprop="image" alt="deli food, smokies" src="/media/images/store_item/760.jpg"></td><td>deli food, smokies</td><td class="not_printable sorting_1">meat &amp; poultry</td><td><img style="width:50%;" src="/media/images/logos/marchands/100.png" alt="Your Independent Grocer"></td><td><span itemprop="price">$8.99</span><span itemprop="eligibleQuantity" itemscope="" itemtype="http://schema.org/QuantitativeValue">/<span itemprop="unitText">1kg</span></span></td><td>$8.99/kg</td><td style="display: none;">2020-02-26</td><td style="display: none;"></td><td style="display: none;">house brand</td><td style="display: none;"></td><td style="display: none;"></td><td style="display: none;"></td><td style="display: none;"></td><td style="display: none;"></td><td style="display: none;"></td></tr><tr role="row" class="even"><td tabindex="0"><i class="fa fa-thumbs-down"></i></td><td class=" not_printable"><div class="addToGL" data-soscuisine-aisle="6" data-soscuisine-sip="3946235"><i class="fa fa-cart-plus" title="Add to My Grocery List"></i><div></div></div></td><td><img class="storeItemImage" itemprop="image" alt="deli food, turkey breast roast" src="/media/images/store_item/537.jpg"></td><td>deli food, turkey breast roast</td><td class="not_printable sorting_1">meat &amp; poultry</td><td><img style="width:50%;" src="/media/images/logos/marchands/32.png" alt="Atlantic Superstore"></td><td><span itemprop="price">$7.00</span><span itemprop="eligibleQuantity" itemscope="" itemtype="http://schema.org/QuantitativeValue">/<span itemprop="unitText">175g</span></span></td><td>$40.00/kg</td><td style="display: none;">2020-02-26</td><td style="display: none;"></td><td style="display: none;">house brand</td><td style="display: none;"></td><td style="display: none;"></td><td style="display: none;">antibiotic free</td><td style="display: none;">sliced</td><td style="display: none;">Free From</td><td style="display: none;"><a class="recipeLink" href="/recipe_ingredient_search_results.php?query=(_QU5E__1__________537__[]_1_1)">Recipes with deli food, turkey breast roast</a></td></tr><tr role="row" class="odd"><td tabindex="0"><i class="fas fa-hand-rock"></i></td><td class=" not_printable"><div class="addToGL" data-soscuisine-aisle="6" data-soscuisine-sip="3946305"><i class="fa fa-cart-plus" title="Add to My Grocery List"></i><div></div></div></td><td><img class="storeItemImage" itemprop="image" alt="deli food, turkey breast roast" src="/media/images/store_item/537.jpg"></td><td>deli food, turkey breast roast</td><td class="not_printable sorting_1">meat &amp; poultry</td><td><img style="width:50%;" src="/media/images/logos/marchands/36.png" alt="Sobeys"></td><td><span itemprop="price">$5.99</span><span itemprop="eligibleQuantity" itemscope="" itemtype="http://schema.org/QuantitativeValue">/<span itemprop="unitText">175g</span></span></td><td>$34.23/kg</td><td style="display: none;">2020-02-26</td><td style="display: none;"></td><td style="display: none;">Greenfield</td><td style="display: none;"></td><td style="display: none;"></td><td style="display: none;"></td><td style="display: none;">sliced</td><td style="display: none;"></td><td style="display: none;"><a class="recipeLink" href="/recipe_ingredient_search_results.php?query=(_QU5E__1__________537__[]_1_1)">Recipes with deli food, turkey breast roast</a></td></tr><tr role="row" class="even"><td tabindex="0"><i class="fa fa-thumbs-up"></i><i class="fa fa-thumbs-up"></i></td><td class=" not_printable"><div class="addToGL" data-soscuisine-aisle="6" data-soscuisine-sip="3942491"><i class="fa fa-cart-plus" title="Add to My Grocery List"></i><div></div></div></td><td><img class="storeItemImage" itemprop="image" alt="deli foods, smoked sausagex, chicken" src="/media/images/store_item/548.jpg"></td><td>deli foods, smoked sausagex, chicken</td><td class="not_printable sorting_1">meat &amp; poultry</td><td><img style="width:50%;" src="/media/images/logos/marchands/97.png" alt="No Frills"></td><td><span itemprop="price">$1.00</span><span itemprop="eligibleQuantity" itemscope="" itemtype="http://schema.org/QuantitativeValue">/<span itemprop="unitText">450g</span></span></td><td>$2.22/kg</td><td style="display: none;">2020-02-26</td><td style="display: none;"></td><td style="display: none;">Maple Lodge</td><td style="display: none;"></td><td style="display: none;"></td><td style="display: none;"></td><td style="display: none;"></td><td style="display: none;"></td><td style="display: none;"><a class="recipeLink" href="/recipe_ingredient_search_results.php?query=(_QU5E__1__________548__[]_1_1)">Recipes with deli foods, smoked sausagex, chicken</a></td></tr><tr role="row" class="odd"><td tabindex="0"><i class="fas fa-hand-rock"></i></td><td class=" not_printable"><div class="addToGL" data-soscuisine-aisle="6" data-soscuisine-sip="3945181"><i class="fa fa-cart-plus" title="Add to My Grocery List"></i><div></div></div></td><td><img class="storeItemImage" itemprop="image" alt="pork chops, boneless" src="/media/images/store_item/568.jpg"></td><td>pork chops, boneless</td><td class="not_printable sorting_1">meat &amp; poultry</td><td><img style="width:50%;" src="/media/images/logos/marchands/32.png" alt="Atlantic Superstore"></td><td><span itemprop="price">$3.99</span><span itemprop="eligibleQuantity" itemscope="" itemtype="http://schema.org/QuantitativeValue">/<span itemprop="unitText">lb</span></span></td><td>$8.80/kg</td><td style="display: none;">2020-02-26</td><td style="display: none;"></td><td style="display: none;"></td><td style="display: none;"></td><td style="display: none;">loin</td><td style="display: none;">centre-cut</td><td style="display: none;">large pack</td><td style="display: none;"></td><td style="display: none;"><a class="recipeLink" href="/recipe_ingredient_search_results.php?query=(_QU5E__1__________568__[]_1_1)">Recipes with pork chops, boneless</a></td></tr><tr role="row" class="even"><td tabindex="0"><i class="fa fa-thumbs-up"></i><i class="fa fa-thumbs-up"></i></td><td class=" not_printable"><div class="addToGL" data-soscuisine-aisle="6" data-soscuisine-sip="3942219"><i class="fa fa-cart-plus" title="Add to My Grocery List"></i><div></div></div></td><td><img class="storeItemImage" itemprop="image" alt="pork chops, boneless" src="/media/images/store_item/568.jpg"></td><td>pork chops, boneless</td><td class="not_printable sorting_1">meat &amp; poultry</td><td><img style="width:50%;" src="/media/images/logos/marchands/100.png" alt="Your Independent Grocer"></td><td><span itemprop="price">$1.99</span><span itemprop="eligibleQuantity" itemscope="" itemtype="http://schema.org/QuantitativeValue">/<span itemprop="unitText">lb</span></span></td><td>$4.39/kg</td><td style="display: none;">2020-02-26</td><td style="display: none;"></td><td style="display: none;"></td><td style="display: none;"></td><td style="display: none;">sirloin</td><td style="display: none;"></td><td style="display: none;">large pack</td><td style="display: none;"></td><td style="display: none;"><a class="recipeLink" href="/recipe_ingredient_search_results.php?query=(_QU5E__1__________568__[]_1_1)">Recipes with pork chops, boneless</a></td></tr><tr role="row" class="odd"><td tabindex="0"><i class="fas fa-hand-rock"></i></td><td class=" not_printable"><div class="addToGL" data-soscuisine-aisle="6" data-soscuisine-sip="3943591"><i class="fa fa-cart-plus" title="Add to My Grocery List"></i><div></div></div></td><td><img class="storeItemImage" itemprop="image" alt="pork chops, with bone" src="/media/images/store_item/243.jpg"></td><td>pork chops, with bone</td><td class="not_printable sorting_1">meat &amp; poultry</td><td><img style="width:50%;" src="/media/images/logos/marchands/50.png" alt="Foodland"></td><td><span itemprop="price">$3.99</span><span itemprop="eligibleQuantity" itemscope="" itemtype="http://schema.org/QuantitativeValue">/<span itemprop="unitText">lb</span></span></td><td>$8.80/kg</td><td style="display: none;">2020-02-26</td><td style="display: none;"></td><td style="display: none;"></td><td style="display: none;"></td><td style="display: none;">loin</td><td style="display: none;">centre-cut</td><td style="display: none;">large pack</td><td style="display: none;"></td><td style="display: none;"><a class="recipeLink" href="/recipe_ingredient_search_results.php?query=(_QU5E__1__________243__[]_1_1)">Recipes with pork chops, with bone</a></td></tr><tr role="row" class="even"><td tabindex="0"><i class="fa fa-thumbs-up"></i></td><td class=" not_printable"><div class="addToGL" data-soscuisine-aisle="6" data-soscuisine-sip="3945195"><i class="fa fa-cart-plus" title="Add to My Grocery List"></i><div></div></div></td><td><img class="storeItemImage" alt="pork, ground" src="/media/images/store_item/blank.jpg"></td><td>pork, ground</td><td class="not_printable sorting_1">meat &amp; poultry</td><td><img style="width:50%;" src="/media/images/logos/marchands/32.png" alt="Atlantic Superstore"></td><td><span itemprop="price">$3.49</span><span itemprop="eligibleQuantity" itemscope="" itemtype="http://schema.org/QuantitativeValue">/<span itemprop="unitText">lb</span></span></td><td>$7.69/kg</td><td style="display: none;">2020-02-26</td><td style="display: none;"></td><td style="display: none;"></td><td style="display: none;"></td><td style="display: none;"></td><td style="display: none;">lean</td><td style="display: none;"></td><td style="display: none;"></td><td style="display: none;"><a class="recipeLink" href="/recipe_ingredient_search_results.php?query=(_QU5E__1__________629__[]_1_1)">Recipes with pork, ground</a></td></tr><tr role="row" class="odd"><td tabindex="0"><i class="fas fa-hand-rock"></i></td><td class=" not_printable"><div class="addToGL" data-soscuisine-aisle="6" data-soscuisine-sip="3945183"><i class="fa fa-cart-plus" title="Add to My Grocery List"></i><div></div></div></td><td><img class="storeItemImage" itemprop="image" alt="pork, roast, boneless" src="/media/images/store_item/359.jpg"></td><td>pork, roast, boneless</td><td class="not_printable sorting_1">meat &amp; poultry</td><td><img style="width:50%;" src="/media/images/logos/marchands/32.png" alt="Atlantic Superstore"></td><td><span itemprop="price">$3.99</span><span itemprop="eligibleQuantity" itemscope="" itemtype="http://schema.org/QuantitativeValue">/<span itemprop="unitText">lb</span></span></td><td>$8.80/kg</td><td style="display: none;">2020-02-26</td><td style="display: none;"></td><td style="display: none;"></td><td style="display: none;"></td><td style="display: none;">loin</td><td style="display: none;">centre-cut</td><td style="display: none;">large pack</td><td style="display: none;"></td><td style="display: none;"><a class="recipeLink" href="/recipe_ingredient_search_results.php?query=(_QU5E__1__________359__[]_1_1)">Recipes with pork, roast, boneless</a></td></tr><tr role="row" class="even"><td tabindex="0"><i class="fas fa-hand-rock"></i></td><td class=" not_printable"><div class="addToGL" data-soscuisine-aisle="6" data-soscuisine-sip="3943785"><i class="fa fa-cart-plus" title="Add to My Grocery List"></i><div></div></div></td><td><img class="storeItemImage" itemprop="image" alt="pork, roast, boneless" src="/media/images/store_item/359.jpg"></td><td>pork, roast, boneless</td><td class="not_printable sorting_1">meat &amp; poultry</td><td><img style="width:50%;" src="/media/images/logos/marchands/50.png" alt="Foodland"></td><td><span itemprop="price">$3.99</span><span itemprop="eligibleQuantity" itemscope="" itemtype="http://schema.org/QuantitativeValue">/<span itemprop="unitText">lb</span></span></td><td>$8.80/kg</td><td style="display: none;">2020-02-26</td><td style="display: none;"></td><td style="display: none;"></td><td style="display: none;"></td><td style="display: none;">shoulder</td><td style="display: none;"></td><td style="display: none;"></td><td style="display: none;"></td><td style="display: none;"><a class="recipeLink" href="/recipe_ingredient_search_results.php?query=(_QU5E__1__________359__[]_1_1)">Recipes with pork, roast, boneless</a></td></tr><tr role="row" class="odd"><td tabindex="0"><i class="fa fa-thumbs-up"></i><i class="fa fa-thumbs-up"></i></td><td class=" not_printable"><div class="addToGL" data-soscuisine-aisle="6" data-soscuisine-sip="3942223"><i class="fa fa-cart-plus" title="Add to My Grocery List"></i><div></div></div></td><td><img class="storeItemImage" itemprop="image" alt="pork, roast, boneless" src="/media/images/store_item/359.jpg"></td><td>pork, roast, boneless</td><td class="not_printable sorting_1">meat &amp; poultry</td><td><img style="width:50%;" src="/media/images/logos/marchands/100.png" alt="Your Independent Grocer"></td><td><span itemprop="price">$1.99</span><span itemprop="eligibleQuantity" itemscope="" itemtype="http://schema.org/QuantitativeValue">/<span itemprop="unitText">lb</span></span></td><td>$4.39/kg</td><td style="display: none;">2020-02-26</td><td style="display: none;"></td><td style="display: none;"></td><td style="display: none;"></td><td style="display: none;">sirloin</td><td style="display: none;"></td><td style="display: none;">large pack</td><td style="display: none;"></td><td style="display: none;"><a class="recipeLink" href="/recipe_ingredient_search_results.php?query=(_QU5E__1__________359__[]_1_1)">Recipes with pork, roast, boneless</a></td></tr><tr role="row" class="even"><td tabindex="0"><i class="fa fa-thumbs-up"></i><i class="fa fa-thumbs-up"></i></td><td class=" not_printable"><div class="addToGL" data-soscuisine-aisle="6" data-soscuisine-sip="3942425"><i class="fa fa-cart-plus" title="Add to My Grocery List"></i><div></div></div></td><td><img class="storeItemImage" itemprop="image" alt="pork, shoulder roast" src="/media/images/store_item/547.jpg"></td><td>pork, shoulder roast</td><td class="not_printable sorting_1">meat &amp; poultry</td><td><img style="width:50%;" src="/media/images/logos/marchands/100.png" alt="Your Independent Grocer"></td><td><span itemprop="price">$1.99</span><span itemprop="eligibleQuantity" itemscope="" itemtype="http://schema.org/QuantitativeValue">/<span itemprop="unitText">lb</span></span></td><td>$4.39/kg</td><td style="display: none;">2020-02-26</td><td style="display: none;"></td><td style="display: none;"></td><td style="display: none;"></td><td style="display: none;">picnic</td><td style="display: none;"></td><td style="display: none;">large pack</td><td style="display: none;">whole, bone-in</td><td style="display: none;"><a class="recipeLink" href="/recipe_ingredient_search_results.php?query=(_QU5E__1__________547__[]_1_1)">Recipes with pork, shoulder roast</a></td></tr><tr role="row" class="odd"><td tabindex="0"><i class="fa fa-thumbs-down"></i></td><td class=" not_printable"><div class="addToGL" data-soscuisine-aisle="6" data-soscuisine-sip="3943811"><i class="fa fa-cart-plus" title="Add to My Grocery List"></i><div></div></div></td><td><img class="storeItemImage" itemprop="image" alt="pork, smoked ham" src="/media/images/store_item/669.jpg"></td><td>pork, smoked ham</td><td class="not_printable sorting_1">meat &amp; poultry</td><td><img style="width:50%;" src="/media/images/logos/marchands/50.png" alt="Foodland"></td><td><span itemprop="price">$11.99</span><span itemprop="eligibleQuantity" itemscope="" itemtype="http://schema.org/QuantitativeValue">/<span itemprop="unitText">600g</span></span></td><td>$19.98/kg</td><td style="display: none;">2020-02-26</td><td style="display: none;"></td><td style="display: none;">Maple Leaf</td><td style="display: none;"></td><td style="display: none;"></td><td style="display: none;"></td><td style="display: none;"></td><td style="display: none;">or Schneiders</td><td style="display: none;"><a class="recipeLink" href="/recipe_ingredient_search_results.php?query=(_QU5E__1__________669__[]_1_1)">Recipes with pork, smoked ham</a></td></tr><tr role="row" class="even"><td tabindex="0"><i class="fa fa-thumbs-up"></i><i class="fa fa-thumbs-up"></i></td><td class=" not_printable"><div class="addToGL" data-soscuisine-aisle="6" data-soscuisine-sip="3942455"><i class="fa fa-cart-plus" title="Add to My Grocery List"></i><div></div></div></td><td><img class="storeItemImage" itemprop="image" alt="pork, smoked ham" src="/media/images/store_item/669.jpg"></td><td>pork, smoked ham</td><td class="not_printable sorting_1">meat &amp; poultry</td><td><img style="width:50%;" src="/media/images/logos/marchands/97.png" alt="No Frills"></td><td><span itemprop="price">$1.00</span><span itemprop="eligibleQuantity" itemscope="" itemtype="http://schema.org/QuantitativeValue">/<span itemprop="unitText">lb</span></span></td><td>$2.20/kg</td><td style="display: none;">2020-02-26</td><td style="display: none;"></td><td style="display: none;">Cook's</td><td style="display: none;"></td><td style="display: none;"></td><td style="display: none;"></td><td style="display: none;"></td><td style="display: none;"></td><td style="display: none;"><a class="recipeLink" href="/recipe_ingredient_search_results.php?query=(_QU5E__1__________669__[]_1_1)">Recipes with pork, smoked ham</a></td></tr><tr role="row" class="odd"><td tabindex="0"><i class="fa fa-thumbs-down"></i></td><td class=" not_printable"><div class="addToGL" data-soscuisine-aisle="6" data-soscuisine-sip="3946199"><i class="fa fa-cart-plus" title="Add to My Grocery List"></i><div></div></div></td><td><img class="storeItemImage" itemprop="image" alt="pork, smoked ham" src="/media/images/store_item/669.jpg"></td><td>pork, smoked ham</td><td class="not_printable sorting_1">meat &amp; poultry</td><td><img style="width:50%;" src="/media/images/logos/marchands/36.png" alt="Sobeys"></td><td><span itemprop="price">$9.99</span><span itemprop="eligibleQuantity" itemscope="" itemtype="http://schema.org/QuantitativeValue">/<span itemprop="unitText">600g</span></span></td><td>$16.65/kg</td><td style="display: none;">2020-02-26</td><td style="display: none;"></td><td style="display: none;">Schneiders</td><td style="display: none;"></td><td style="display: none;"></td><td style="display: none;"></td><td style="display: none;"></td><td style="display: none;">or Maple Leaf</td><td style="display: none;"><a class="recipeLink" href="/recipe_ingredient_search_results.php?query=(_QU5E__1__________669__[]_1_1)">Recipes with pork, smoked ham</a></td></tr><tr role="row" class="even"><td tabindex="0"><i class="fas fa-hand-rock"></i></td><td class=" not_printable"><div class="addToGL" data-soscuisine-aisle="6" data-soscuisine-sip="3946061"><i class="fa fa-cart-plus" title="Add to My Grocery List"></i><div></div></div></td><td><img class="storeItemImage" itemprop="image" alt="pork, tenderloins" src="/media/images/store_item/255.jpg"></td><td>pork, tenderloins</td><td class="not_printable sorting_1">meat &amp; poultry</td><td><img style="width:50%;" src="/media/images/logos/marchands/36.png" alt="Sobeys"></td><td><span itemprop="price">$4.99</span><span itemprop="eligibleQuantity" itemscope="" itemtype="http://schema.org/QuantitativeValue">/<span itemprop="unitText">lb</span></span></td><td>$11.00/kg</td><td style="display: none;">2020-02-26</td><td style="display: none;"></td><td style="display: none;"></td><td style="display: none;"></td><td style="display: none;"></td><td style="display: none;"></td><td style="display: none;">fresh, large pack</td><td style="display: none;"></td><td style="display: none;"><a class="recipeLink" href="/recipe_ingredient_search_results.php?query=(_QU5E__1__________255__[]_1_1)">Recipes with pork, tenderloins</a></td></tr><tr role="row" class="odd"><td tabindex="0"><i class="fas fa-hand-rock"></i></td><td class=" not_printable"><div class="addToGL" data-soscuisine-aisle="6" data-soscuisine-sip="3942423"><i class="fa fa-cart-plus" title="Add to My Grocery List"></i><div></div></div></td><td><img class="storeItemImage" itemprop="image" alt="pork, tenderloins" src="/media/images/store_item/255.jpg"></td><td>pork, tenderloins</td><td class="not_printable sorting_1">meat &amp; poultry</td><td><img style="width:50%;" src="/media/images/logos/marchands/100.png" alt="Your Independent Grocer"></td><td><span itemprop="price">$4.99</span><span itemprop="eligibleQuantity" itemscope="" itemtype="http://schema.org/QuantitativeValue">/<span itemprop="unitText">lb</span></span></td><td>$11.00/kg</td><td style="display: none;">2020-02-26</td><td style="display: none;"></td><td style="display: none;"></td><td style="display: none;"></td><td style="display: none;"></td><td style="display: none;"></td><td style="display: none;">2-pack</td><td style="display: none;">cryovac, pkg of 2</td><td style="display: none;"><a class="recipeLink" href="/recipe_ingredient_search_results.php?query=(_QU5E__1__________255__[]_1_1)">Recipes with pork, tenderloins</a></td></tr><tr role="row" class="even"><td tabindex="0"><i class="fa fa-thumbs-down"></i></td><td class=" not_printable"><div class="addToGL" data-soscuisine-aisle="6" data-soscuisine-sip="3945189"><i class="fa fa-cart-plus" title="Add to My Grocery List"></i><div></div></div></td><td><img class="storeItemImage" itemprop="image" alt="sausages" src="/media/images/store_item/269.jpg"></td><td>sausages</td><td class="not_printable sorting_1">meat &amp; poultry</td><td><img style="width:50%;" src="/media/images/logos/marchands/32.png" alt="Atlantic Superstore"></td><td><span itemprop="price">$12.00</span><span itemprop="eligibleQuantity" itemscope="" itemtype="http://schema.org/QuantitativeValue">/<span itemprop="value">2</span>x<span itemprop="unitText">500g</span></span></td><td>$12.00/kg</td><td style="display: none;">2020-02-26</td><td style="display: none;"></td><td style="display: none;">Johnsonville</td><td style="display: none;"></td><td style="display: none;"></td><td style="display: none;"></td><td style="display: none;"></td><td style="display: none;"></td><td style="display: none;"><a class="recipeLink" href="/recipe_ingredient_search_results.php?query=(_QU5E__1__________269__[]_1_1)">Recipes with sausages</a></td></tr><tr role="row" class="odd"><td tabindex="0"><i class="fa fa-thumbs-down"></i></td><td class=" not_printable"><div class="addToGL" data-soscuisine-aisle="6" data-soscuisine-sip="3945187"><i class="fa fa-cart-plus" title="Add to My Grocery List"></i><div></div></div></td><td><img class="storeItemImage" itemprop="image" alt="sausages" src="/media/images/store_item/269.jpg"></td><td>sausages</td><td class="not_printable sorting_1">meat &amp; poultry</td><td><img style="width:50%;" src="/media/images/logos/marchands/32.png" alt="Atlantic Superstore"></td><td><span itemprop="price">$6.79</span><span itemprop="eligibleQuantity" itemscope="" itemtype="http://schema.org/QuantitativeValue">/<span itemprop="unitText">500g</span></span></td><td>$13.58/kg</td><td style="display: none;">2020-02-26</td><td style="display: none;"></td><td style="display: none;">Johnsonville</td><td style="display: none;"></td><td style="display: none;"></td><td style="display: none;"></td><td style="display: none;"></td><td style="display: none;"></td><td style="display: none;"><a class="recipeLink" href="/recipe_ingredient_search_results.php?query=(_QU5E__1__________269__[]_1_1)">Recipes with sausages</a></td></tr><tr role="row" class="even"><td tabindex="0"><i class="fa fa-thumbs-down"></i></td><td class=" not_printable"><div class="addToGL" data-soscuisine-aisle="6" data-soscuisine-sip="3946149"><i class="fa fa-cart-plus" title="Add to My Grocery List"></i><div></div></div></td><td><img class="storeItemImage" itemprop="image" alt="sausages" src="/media/images/store_item/269.jpg"></td><td>sausages</td><td class="not_printable sorting_1">meat &amp; poultry</td><td><img style="width:50%;" src="/media/images/logos/marchands/36.png" alt="Sobeys"></td><td><span itemprop="price">$5.99</span><span itemprop="eligibleQuantity" itemscope="" itemtype="http://schema.org/QuantitativeValue">/<span itemprop="unitText">500g</span></span></td><td>$11.98/kg</td><td style="display: none;">2020-02-26</td><td style="display: none;"></td><td style="display: none;">house brand</td><td style="display: none;"></td><td style="display: none;"></td><td style="display: none;"></td><td style="display: none;"></td><td style="display: none;"></td><td style="display: none;"><a class="recipeLink" href="/recipe_ingredient_search_results.php?query=(_QU5E__1__________269__[]_1_1)">Recipes with sausages</a></td></tr><tr role="row" class="odd"><td tabindex="0"><i class="fas fa-hand-rock"></i></td><td class=" not_printable"><div class="addToGL" data-soscuisine-aisle="6" data-soscuisine-sip="3941077"><i class="fa fa-cart-plus" title="Add to My Grocery List"></i><div></div></div></td><td><img class="storeItemImage" itemprop="image" alt="sausages" src="/media/images/store_item/269.jpg"></td><td>sausages</td><td class="not_printable sorting_1">meat &amp; poultry</td><td><img style="width:50%;" src="/media/images/logos/marchands/76.png" alt="Walmart"></td><td><span itemprop="price">$8.00</span><span itemprop="eligibleQuantity" itemscope="" itemtype="http://schema.org/QuantitativeValue">/<span itemprop="value">2</span>x<span itemprop="unitText">375g</span></span></td><td>$10.67/kg</td><td style="display: none;">2020-02-26</td><td style="display: none;"></td><td style="display: none;">Maple Leaf</td><td style="display: none;"></td><td style="display: none;"></td><td style="display: none;"></td><td style="display: none;">fresh</td><td style="display: none;">supercentres only</td><td style="display: none;"><a class="recipeLink" href="/recipe_ingredient_search_results.php?query=(_QU5E__1__________269__[]_1_1)">Recipes with sausages</a></td></tr><tr role="row" class="even"><td tabindex="0"><i class="fa fa-thumbs-down"></i></td><td class=" not_printable"><div class="addToGL" data-soscuisine-aisle="6" data-soscuisine-sip="3941075"><i class="fa fa-cart-plus" title="Add to My Grocery List"></i><div></div></div></td><td><img class="storeItemImage" itemprop="image" alt="sausages" src="/media/images/store_item/269.jpg"></td><td>sausages</td><td class="not_printable sorting_1">meat &amp; poultry</td><td><img style="width:50%;" src="/media/images/logos/marchands/76.png" alt="Walmart"></td><td><span itemprop="price">$4.97</span><span itemprop="eligibleQuantity" itemscope="" itemtype="http://schema.org/QuantitativeValue">/<span itemprop="unitText">375g</span></span></td><td>$13.25/kg</td><td style="display: none;">2020-02-26</td><td style="display: none;"></td><td style="display: none;">Maple Leaf</td><td style="display: none;"></td><td style="display: none;"></td><td style="display: none;"></td><td style="display: none;">fresh</td><td style="display: none;">supercentres only</td><td style="display: none;"><a class="recipeLink" href="/recipe_ingredient_search_results.php?query=(_QU5E__1__________269__[]_1_1)">Recipes with sausages</a></td></tr><tr role="row" class="odd"><td tabindex="0"><i class="fas fa-hand-rock"></i></td><td class=" not_printable"><div class="addToGL" data-soscuisine-aisle="6" data-soscuisine-sip="3942427"><i class="fa fa-cart-plus" title="Add to My Grocery List"></i><div></div></div></td><td><img class="storeItemImage" itemprop="image" alt="sausages" src="/media/images/store_item/269.jpg"></td><td>sausages</td><td class="not_printable sorting_1">meat &amp; poultry</td><td><img style="width:50%;" src="/media/images/logos/marchands/100.png" alt="Your Independent Grocer"></td><td><span itemprop="price">$5.00</span><span itemprop="eligibleQuantity" itemscope="" itemtype="http://schema.org/QuantitativeValue">/<span itemprop="unitText">500g</span></span></td><td>$10.00/kg</td><td style="display: none;">2020-02-26</td><td style="display: none;"></td><td style="display: none;">Johnsonville</td><td style="display: none;"></td><td style="display: none;"></td><td style="display: none;"></td><td style="display: none;"></td><td style="display: none;"></td><td style="display: none;"><a class="recipeLink" href="/recipe_ingredient_search_results.php?query=(_QU5E__1__________269__[]_1_1)">Recipes with sausages</a></td></tr><tr role="row" class="even"><td tabindex="0"><i class="fas fa-exclamation"></i></td><td class=" not_printable"><div class="addToGL" data-soscuisine-aisle="6" data-soscuisine-sip="3946179"><i class="fa fa-cart-plus" title="Add to My Grocery List"></i><div></div></div></td><td><img class="storeItemImage" alt="turkey breast, bone-in" src="/media/images/store_item/blank.jpg"></td><td>turkey breast, bone-in</td><td class="not_printable sorting_1">meat &amp; poultry</td><td><img style="width:50%;" src="/media/images/logos/marchands/36.png" alt="Sobeys"></td><td><span itemprop="price">$5.49</span><span itemprop="eligibleQuantity" itemscope="" itemtype="http://schema.org/QuantitativeValue">/<span itemprop="unitText">lb</span></span></td><td>$12.10/kg</td><td style="display: none;">2020-02-26</td><td style="display: none;"></td><td style="display: none;">Butterball</td><td style="display: none;"></td><td style="display: none;"></td><td style="display: none;"></td><td style="display: none;"></td><td style="display: none;"></td><td style="display: none;"><a class="recipeLink" href="/recipe_ingredient_search_results.php?query=(_QU5E__1__________628__[]_1_1)">Recipes with turkey breast, bone-in</a></td></tr><tr role="row" class="odd"><td tabindex="0"><i class="fas fa-exclamation"></i></td><td class=" not_printable"><div class="addToGL" data-soscuisine-aisle="6" data-soscuisine-sip="3946171"><i class="fa fa-cart-plus" title="Add to My Grocery List"></i><div></div></div></td><td><img class="storeItemImage" alt="turkey, breast, boneless" src="/media/images/store_item/blank.jpg"></td><td>turkey, breast, boneless</td><td class="not_printable sorting_1">meat &amp; poultry</td><td><img style="width:50%;" src="/media/images/logos/marchands/36.png" alt="Sobeys"></td><td><span itemprop="price">$7.99</span><span itemprop="eligibleQuantity" itemscope="" itemtype="http://schema.org/QuantitativeValue">/<span itemprop="unitText">lb</span></span></td><td>$17.62/kg</td><td style="display: none;">2020-02-26</td><td style="display: none;"></td><td style="display: none;"></td><td style="display: none;"></td><td style="display: none;"></td><td style="display: none;"></td><td style="display: none;"></td><td style="display: none;">Butterball</td><td style="display: none;"><a class="recipeLink" href="/recipe_ingredient_search_results.php?query=(_QU5E__1__________360__[]_1_1)">Recipes with turkey, breast, boneless</a></td></tr><tr role="row" class="even"><td tabindex="0"><i class="fas fa-exclamation"></i></td><td class=" not_printable"><div class="addToGL" data-soscuisine-aisle="6" data-soscuisine-sip="3946183"><i class="fa fa-cart-plus" title="Add to My Grocery List"></i><div></div></div></td><td><img class="storeItemImage" alt="turkey, drumsticks" src="/media/images/store_item/blank.jpg"></td><td>turkey, drumsticks</td><td class="not_printable sorting_1">meat &amp; poultry</td><td><img style="width:50%;" src="/media/images/logos/marchands/36.png" alt="Sobeys"></td><td><span itemprop="price">$3.99</span><span itemprop="eligibleQuantity" itemscope="" itemtype="http://schema.org/QuantitativeValue">/<span itemprop="unitText">lb</span></span></td><td>$8.80/kg</td><td style="display: none;">2020-02-26</td><td style="display: none;"></td><td style="display: none;">Butterball</td><td style="display: none;"></td><td style="display: none;"></td><td style="display: none;"></td><td style="display: none;"></td><td style="display: none;"></td><td style="display: none;"></td></tr><tr role="row" class="odd"><td tabindex="0"><i class="fa fa-thumbs-down"></i></td><td class=" not_printable"><div class="addToGL" data-soscuisine-aisle="6" data-soscuisine-sip="3945203"><i class="fa fa-cart-plus" title="Add to My Grocery List"></i><div></div></div></td><td><img class="storeItemImage" itemprop="image" alt="turkey, ground" src="/media/images/store_item/514.jpg"></td><td>turkey, ground</td><td class="not_printable sorting_1">meat &amp; poultry</td><td><img style="width:50%;" src="/media/images/logos/marchands/32.png" alt="Atlantic Superstore"></td><td><span itemprop="price">$10.00</span><span itemprop="eligibleQuantity" itemscope="" itemtype="http://schema.org/QuantitativeValue">/<span itemprop="unitText">454g (1lb)</span></span></td><td>$22.05/kg</td><td style="display: none;">2020-02-26</td><td style="display: none;"></td><td style="display: none;">house brand</td><td style="display: none;"></td><td style="display: none;"></td><td style="display: none;"></td><td style="display: none;"></td><td style="display: none;"></td><td style="display: none;"><a class="recipeLink" href="/recipe_ingredient_search_results.php?query=(_QU5E__1__________514__[]_1_1)">Recipes with turkey, ground</a></td></tr><tr role="row" class="even"><td tabindex="0"><i class="fa fa-thumbs-up"></i></td><td class=" not_printable"><div class="addToGL" data-soscuisine-aisle="6" data-soscuisine-sip="3941073"><i class="fa fa-cart-plus" title="Add to My Grocery List"></i><div></div></div></td><td><img class="storeItemImage" itemprop="image" alt="turkey, ground" src="/media/images/store_item/514.jpg"></td><td>turkey, ground</td><td class="not_printable sorting_1">meat &amp; poultry</td><td><img style="width:50%;" src="/media/images/logos/marchands/76.png" alt="Walmart"></td><td><span itemprop="price">$12.00</span><span itemprop="eligibleQuantity" itemscope="" itemtype="http://schema.org/QuantitativeValue">/<span itemprop="value">2</span>x<span itemprop="unitText">454g (1lb)</span></span></td><td>$13.23/kg</td><td style="display: none;">2020-02-26</td><td style="display: none;"></td><td style="display: none;">Prime (Maple Leaf)</td><td style="display: none;"></td><td style="display: none;"></td><td style="display: none;">extra-lean</td><td style="display: none;"></td><td style="display: none;">supercentres only</td><td style="display: none;"><a class="recipeLink" href="/recipe_ingredient_search_results.php?query=(_QU5E__1__________514__[]_1_1)">Recipes with turkey, ground</a></td></tr><tr role="row" class="odd"><td tabindex="0"><i class="fas fa-hand-rock"></i></td><td class=" not_printable"><div class="addToGL" data-soscuisine-aisle="6" data-soscuisine-sip="3941071"><i class="fa fa-cart-plus" title="Add to My Grocery List"></i><div></div></div></td><td><img class="storeItemImage" itemprop="image" alt="turkey, ground" src="/media/images/store_item/514.jpg"></td><td>turkey, ground</td><td class="not_printable sorting_1">meat &amp; poultry</td><td><img style="width:50%;" src="/media/images/logos/marchands/76.png" alt="Walmart"></td><td><span itemprop="price">$6.97</span><span itemprop="eligibleQuantity" itemscope="" itemtype="http://schema.org/QuantitativeValue">/<span itemprop="unitText">454g (1lb)</span></span></td><td>$15.37/kg</td><td style="display: none;">2020-02-26</td><td style="display: none;"></td><td style="display: none;">Prime (Maple Leaf)</td><td style="display: none;"></td><td style="display: none;"></td><td style="display: none;">extra-lean</td><td style="display: none;"></td><td style="display: none;">supercentres only</td><td style="display: none;"><a class="recipeLink" href="/recipe_ingredient_search_results.php?query=(_QU5E__1__________514__[]_1_1)">Recipes with turkey, ground</a></td></tr><tr role="row" class="even"><td tabindex="0"><i class="fas fa-exclamation"></i></td><td class=" not_printable"><div class="addToGL" data-soscuisine-aisle="6" data-soscuisine-sip="3946187"><i class="fa fa-cart-plus" title="Add to My Grocery List"></i><div></div></div></td><td><img class="storeItemImage" alt="turkey, thigh" src="/media/images/store_item/blank.jpg"></td><td>turkey, thigh</td><td class="not_printable sorting_1">meat &amp; poultry</td><td><img style="width:50%;" src="/media/images/logos/marchands/36.png" alt="Sobeys"></td><td><span itemprop="price">$3.99</span><span itemprop="eligibleQuantity" itemscope="" itemtype="http://schema.org/QuantitativeValue">/<span itemprop="unitText">lb</span></span></td><td>$8.80/kg</td><td style="display: none;">2020-02-26</td><td style="display: none;"></td><td style="display: none;">Butterball</td><td style="display: none;"></td><td style="display: none;"></td><td style="display: none;"></td><td style="display: none;"></td><td style="display: none;"></td><td style="display: none;"></td></tr><tr role="row" class="odd"><td tabindex="0"><i class="fas fa-exclamation"></i></td><td class=" not_printable"><div class="addToGL" data-soscuisine-aisle="6" data-soscuisine-sip="3946193"><i class="fa fa-cart-plus" title="Add to My Grocery List"></i><div></div></div></td><td><img class="storeItemImage" alt="turkey, wings" src="/media/images/store_item/blank.jpg"></td><td>turkey, wings</td><td class="not_printable sorting_1">meat &amp; poultry</td><td><img style="width:50%;" src="/media/images/logos/marchands/36.png" alt="Sobeys"></td><td><span itemprop="price">$4.49</span><span itemprop="eligibleQuantity" itemscope="" itemtype="http://schema.org/QuantitativeValue">/<span itemprop="unitText">lb</span></span></td><td>$9.90/kg</td><td style="display: none;">2020-02-26</td><td style="display: none;"></td><td style="display: none;"></td><td style="display: none;"></td><td style="display: none;"></td><td style="display: none;"></td><td style="display: none;"></td><td style="display: none;">Butterball</td><td style="display: none;"></td></tr><tr role="row" class="even"><td tabindex="0"><i class="fas fa-exclamation"></i></td><td class=" not_printable"><div class="addToGL" data-soscuisine-aisle="6" data-soscuisine-sip="3946153"><i class="fa fa-cart-plus" title="Add to My Grocery List"></i><div></div></div></td><td><img class="storeItemImage" itemprop="image" alt="veal, cutlet/scaloppini" src="/media/images/store_item/233.jpg"></td><td>veal, cutlet/scaloppini</td><td class="not_printable sorting_1">meat &amp; poultry</td><td><img style="width:50%;" src="/media/images/logos/marchands/36.png" alt="Sobeys"></td><td><span itemprop="price">$8.99</span><span itemprop="eligibleQuantity" itemscope="" itemtype="http://schema.org/QuantitativeValue">/<span itemprop="unitText">lb</span></span></td><td>$19.82/kg</td><td style="display: none;">2020-02-26</td><td style="display: none;"></td><td style="display: none;"></td><td style="display: none;"></td><td style="display: none;"></td><td style="display: none;"></td><td style="display: none;"></td><td style="display: none;"></td><td style="display: none;"><a class="recipeLink" href="/recipe_ingredient_search_results.php?query=(_QU5E__1__________233__[]_1_1)">Recipes with veal, cutlet/scaloppini</a></td></tr><tr role="row" class="odd"><td tabindex="0"><i class="fas fa-hand-rock"></i></td><td class=" not_printable"><div class="addToGL" data-soscuisine-aisle="7" data-soscuisine-sip="3943815"><i class="fa fa-cart-plus" title="Add to My Grocery List"></i><div></div></div></td><td><img class="storeItemImage" itemprop="image" alt="cod fillet" src="/media/images/store_item/172.jpg"></td><td>cod fillet</td><td class="not_printable sorting_1">fish &amp; seafood</td><td><img style="width:50%;" src="/media/images/logos/marchands/50.png" alt="Foodland"></td><td><span itemprop="price">$5.99</span><span itemprop="eligibleQuantity" itemscope="" itemtype="http://schema.org/QuantitativeValue">/<span itemprop="unitText">400g</span></span></td><td>$14.97/kg</td><td style="display: none;">2020-02-26</td><td style="display: none;"></td><td style="display: none;">house brand</td><td style="display: none;"></td><td style="display: none;"></td><td style="display: none;"></td><td style="display: none;"></td><td style="display: none;"></td><td style="display: none;"><a class="recipeLink" href="/recipe_ingredient_search_results.php?query=(_QU5E__1__________172__[]_1_1)">Recipes with cod fillet</a></td></tr><tr role="row" class="even"><td tabindex="0"><i class="fa fa-thumbs-down"></i></td><td class=" not_printable"><div class="addToGL" data-soscuisine-aisle="7" data-soscuisine-sip="3946261"><i class="fa fa-cart-plus" title="Add to My Grocery List"></i><div></div></div></td><td><img class="storeItemImage" itemprop="image" alt="cod fillet" src="/media/images/store_item/172.jpg"></td><td>cod fillet</td><td class="not_printable sorting_1">fish &amp; seafood</td><td><img style="width:50%;" src="/media/images/logos/marchands/36.png" alt="Sobeys"></td><td><span itemprop="price">$9.99</span><span itemprop="eligibleQuantity" itemscope="" itemtype="http://schema.org/QuantitativeValue">/<span itemprop="unitText">12oz (340g)</span></span></td><td>$29.38/kg</td><td style="display: none;">2020-02-26</td><td style="display: none;">Iceland</td><td style="display: none;">Green Ocean</td><td style="display: none;"></td><td style="display: none;"></td><td style="display: none;">wild</td><td style="display: none;"></td><td style="display: none;"></td><td style="display: none;"><a class="recipeLink" href="/recipe_ingredient_search_results.php?query=(_QU5E__1__________172__[]_1_1)">Recipes with cod fillet</a></td></tr><tr role="row" class="odd"><td tabindex="0"><i class="fa fa-thumbs-up"></i></td><td class=" not_printable"><div class="addToGL" data-soscuisine-aisle="7" data-soscuisine-sip="3945211"><i class="fa fa-cart-plus" title="Add to My Grocery List"></i><div></div></div></td><td><img class="storeItemImage" itemprop="image" alt="crab meat, imitation" src="/media/images/store_item/638.jpg"></td><td>crab meat, imitation</td><td class="not_printable sorting_1">fish &amp; seafood</td><td><img style="width:50%;" src="/media/images/logos/marchands/32.png" alt="Atlantic Superstore"></td><td><span itemprop="price">$1.99</span><span itemprop="eligibleQuantity" itemscope="" itemtype="http://schema.org/QuantitativeValue">/<span itemprop="unitText">8oz (227g)</span></span></td><td>$0.88/100g</td><td style="display: none;">2020-02-26</td><td style="display: none;"></td><td style="display: none;">SeaQuest</td><td style="display: none;"></td><td style="display: none;"></td><td style="display: none;"></td><td style="display: none;"></td><td style="display: none;"></td><td style="display: none;"><a class="recipeLink" href="/recipe_ingredient_search_results.php?query=(_QU5E__1__________638__[]_1_1)">Recipes with crab meat, imitation</a></td></tr><tr role="row" class="even"><td tabindex="0"><i class="fa fa-thumbs-up"></i><i class="fa fa-thumbs-up"></i></td><td class=" not_printable"><div class="addToGL" data-soscuisine-aisle="7" data-soscuisine-sip="3942493"><i class="fa fa-cart-plus" title="Add to My Grocery List"></i><div></div></div></td><td><img class="storeItemImage" itemprop="image" alt="crab meat, imitation" src="/media/images/store_item/638.jpg"></td><td>crab meat, imitation</td><td class="not_printable sorting_1">fish &amp; seafood</td><td><img style="width:50%;" src="/media/images/logos/marchands/97.png" alt="No Frills"></td><td><span itemprop="price">$1.00</span><span itemprop="eligibleQuantity" itemscope="" itemtype="http://schema.org/QuantitativeValue">/<span itemprop="unitText">200g</span></span></td><td>$0.50/100g</td><td style="display: none;">2020-02-26</td><td style="display: none;"></td><td style="display: none;">Green Ocean</td><td style="display: none;"></td><td style="display: none;"></td><td style="display: none;"></td><td style="display: none;">frozen</td><td style="display: none;"></td><td style="display: none;"><a class="recipeLink" href="/recipe_ingredient_search_results.php?query=(_QU5E__1__________638__[]_1_1)">Recipes with crab meat, imitation</a></td></tr><tr role="row" class="odd"><td tabindex="0"><i class="fa fa-thumbs-up"></i></td><td class=" not_printable"><div class="addToGL" data-soscuisine-aisle="7" data-soscuisine-sip="3946281"><i class="fa fa-cart-plus" title="Add to My Grocery List"></i><div></div></div></td><td><img class="storeItemImage" itemprop="image" alt="crab meat, imitation" src="/media/images/store_item/638.jpg"></td><td>crab meat, imitation</td><td class="not_printable sorting_1">fish &amp; seafood</td><td><img style="width:50%;" src="/media/images/logos/marchands/36.png" alt="Sobeys"></td><td><span itemprop="price">$3.99</span><span itemprop="eligibleQuantity" itemscope="" itemtype="http://schema.org/QuantitativeValue">/<span itemprop="unitText">454g (1lb)</span></span></td><td>$0.88/100g</td><td style="display: none;">2020-02-26</td><td style="display: none;"></td><td style="display: none;">house brand</td><td style="display: none;"></td><td style="display: none;"></td><td style="display: none;"></td><td style="display: none;"></td><td style="display: none;"></td><td style="display: none;"><a class="recipeLink" href="/recipe_ingredient_search_results.php?query=(_QU5E__1__________638__[]_1_1)">Recipes with crab meat, imitation</a></td></tr><tr role="row" class="even"><td tabindex="0"><i class="fas fa-hand-rock"></i></td><td class=" not_printable"><div class="addToGL" data-soscuisine-aisle="7" data-soscuisine-sip="3942449"><i class="fa fa-cart-plus" title="Add to My Grocery List"></i><div></div></div></td><td><img class="storeItemImage" itemprop="image" alt="crab meat, imitation" src="/media/images/store_item/638.jpg"></td><td>crab meat, imitation</td><td class="not_printable sorting_1">fish &amp; seafood</td><td><img style="width:50%;" src="/media/images/logos/marchands/100.png" alt="Your Independent Grocer"></td><td><span itemprop="price">$2.49</span><span itemprop="eligibleQuantity" itemscope="" itemtype="http://schema.org/QuantitativeValue">/<span itemprop="unitText">8oz (227g)</span></span></td><td>$1.10/100g</td><td style="display: none;">2020-02-26</td><td style="display: none;"></td><td style="display: none;">SeaQuest</td><td style="display: none;"></td><td style="display: none;"></td><td style="display: none;"></td><td style="display: none;"></td><td style="display: none;"></td><td style="display: none;"><a class="recipeLink" href="/recipe_ingredient_search_results.php?query=(_QU5E__1__________638__[]_1_1)">Recipes with crab meat, imitation</a></td></tr><tr role="row" class="odd"><td tabindex="0"><i class="fa fa-thumbs-up"></i></td><td class=" not_printable"><div class="addToGL" data-soscuisine-aisle="7" data-soscuisine-sip="3945107"><i class="fa fa-cart-plus" title="Add to My Grocery List"></i><div></div></div></td><td><img class="storeItemImage" itemprop="image" alt="haddock fillet" src="/media/images/store_item/179.jpg"></td><td>haddock fillet</td><td class="not_printable sorting_1">fish &amp; seafood</td><td><img style="width:50%;" src="/media/images/logos/marchands/32.png" alt="Atlantic Superstore"></td><td><span itemprop="price">$5.88</span><span itemprop="eligibleQuantity" itemscope="" itemtype="http://schema.org/QuantitativeValue">/<span itemprop="unitText">400g</span></span></td><td>$14.70/kg</td><td style="display: none;">2020-02-26</td><td style="display: none;"></td><td style="display: none;">SeaQuest</td><td style="display: none;"></td><td style="display: none;"></td><td style="display: none;">wild</td><td style="display: none;">frozen</td><td style="display: none;"></td><td style="display: none;"><a class="recipeLink" href="/recipe_ingredient_search_results.php?query=(_QU5E__1__________179__[]_1_1)">Recipes with haddock fillet</a></td></tr><tr role="row" class="even"><td tabindex="0"><i class="fas fa-hand-rock"></i></td><td class=" not_printable"><div class="addToGL" data-soscuisine-aisle="7" data-soscuisine-sip="3945209"><i class="fa fa-cart-plus" title="Add to My Grocery List"></i><div></div></div></td><td><img class="storeItemImage" itemprop="image" alt="haddock fillet" src="/media/images/store_item/179.jpg"></td><td>haddock fillet</td><td class="not_printable sorting_1">fish &amp; seafood</td><td><img style="width:50%;" src="/media/images/logos/marchands/32.png" alt="Atlantic Superstore"></td><td><span itemprop="price">$6.99</span><span itemprop="eligibleQuantity" itemscope="" itemtype="http://schema.org/QuantitativeValue">/<span itemprop="unitText">lb</span></span></td><td>$15.41/kg</td><td style="display: none;">2020-02-26</td><td style="display: none;"></td><td style="display: none;"></td><td style="display: none;"></td><td style="display: none;"></td><td style="display: none;"></td><td style="display: none;">frozen, or previously frozen</td><td style="display: none;"></td><td style="display: none;"><a class="recipeLink" href="/recipe_ingredient_search_results.php?query=(_QU5E__1__________179__[]_1_1)">Recipes with haddock fillet</a></td></tr><tr role="row" class="odd"><td tabindex="0"><i class="fa fa-thumbs-down"></i></td><td class=" not_printable"><div class="addToGL" data-soscuisine-aisle="7" data-soscuisine-sip="3946275"><i class="fa fa-cart-plus" title="Add to My Grocery List"></i><div></div></div></td><td><img class="storeItemImage" itemprop="image" alt="haddock fillet" src="/media/images/store_item/179.jpg"></td><td>haddock fillet</td><td class="not_printable sorting_1">fish &amp; seafood</td><td><img style="width:50%;" src="/media/images/logos/marchands/36.png" alt="Sobeys"></td><td><span itemprop="price">$9.99</span><span itemprop="eligibleQuantity" itemscope="" itemtype="http://schema.org/QuantitativeValue">/<span itemprop="unitText">12oz (340g)</span></span></td><td>$29.38/kg</td><td style="display: none;">2020-02-26</td><td style="display: none;"></td><td style="display: none;">Green Ocean</td><td style="display: none;"></td><td style="display: none;"></td><td style="display: none;">wild</td><td style="display: none;"></td><td style="display: none;">Iceland</td><td style="display: none;"><a class="recipeLink" href="/recipe_ingredient_search_results.php?query=(_QU5E__1__________179__[]_1_1)">Recipes with haddock fillet</a></td></tr><tr role="row" class="even"><td tabindex="0"><i class="fas fa-exclamation"></i></td><td class=" not_printable"><div class="addToGL" data-soscuisine-aisle="7" data-soscuisine-sip="3946253"><i class="fa fa-cart-plus" title="Add to My Grocery List"></i><div></div></div></td><td><img class="storeItemImage" alt="halibut steaks, fresh" src="/media/images/store_item/blank.jpg"></td><td>halibut steaks, fresh</td><td class="not_printable sorting_1">fish &amp; seafood</td><td><img style="width:50%;" src="/media/images/logos/marchands/36.png" alt="Sobeys"></td><td><span itemprop="price">$22.99</span><span itemprop="eligibleQuantity" itemscope="" itemtype="http://schema.org/QuantitativeValue">/<span itemprop="unitText">lb</span></span></td><td>$50.68/kg</td><td style="display: none;">2020-02-26</td><td style="display: none;">Atlantic Canada</td><td style="display: none;"></td><td style="display: none;"></td><td style="display: none;">Atlantic</td><td style="display: none;">wild</td><td style="display: none;"></td><td style="display: none;"></td><td style="display: none;"><a class="recipeLink" href="/recipe_ingredient_search_results.php?query=(_QU5E__1__________1030__[]_1_1)">Recipes with halibut steaks, fresh</a></td></tr><tr role="row" class="odd"><td tabindex="0"><i class="fas fa-hand-rock"></i></td><td class=" not_printable"><div class="addToGL" data-soscuisine-aisle="7" data-soscuisine-sip="3943813"><i class="fa fa-cart-plus" title="Add to My Grocery List"></i><div></div></div></td><td><img class="storeItemImage" itemprop="image" alt="mussels" src="/media/images/store_item/4.jpg"></td><td>mussels</td><td class="not_printable sorting_1">fish &amp; seafood</td><td><img style="width:50%;" src="/media/images/logos/marchands/50.png" alt="Foodland"></td><td><span itemprop="price">$4.99</span><span itemprop="eligibleQuantity" itemscope="" itemtype="http://schema.org/QuantitativeValue">/<span itemprop="unitText">2lb (907g)</span></span></td><td>$5.50/kg</td><td style="display: none;">2020-02-26</td><td style="display: none;"></td><td style="display: none;"></td><td style="display: none;"></td><td style="display: none;"></td><td style="display: none;"></td><td style="display: none;">live</td><td style="display: none;"></td><td style="display: none;"><a class="recipeLink" href="/recipe_ingredient_search_results.php?query=(_QU5E__1__________4__[]_1_1)">Recipes with mussels</a></td></tr><tr role="row" class="even"><td tabindex="0"><i class="fa fa-thumbs-up"></i><i class="fa fa-thumbs-up"></i></td><td class=" not_printable"><div class="addToGL" data-soscuisine-aisle="7" data-soscuisine-sip="3942503"><i class="fa fa-cart-plus" title="Add to My Grocery List"></i><div></div></div></td><td><img class="storeItemImage" itemprop="image" alt="salmon fillet" src="/media/images/store_item/166.jpg"></td><td>salmon fillet</td><td class="not_printable sorting_1">fish &amp; seafood</td><td><img style="width:50%;" src="/media/images/logos/marchands/97.png" alt="No Frills"></td><td><span itemprop="price">$1.00</span><span itemprop="eligibleQuantity" itemscope="" itemtype="http://schema.org/QuantitativeValue">/<span itemprop="unitText">100g</span></span></td><td>$10.00/kg</td><td style="display: none;">2020-02-26</td><td style="display: none;"></td><td style="display: none;"></td><td style="display: none;"></td><td style="display: none;"></td><td style="display: none;"></td><td style="display: none;">frozen</td><td style="display: none;">Ocean's Treasures</td><td style="display: none;"><a class="recipeLink" href="/recipe_ingredient_search_results.php?query=(_QU5E__1__________166__[]_1_1)">Recipes with salmon fillet</a></td></tr><tr role="row" class="odd"><td tabindex="0"><i class="fa fa-thumbs-up"></i><i class="fa fa-thumbs-up"></i></td><td class=" not_printable"><div class="addToGL" data-soscuisine-aisle="7" data-soscuisine-sip="3942253"><i class="fa fa-cart-plus" title="Add to My Grocery List"></i><div></div></div></td><td><img class="storeItemImage" itemprop="image" alt="salmon fillet" src="/media/images/store_item/166.jpg"></td><td>salmon fillet</td><td class="not_printable sorting_1">fish &amp; seafood</td><td><img style="width:50%;" src="/media/images/logos/marchands/100.png" alt="Your Independent Grocer"></td><td><span itemprop="price">$6.99</span><span itemprop="eligibleQuantity" itemscope="" itemtype="http://schema.org/QuantitativeValue">/<span itemprop="unitText">20oz (567g)</span></span></td><td>$12.33/kg</td><td style="display: none;">2020-02-26</td><td style="display: none;"></td><td style="display: none;">Aquastar</td><td style="display: none;"></td><td style="display: none;">pink</td><td style="display: none;"></td><td style="display: none;"></td><td style="display: none;"></td><td style="display: none;"><a class="recipeLink" href="/recipe_ingredient_search_results.php?query=(_QU5E__1__________166__[]_1_1)">Recipes with salmon fillet</a></td></tr><tr role="row" class="even"><td tabindex="0"><i class="fa fa-thumbs-down"></i></td><td class=" not_printable"><div class="addToGL" data-soscuisine-aisle="7" data-soscuisine-sip="3942445"><i class="fa fa-cart-plus" title="Add to My Grocery List"></i><div></div></div></td><td><img class="storeItemImage" itemprop="image" alt="salmon fillet" src="/media/images/store_item/166.jpg"></td><td>salmon fillet</td><td class="not_printable sorting_1">fish &amp; seafood</td><td><img style="width:50%;" src="/media/images/logos/marchands/100.png" alt="Your Independent Grocer"></td><td><span itemprop="price">$4.49</span><span itemprop="eligibleQuantity" itemscope="" itemtype="http://schema.org/QuantitativeValue">/<span itemprop="unitText">4oz (113g)</span></span></td><td>$39.73/kg</td><td style="display: none;">2020-02-26</td><td style="display: none;">Canada</td><td style="display: none;"></td><td style="display: none;"></td><td style="display: none;">Pacific</td><td style="display: none;"></td><td style="display: none;">frozen</td><td style="display: none;"></td><td style="display: none;"><a class="recipeLink" href="/recipe_ingredient_search_results.php?query=(_QU5E__1__________166__[]_1_1)">Recipes with salmon fillet</a></td></tr><tr role="row" class="odd"><td tabindex="0"><i class="fas fa-hand-rock"></i></td><td class=" not_printable"><div class="addToGL" data-soscuisine-aisle="7" data-soscuisine-sip="3946433"><i class="fa fa-cart-plus" title="Add to My Grocery List"></i><div></div></div></td><td><img class="storeItemImage" itemprop="image" alt="salmon fillet, fresh" src="/media/images/store_item/1032.jpg"></td><td>salmon fillet, fresh</td><td class="not_printable sorting_1">fish &amp; seafood</td><td><img style="width:50%;" src="/media/images/logos/marchands/32.png" alt="Atlantic Superstore"></td><td><span itemprop="price">$10.99</span><span itemprop="eligibleQuantity" itemscope="" itemtype="http://schema.org/QuantitativeValue">/<span itemprop="unitText">lb</span></span></td><td>$24.23/kg</td><td style="display: none;">2020-02-26</td><td style="display: none;">Canada</td><td style="display: none;"></td><td style="display: none;"></td><td style="display: none;">Atlantic</td><td style="display: none;"></td><td style="display: none;">large pack</td><td style="display: none;"></td><td style="display: none;"><a class="recipeLink" href="/recipe_ingredient_search_results.php?query=(_QU5E__1__________1032__[]_1_1)">Recipes with salmon fillet, fresh</a></td></tr><tr role="row" class="even"><td tabindex="0"><i class="fa fa-thumbs-down"></i></td><td class=" not_printable"><div class="addToGL" data-soscuisine-aisle="7" data-soscuisine-sip="3946241"><i class="fa fa-cart-plus" title="Add to My Grocery List"></i><div></div></div></td><td><img class="storeItemImage" itemprop="image" alt="salmon fillet, fresh" src="/media/images/store_item/1032.jpg"></td><td>salmon fillet, fresh</td><td class="not_printable sorting_1">fish &amp; seafood</td><td><img style="width:50%;" src="/media/images/logos/marchands/36.png" alt="Sobeys"></td><td><span itemprop="price">$3.99</span><span itemprop="eligibleQuantity" itemscope="" itemtype="http://schema.org/QuantitativeValue">/<span itemprop="unitText">4oz (113g)</span></span></td><td>$35.31/kg</td><td style="display: none;">2020-02-26</td><td style="display: none;"></td><td style="display: none;"></td><td style="display: none;"></td><td style="display: none;">Atlantic</td><td style="display: none;"></td><td style="display: none;"></td><td style="display: none;"></td><td style="display: none;"><a class="recipeLink" href="/recipe_ingredient_search_results.php?query=(_QU5E__1__________1032__[]_1_1)">Recipes with salmon fillet, fresh</a></td></tr><tr role="row" class="odd"><td tabindex="0"><i class="fa fa-thumbs-up"></i></td><td class=" not_printable"><div class="addToGL" data-soscuisine-aisle="7" data-soscuisine-sip="3945207"><i class="fa fa-cart-plus" title="Add to My Grocery List"></i><div></div></div></td><td><img class="storeItemImage" itemprop="image" alt="scallops, medium-size" src="/media/images/store_item/473.jpg"></td><td>scallops, medium-size</td><td class="not_printable sorting_1">fish &amp; seafood</td><td><img style="width:50%;" src="/media/images/logos/marchands/32.png" alt="Atlantic Superstore"></td><td><span itemprop="price">$16.99</span><span itemprop="eligibleQuantity" itemscope="" itemtype="http://schema.org/QuantitativeValue">/<span itemprop="unitText">lb</span></span></td><td>$37.46/kg</td><td style="display: none;">2020-02-26</td><td style="display: none;"></td><td style="display: none;"></td><td style="display: none;">size 20-40</td><td style="display: none;"></td><td style="display: none;"></td><td style="display: none;">previously frozen</td><td style="display: none;"></td><td style="display: none;"><a class="recipeLink" href="/recipe_ingredient_search_results.php?query=(_QU5E__1__________473__[]_1_1)">Recipes with scallops, medium-size</a></td></tr><tr role="row" class="even"><td tabindex="0"><i class="fas fa-hand-rock"></i></td><td class=" not_printable"><div class="addToGL" data-soscuisine-aisle="7" data-soscuisine-sip="3945217"><i class="fa fa-cart-plus" title="Add to My Grocery List"></i><div></div></div></td><td><img class="storeItemImage" itemprop="image" alt="scallops, small" src="/media/images/store_item/772.jpg"></td><td>scallops, small</td><td class="not_printable sorting_1">fish &amp; seafood</td><td><img style="width:50%;" src="/media/images/logos/marchands/32.png" alt="Atlantic Superstore"></td><td><span itemprop="price">$8.99</span><span itemprop="eligibleQuantity" itemscope="" itemtype="http://schema.org/QuantitativeValue">/<span itemprop="unitText">454g (1lb)</span></span></td><td>$19.82/kg</td><td style="display: none;">2020-02-26</td><td style="display: none;"></td><td style="display: none;">SeaQuest</td><td style="display: none;">size 100-150</td><td style="display: none;"></td><td style="display: none;"></td><td style="display: none;">frozen</td><td style="display: none;">Bay</td><td style="display: none;"><a class="recipeLink" href="/recipe_ingredient_search_results.php?query=(_QU5E__1__________772__[]_1_1)">Recipes with scallops, small</a></td></tr><tr role="row" class="odd"><td tabindex="0"><i class="fas fa-hand-rock"></i></td><td class=" not_printable"><div class="addToGL" data-soscuisine-aisle="7" data-soscuisine-sip="3942447"><i class="fa fa-cart-plus" title="Add to My Grocery List"></i><div></div></div></td><td><img class="storeItemImage" itemprop="image" alt="scallops, small" src="/media/images/store_item/772.jpg"></td><td>scallops, small</td><td class="not_printable sorting_1">fish &amp; seafood</td><td><img style="width:50%;" src="/media/images/logos/marchands/100.png" alt="Your Independent Grocer"></td><td><span itemprop="price">$9.99</span><span itemprop="eligibleQuantity" itemscope="" itemtype="http://schema.org/QuantitativeValue">/<span itemprop="unitText">lb</span></span></td><td>$22.02/kg</td><td style="display: none;">2020-02-26</td><td style="display: none;"></td><td style="display: none;"></td><td style="display: none;">size 80-120</td><td style="display: none;"></td><td style="display: none;"></td><td style="display: none;">frozen</td><td style="display: none;"></td><td style="display: none;"><a class="recipeLink" href="/recipe_ingredient_search_results.php?query=(_QU5E__1__________772__[]_1_1)">Recipes with scallops, small</a></td></tr><tr role="row" class="even"><td tabindex="0"><i class="fa fa-thumbs-up"></i><i class="fa fa-thumbs-up"></i></td><td class=" not_printable"><div class="addToGL" data-soscuisine-aisle="7" data-soscuisine-sip="3945111"><i class="fa fa-cart-plus" title="Add to My Grocery List"></i><div></div></div></td><td><img class="storeItemImage" itemprop="image" alt="shrimps/prawns, medium-large" src="/media/images/store_item/468.jpg"></td><td>shrimps/prawns, medium-large</td><td class="not_printable sorting_1">fish &amp; seafood</td><td><img style="width:50%;" src="/media/images/logos/marchands/32.png" alt="Atlantic Superstore"></td><td><span itemprop="price">$5.88</span><span itemprop="eligibleQuantity" itemscope="" itemtype="http://schema.org/QuantitativeValue">/<span itemprop="unitText">400g</span></span></td><td>$14.70/kg</td><td style="display: none;">2020-02-26</td><td style="display: none;"></td><td style="display: none;">house brand</td><td style="display: none;">size 31-40</td><td style="display: none;">white</td><td style="display: none;"></td><td style="display: none;">zipper back, frozen</td><td style="display: none;"></td><td style="display: none;"><a class="recipeLink" href="/recipe_ingredient_search_results.php?query=(_QU5E__1__________468__[]_1_1)">Recipes with shrimps/prawns, medium-large</a></td></tr><tr role="row" class="odd"><td tabindex="0"><i class="fa fa-thumbs-up"></i></td><td class=" not_printable"><div class="addToGL" data-soscuisine-aisle="7" data-soscuisine-sip="3945213"><i class="fa fa-cart-plus" title="Add to My Grocery List"></i><div></div></div></td><td><img class="storeItemImage" itemprop="image" alt="shrimps/prawns, medium-large" src="/media/images/store_item/468.jpg"></td><td>shrimps/prawns, medium-large</td><td class="not_printable sorting_1">fish &amp; seafood</td><td><img style="width:50%;" src="/media/images/logos/marchands/32.png" alt="Atlantic Superstore"></td><td><span itemprop="price">$6.99</span><span itemprop="eligibleQuantity" itemscope="" itemtype="http://schema.org/QuantitativeValue">/<span itemprop="unitText">400g</span></span></td><td>$17.47/kg</td><td style="display: none;">2020-02-26</td><td style="display: none;"></td><td style="display: none;">house brand</td><td style="display: none;">size 31-40</td><td style="display: none;">white</td><td style="display: none;"></td><td style="display: none;">peeled, frozen</td><td style="display: none;"></td><td style="display: none;"><a class="recipeLink" href="/recipe_ingredient_search_results.php?query=(_QU5E__1__________468__[]_1_1)">Recipes with shrimps/prawns, medium-large</a></td></tr><tr role="row" class="even"><td tabindex="0"><i class="fa fa-thumbs-down"></i></td><td class=" not_printable"><div class="addToGL" data-soscuisine-aisle="7" data-soscuisine-sip="3943819"><i class="fa fa-cart-plus" title="Add to My Grocery List"></i><div></div></div></td><td><img class="storeItemImage" itemprop="image" alt="shrimps/prawns, medium-large" src="/media/images/store_item/468.jpg"></td><td>shrimps/prawns, medium-large</td><td class="not_printable sorting_1">fish &amp; seafood</td><td><img style="width:50%;" src="/media/images/logos/marchands/50.png" alt="Foodland"></td><td><span itemprop="price">$7.99</span><span itemprop="eligibleQuantity" itemscope="" itemtype="http://schema.org/QuantitativeValue">/<span itemprop="unitText">12oz (340g)</span></span></td><td>$23.50/kg</td><td style="display: none;">2020-02-26</td><td style="display: none;"></td><td style="display: none;">house brand</td><td style="display: none;">size 31-40</td><td style="display: none;"></td><td style="display: none;"></td><td style="display: none;"></td><td style="display: none;"></td><td style="display: none;"><a class="recipeLink" href="/recipe_ingredient_search_results.php?query=(_QU5E__1__________468__[]_1_1)">Recipes with shrimps/prawns, medium-large</a></td></tr><tr role="row" class="odd"><td tabindex="0"><i class="fa fa-thumbs-up"></i></td><td class=" not_printable"><div class="addToGL" data-soscuisine-aisle="7" data-soscuisine-sip="3942263"><i class="fa fa-cart-plus" title="Add to My Grocery List"></i><div></div></div></td><td><img class="storeItemImage" itemprop="image" alt="shrimps/prawns, medium-large" src="/media/images/store_item/468.jpg"></td><td>shrimps/prawns, medium-large</td><td class="not_printable sorting_1">fish &amp; seafood</td><td><img style="width:50%;" src="/media/images/logos/marchands/100.png" alt="Your Independent Grocer"></td><td><span itemprop="price">$6.99</span><span itemprop="eligibleQuantity" itemscope="" itemtype="http://schema.org/QuantitativeValue">/<span itemprop="unitText">400g</span></span></td><td>$17.47/kg</td><td style="display: none;">2020-02-26</td><td style="display: none;"></td><td style="display: none;">house brand</td><td style="display: none;">size 31-40</td><td style="display: none;">Pacific</td><td style="display: none;"></td><td style="display: none;">zipper back, frozen</td><td style="display: none;"></td><td style="display: none;"><a class="recipeLink" href="/recipe_ingredient_search_results.php?query=(_QU5E__1__________468__[]_1_1)">Recipes with shrimps/prawns, medium-large</a></td></tr><tr role="row" class="even"><td tabindex="0"><i class="fas fa-hand-rock"></i></td><td class=" not_printable"><div class="addToGL" data-soscuisine-aisle="7" data-soscuisine-sip="3943817"><i class="fa fa-cart-plus" title="Add to My Grocery List"></i><div></div></div></td><td><img class="storeItemImage" itemprop="image" alt="shrimps/prawns, medium-large, cooked" src="/media/images/store_item/502.jpg"></td><td>shrimps/prawns, medium-large, cooked</td><td class="not_printable sorting_1">fish &amp; seafood</td><td><img style="width:50%;" src="/media/images/logos/marchands/50.png" alt="Foodland"></td><td><span itemprop="price">$7.99</span><span itemprop="eligibleQuantity" itemscope="" itemtype="http://schema.org/QuantitativeValue">/<span itemprop="unitText">12oz (340g)</span></span></td><td>$23.50/kg</td><td style="display: none;">2020-02-26</td><td style="display: none;"></td><td style="display: none;">house brand</td><td style="display: none;">size 31-40</td><td style="display: none;"></td><td style="display: none;"></td><td style="display: none;"></td><td style="display: none;"></td><td style="display: none;"><a class="recipeLink" href="/recipe_ingredient_search_results.php?query=(_QU5E__1__________502__[]_1_1)">Recipes with shrimps/prawns, medium-large, cooked</a></td></tr><tr role="row" class="odd"><td tabindex="0"><i class="fas fa-hand-rock"></i></td><td class=" not_printable"><div class="addToGL" data-soscuisine-aisle="7" data-soscuisine-sip="3945215"><i class="fa fa-cart-plus" title="Add to My Grocery List"></i><div></div></div></td><td><img class="storeItemImage" itemprop="image" alt="smoked salmon" src="/media/images/store_item/174.jpg"></td><td>smoked salmon</td><td class="not_printable sorting_1">fish &amp; seafood</td><td><img style="width:50%;" src="/media/images/logos/marchands/32.png" alt="Atlantic Superstore"></td><td><span itemprop="price">$14.99</span><span itemprop="eligibleQuantity" itemscope="" itemtype="http://schema.org/QuantitativeValue">/<span itemprop="unitText">300g</span></span></td><td>$49.97/kg</td><td style="display: none;">2020-02-26</td><td style="display: none;">Scotland</td><td style="display: none;">house brand</td><td style="display: none;"></td><td style="display: none;"></td><td style="display: none;"></td><td style="display: none;">frozen</td><td style="display: none;">or Atlantic</td><td style="display: none;"><a class="recipeLink" href="/recipe_ingredient_search_results.php?query=(_QU5E__1__________174__[]_1_1)">Recipes with smoked salmon</a></td></tr><tr role="row" class="even"><td tabindex="0"><i class="fas fa-hand-rock"></i></td><td class=" not_printable"><div class="addToGL" data-soscuisine-aisle="7" data-soscuisine-sip="3943823"><i class="fa fa-cart-plus" title="Add to My Grocery List"></i><div></div></div></td><td><img class="storeItemImage" itemprop="image" alt="smoked salmon" src="/media/images/store_item/174.jpg"></td><td>smoked salmon</td><td class="not_printable sorting_1">fish &amp; seafood</td><td><img style="width:50%;" src="/media/images/logos/marchands/50.png" alt="Foodland"></td><td><span itemprop="price">$10.99</span><span itemprop="eligibleQuantity" itemscope="" itemtype="http://schema.org/QuantitativeValue">/<span itemprop="unitText">200g</span></span></td><td>$54.95/kg</td><td style="display: none;">2020-02-26</td><td style="display: none;"></td><td style="display: none;">house brand</td><td style="display: none;"></td><td style="display: none;"></td><td style="display: none;"></td><td style="display: none;"></td><td style="display: none;"></td><td style="display: none;"><a class="recipeLink" href="/recipe_ingredient_search_results.php?query=(_QU5E__1__________174__[]_1_1)">Recipes with smoked salmon</a></td></tr><tr role="row" class="odd"><td tabindex="0"><i class="fa fa-thumbs-up"></i><i class="fa fa-thumbs-up"></i></td><td class=" not_printable"><div class="addToGL" data-soscuisine-aisle="13" data-soscuisine-sip="3946109"><i class="fa fa-cart-plus" title="Add to My Grocery List"></i><div></div></div></td><td><img class="storeItemImage" alt="almond beverage/milk" src="/media/images/store_item/blank.jpg"></td><td>almond beverage/milk</td><td class="not_printable sorting_1">other refrigerated items</td><td><img style="width:50%;" src="/media/images/logos/marchands/32.png" alt="Atlantic Superstore"></td><td><span itemprop="price">$7.00</span><span itemprop="eligibleQuantity" itemscope="" itemtype="http://schema.org/QuantitativeValue">/<span itemprop="value">2</span>x<span itemprop="unitText">64oz (1.89L)</span></span></td><td>$1.85/L</td><td style="display: none;">2020-02-26</td><td style="display: none;"></td><td style="display: none;">Blue Diamond</td><td style="display: none;"></td><td style="display: none;"></td><td style="display: none;"></td><td style="display: none;"></td><td style="display: none;"></td><td style="display: none;"><a class="recipeLink" href="/recipe_ingredient_search_results.php?query=(_QU5E__1__________986__[]_1_1)">Recipes with almond beverage/milk</a></td></tr><tr role="row" class="even"><td tabindex="0"><i class="fas fa-hand-rock"></i></td><td class=" not_printable"><div class="addToGL" data-soscuisine-aisle="13" data-soscuisine-sip="3946107"><i class="fa fa-cart-plus" title="Add to My Grocery List"></i><div></div></div></td><td><img class="storeItemImage" alt="almond beverage/milk" src="/media/images/store_item/blank.jpg"></td><td>almond beverage/milk</td><td class="not_printable sorting_1">other refrigerated items</td><td><img style="width:50%;" src="/media/images/logos/marchands/32.png" alt="Atlantic Superstore"></td><td><span itemprop="price">$3.99</span><span itemprop="eligibleQuantity" itemscope="" itemtype="http://schema.org/QuantitativeValue">/<span itemprop="unitText">64oz (1.89L)</span></span></td><td>$2.11/L</td><td style="display: none;">2020-02-26</td><td style="display: none;"></td><td style="display: none;">Blue Diamond</td><td style="display: none;"></td><td style="display: none;"></td><td style="display: none;"></td><td style="display: none;"></td><td style="display: none;"></td><td style="display: none;"><a class="recipeLink" href="/recipe_ingredient_search_results.php?query=(_QU5E__1__________986__[]_1_1)">Recipes with almond beverage/milk</a></td></tr><tr role="row" class="odd"><td tabindex="0"><i class="fas fa-hand-rock"></i></td><td class=" not_printable"><div class="addToGL" data-soscuisine-aisle="13" data-soscuisine-sip="3946583"><i class="fa fa-cart-plus" title="Add to My Grocery List"></i><div></div></div></td><td><img class="storeItemImage" alt="almond beverage/milk" src="/media/images/store_item/blank.jpg"></td><td>almond beverage/milk</td><td class="not_printable sorting_1">other refrigerated items</td><td><img style="width:50%;" src="/media/images/logos/marchands/32.png" alt="Atlantic Superstore"></td><td><span itemprop="price">$4.00</span><span itemprop="eligibleQuantity" itemscope="" itemtype="http://schema.org/QuantitativeValue">/<span itemprop="value">2</span>x<span itemprop="unitText">946mL</span></span></td><td>$2.11/L</td><td style="display: none;">2020-02-26</td><td style="display: none;"></td><td style="display: none;">Blue Diamond</td><td style="display: none;"></td><td style="display: none;"></td><td style="display: none;"></td><td style="display: none;"></td><td style="display: none;"></td><td style="display: none;"><a class="recipeLink" href="/recipe_ingredient_search_results.php?query=(_QU5E__1__________986__[]_1_1)">Recipes with almond beverage/milk</a></td></tr><tr role="row" class="even"><td tabindex="0"><i class="fa fa-thumbs-down"></i></td><td class=" not_printable"><div class="addToGL" data-soscuisine-aisle="13" data-soscuisine-sip="3946579"><i class="fa fa-cart-plus" title="Add to My Grocery List"></i><div></div></div></td><td><img class="storeItemImage" alt="almond beverage/milk" src="/media/images/store_item/blank.jpg"></td><td>almond beverage/milk</td><td class="not_printable sorting_1">other refrigerated items</td><td><img style="width:50%;" src="/media/images/logos/marchands/32.png" alt="Atlantic Superstore"></td><td><span itemprop="price">$2.49</span><span itemprop="eligibleQuantity" itemscope="" itemtype="http://schema.org/QuantitativeValue">/<span itemprop="unitText">946mL</span></span></td><td>$2.63/L</td><td style="display: none;">2020-02-26</td><td style="display: none;"></td><td style="display: none;">Blue Diamond</td><td style="display: none;"></td><td style="display: none;"></td><td style="display: none;"></td><td style="display: none;"></td><td style="display: none;"></td><td style="display: none;"><a class="recipeLink" href="/recipe_ingredient_search_results.php?query=(_QU5E__1__________986__[]_1_1)">Recipes with almond beverage/milk</a></td></tr><tr role="row" class="odd"><td tabindex="0"><i class="fa fa-thumbs-down"></i></td><td class=" not_printable"><div class="addToGL" data-soscuisine-aisle="13" data-soscuisine-sip="3943855"><i class="fa fa-cart-plus" title="Add to My Grocery List"></i><div></div></div></td><td><img class="storeItemImage" alt="almond beverage/milk" src="/media/images/store_item/blank.jpg"></td><td>almond beverage/milk</td><td class="not_printable sorting_1">other refrigerated items</td><td><img style="width:50%;" src="/media/images/logos/marchands/50.png" alt="Foodland"></td><td><span itemprop="price">$5.49</span><span itemprop="eligibleQuantity" itemscope="" itemtype="http://schema.org/QuantitativeValue">/<span itemprop="unitText">1.4L</span></span></td><td>$3.92/L</td><td style="display: none;">2020-02-26</td><td style="display: none;"></td><td style="display: none;">Califia</td><td style="display: none;"></td><td style="display: none;"></td><td style="display: none;"></td><td style="display: none;"></td><td style="display: none;"></td><td style="display: none;"><a class="recipeLink" href="/recipe_ingredient_search_results.php?query=(_QU5E__1__________986__[]_1_1)">Recipes with almond beverage/milk</a></td></tr><tr role="row" class="even"><td tabindex="0"><i class="fas fa-hand-rock"></i></td><td class=" not_printable"><div class="addToGL" data-soscuisine-aisle="13" data-soscuisine-sip="3946631"><i class="fa fa-cart-plus" title="Add to My Grocery List"></i><div></div></div></td><td><img class="storeItemImage" alt="almond beverage/milk" src="/media/images/store_item/blank.jpg"></td><td>almond beverage/milk</td><td class="not_printable sorting_1">other refrigerated items</td><td><img style="width:50%;" src="/media/images/logos/marchands/36.png" alt="Sobeys"></td><td><span itemprop="price">$3.99</span><span itemprop="eligibleQuantity" itemscope="" itemtype="http://schema.org/QuantitativeValue">/<span itemprop="unitText">64oz (1.89L)</span></span></td><td>$2.11/L</td><td style="display: none;">2020-02-26</td><td style="display: none;"></td><td style="display: none;">Earth's Own</td><td style="display: none;"></td><td style="display: none;"></td><td style="display: none;"></td><td style="display: none;"></td><td style="display: none;"></td><td style="display: none;"><a class="recipeLink" href="/recipe_ingredient_search_results.php?query=(_QU5E__1__________986__[]_1_1)">Recipes with almond beverage/milk</a></td></tr><tr role="row" class="odd"><td tabindex="0"><i class="fa fa-thumbs-up"></i><i class="fa fa-thumbs-up"></i></td><td class=" not_printable"><div class="addToGL" data-soscuisine-aisle="13" data-soscuisine-sip="3941089"><i class="fa fa-cart-plus" title="Add to My Grocery List"></i><div></div></div></td><td><img class="storeItemImage" alt="almond beverage/milk" src="/media/images/store_item/blank.jpg"></td><td>almond beverage/milk</td><td class="not_printable sorting_1">other refrigerated items</td><td><img style="width:50%;" src="/media/images/logos/marchands/76.png" alt="Walmart"></td><td><span itemprop="price">$7.00</span><span itemprop="eligibleQuantity" itemscope="" itemtype="http://schema.org/QuantitativeValue">/<span itemprop="value">2</span>x<span itemprop="unitText">64oz (1.89L)</span></span></td><td>$1.85/L</td><td style="display: none;">2020-02-26</td><td style="display: none;"></td><td style="display: none;">Silk</td><td style="display: none;"></td><td style="display: none;"></td><td style="display: none;"></td><td style="display: none;"></td><td style="display: none;"></td><td style="display: none;"><a class="recipeLink" href="/recipe_ingredient_search_results.php?query=(_QU5E__1__________986__[]_1_1)">Recipes with almond beverage/milk</a></td></tr><tr role="row" class="even"><td tabindex="0"><i class="fas fa-hand-rock"></i></td><td class=" not_printable"><div class="addToGL" data-soscuisine-aisle="13" data-soscuisine-sip="3941087"><i class="fa fa-cart-plus" title="Add to My Grocery List"></i><div></div></div></td><td><img class="storeItemImage" alt="almond beverage/milk" src="/media/images/store_item/blank.jpg"></td><td>almond beverage/milk</td><td class="not_printable sorting_1">other refrigerated items</td><td><img style="width:50%;" src="/media/images/logos/marchands/76.png" alt="Walmart"></td><td><span itemprop="price">$3.97</span><span itemprop="eligibleQuantity" itemscope="" itemtype="http://schema.org/QuantitativeValue">/<span itemprop="unitText">64oz (1.89L)</span></span></td><td>$2.10/L</td><td style="display: none;">2020-02-26</td><td style="display: none;"></td><td style="display: none;">Silk</td><td style="display: none;"></td><td style="display: none;"></td><td style="display: none;"></td><td style="display: none;"></td><td style="display: none;"></td><td style="display: none;"><a class="recipeLink" href="/recipe_ingredient_search_results.php?query=(_QU5E__1__________986__[]_1_1)">Recipes with almond beverage/milk</a></td></tr><tr role="row" class="odd"><td tabindex="0"><i class="fa fa-thumbs-up"></i></td><td class=" not_printable"><div class="addToGL" data-soscuisine-aisle="13" data-soscuisine-sip="3942913"><i class="fa fa-cart-plus" title="Add to My Grocery List"></i><div></div></div></td><td><img class="storeItemImage" alt="apple juice" src="/media/images/store_item/blank.jpg"></td><td>apple juice</td><td class="not_printable sorting_1">other refrigerated items</td><td><img style="width:50%;" src="/media/images/logos/marchands/100.png" alt="Your Independent Grocer"></td><td><span itemprop="price">$2.49</span><span itemprop="eligibleQuantity" itemscope="" itemtype="http://schema.org/QuantitativeValue">/<span itemprop="unitText">2L</span></span></td><td>$1.25/L</td><td style="display: none;">2020-02-26</td><td style="display: none;"></td><td style="display: none;">Rougemont</td><td style="display: none;"></td><td style="display: none;"></td><td style="display: none;"></td><td style="display: none;"></td><td style="display: none;"></td><td style="display: none;"><a class="recipeLink" href="/recipe_ingredient_search_results.php?query=(_QU5E__1__________366__[]_1_1)">Recipes with apple juice</a></td></tr><tr role="row" class="even"><td tabindex="0"><i class="fas fa-exclamation"></i></td><td class=" not_printable"><div class="addToGL" data-soscuisine-aisle="13" data-soscuisine-sip="3946105"><i class="fa fa-cart-plus" title="Add to My Grocery List"></i><div></div></div></td><td><img class="storeItemImage" alt="coconut beverage" src="/media/images/store_item/blank.jpg"></td><td>coconut beverage</td><td class="not_printable sorting_1">other refrigerated items</td><td><img style="width:50%;" src="/media/images/logos/marchands/32.png" alt="Atlantic Superstore"></td><td><span itemprop="price">$5.00</span><span itemprop="eligibleQuantity" itemscope="" itemtype="http://schema.org/QuantitativeValue">/<span itemprop="value">2</span>x<span itemprop="unitText">946mL</span></span></td><td>$2.64/L</td><td style="display: none;">2020-02-26</td><td style="display: none;"></td><td style="display: none;">Dream</td><td style="display: none;"></td><td style="display: none;"></td><td style="display: none;"></td><td style="display: none;"></td><td style="display: none;"></td><td style="display: none;"></td></tr><tr role="row" class="odd"><td tabindex="0"><i class="fas fa-exclamation"></i></td><td class=" not_printable"><div class="addToGL" data-soscuisine-aisle="13" data-soscuisine-sip="3946103"><i class="fa fa-cart-plus" title="Add to My Grocery List"></i><div></div></div></td><td><img class="storeItemImage" alt="coconut beverage" src="/media/images/store_item/blank.jpg"></td><td>coconut beverage</td><td class="not_printable sorting_1">other refrigerated items</td><td><img style="width:50%;" src="/media/images/logos/marchands/32.png" alt="Atlantic Superstore"></td><td><span itemprop="price">$2.79</span><span itemprop="eligibleQuantity" itemscope="" itemtype="http://schema.org/QuantitativeValue">/<span itemprop="unitText">946mL</span></span></td><td>$2.95/L</td><td style="display: none;">2020-02-26</td><td style="display: none;"></td><td style="display: none;">Dream</td><td style="display: none;"></td><td style="display: none;"></td><td style="display: none;"></td><td style="display: none;"></td><td style="display: none;"></td><td style="display: none;"></td></tr><tr role="row" class="even"><td tabindex="0"><i class="fas fa-hand-rock"></i></td><td class=" not_printable"><div class="addToGL" data-soscuisine-aisle="13" data-soscuisine-sip="3945235"><i class="fa fa-cart-plus" title="Add to My Grocery List"></i><div></div></div></td><td><img class="storeItemImage" alt="hummus spread" src="/media/images/store_item/blank.jpg"></td><td>hummus spread</td><td class="not_printable sorting_1">other refrigerated items</td><td><img style="width:50%;" src="/media/images/logos/marchands/32.png" alt="Atlantic Superstore"></td><td><span itemprop="price">$6.49</span><span itemprop="eligibleQuantity" itemscope="" itemtype="http://schema.org/QuantitativeValue">/<span itemprop="unitText">482g</span></span></td><td>$1.35/100g</td><td style="display: none;">2020-02-26</td><td style="display: none;"></td><td style="display: none;">Sabra</td><td style="display: none;"></td><td style="display: none;"></td><td style="display: none;"></td><td style="display: none;"></td><td style="display: none;"></td><td style="display: none;"><a class="recipeLink" href="/recipe_ingredient_search_results.php?query=(_QU5E__1__________657__[]_1_1)">Recipes with hummus spread</a></td></tr><tr role="row" class="odd"><td tabindex="0"><i class="fa fa-thumbs-down"></i></td><td class=" not_printable"><div class="addToGL" data-soscuisine-aisle="13" data-soscuisine-sip="3943851"><i class="fa fa-cart-plus" title="Add to My Grocery List"></i><div></div></div></td><td><img class="storeItemImage" alt="margarine" src="/media/images/store_item/blank.jpg"></td><td>margarine</td><td class="not_printable sorting_1">other refrigerated items</td><td><img style="width:50%;" src="/media/images/logos/marchands/50.png" alt="Foodland"></td><td><span itemprop="price">$4.99</span><span itemprop="eligibleQuantity" itemscope="" itemtype="http://schema.org/QuantitativeValue">/<span itemprop="unitText">2lb (907g)</span></span></td><td>$0.55/100g</td><td style="display: none;">2020-02-26</td><td style="display: none;"></td><td style="display: none;">Becel</td><td style="display: none;"></td><td style="display: none;"></td><td style="display: none;"></td><td style="display: none;"></td><td style="display: none;"></td><td style="display: none;"><a class="recipeLink" href="/recipe_ingredient_search_results.php?query=(_QU5E__1__________226__[]_1_1)">Recipes with margarine</a></td></tr><tr role="row" class="even"><td tabindex="0"><i class="fa fa-thumbs-up"></i><i class="fa fa-thumbs-up"></i></td><td class=" not_printable"><div class="addToGL" data-soscuisine-aisle="13" data-soscuisine-sip="3942543"><i class="fa fa-cart-plus" title="Add to My Grocery List"></i><div></div></div></td><td><img class="storeItemImage" alt="margarine" src="/media/images/store_item/blank.jpg"></td><td>margarine</td><td class="not_printable sorting_1">other refrigerated items</td><td><img style="width:50%;" src="/media/images/logos/marchands/97.png" alt="No Frills"></td><td><span itemprop="price">$1.00</span><span itemprop="eligibleQuantity" itemscope="" itemtype="http://schema.org/QuantitativeValue">/<span itemprop="unitText">454g (1lb)</span></span></td><td>$0.22/100g</td><td style="display: none;">2020-02-26</td><td style="display: none;"></td><td style="display: none;">IcBin (Becel)</td><td style="display: none;"></td><td style="display: none;"></td><td style="display: none;"></td><td style="display: none;"></td><td style="display: none;"></td><td style="display: none;"><a class="recipeLink" href="/recipe_ingredient_search_results.php?query=(_QU5E__1__________226__[]_1_1)">Recipes with margarine</a></td></tr><tr role="row" class="odd"><td tabindex="0"><i class="fas fa-hand-rock"></i></td><td class=" not_printable"><div class="addToGL" data-soscuisine-aisle="13" data-soscuisine-sip="3941097"><i class="fa fa-cart-plus" title="Add to My Grocery List"></i><div></div></div></td><td><img class="storeItemImage" alt="margarine" src="/media/images/store_item/blank.jpg"></td><td>margarine</td><td class="not_printable sorting_1">other refrigerated items</td><td><img style="width:50%;" src="/media/images/logos/marchands/76.png" alt="Walmart"></td><td><span itemprop="price">$3.97</span><span itemprop="eligibleQuantity" itemscope="" itemtype="http://schema.org/QuantitativeValue">/<span itemprop="unitText">2lb (907g)</span></span></td><td>$0.44/100g</td><td style="display: none;">2020-02-26</td><td style="display: none;"></td><td style="display: none;">Becel</td><td style="display: none;"></td><td style="display: none;"></td><td style="display: none;"></td><td style="display: none;"></td><td style="display: none;">participating stores</td><td style="display: none;"><a class="recipeLink" href="/recipe_ingredient_search_results.php?query=(_QU5E__1__________226__[]_1_1)">Recipes with margarine</a></td></tr><tr role="row" class="even"><td tabindex="0"><i class="fas fa-hand-rock"></i></td><td class=" not_printable"><div class="addToGL" data-soscuisine-aisle="13" data-soscuisine-sip="3942291"><i class="fa fa-cart-plus" title="Add to My Grocery List"></i><div></div></div></td><td><img class="storeItemImage" alt="margarine" src="/media/images/store_item/blank.jpg"></td><td>margarine</td><td class="not_printable sorting_1">other refrigerated items</td><td><img style="width:50%;" src="/media/images/logos/marchands/100.png" alt="Your Independent Grocer"></td><td><span itemprop="price">$3.99</span><span itemprop="eligibleQuantity" itemscope="" itemtype="http://schema.org/QuantitativeValue">/<span itemprop="unitText">2lb (907g)</span></span></td><td>$0.44/100g</td><td style="display: none;">2020-02-26</td><td style="display: none;"></td><td style="display: none;">Becel</td><td style="display: none;"></td><td style="display: none;"></td><td style="display: none;"></td><td style="display: none;"></td><td style="display: none;"></td><td style="display: none;"><a class="recipeLink" href="/recipe_ingredient_search_results.php?query=(_QU5E__1__________226__[]_1_1)">Recipes with margarine</a></td></tr><tr role="row" class="odd"><td tabindex="0"><i class="fa fa-thumbs-down"></i></td><td class=" not_printable"><div class="addToGL" data-soscuisine-aisle="13" data-soscuisine-sip="3946445"><i class="fa fa-cart-plus" title="Add to My Grocery List"></i><div></div></div></td><td><img class="storeItemImage" alt="orange juice" src="/media/images/store_item/blank.jpg"></td><td>orange juice</td><td class="not_printable sorting_1">other refrigerated items</td><td><img style="width:50%;" src="/media/images/logos/marchands/32.png" alt="Atlantic Superstore"></td><td><span itemprop="price">$5.99</span><span itemprop="eligibleQuantity" itemscope="" itemtype="http://schema.org/QuantitativeValue">/<span itemprop="unitText">89oz (2.63L)</span></span></td><td>$2.28/L</td><td style="display: none;">2020-02-26</td><td style="display: none;"></td><td style="display: none;">Tropicana</td><td style="display: none;"></td><td style="display: none;"></td><td style="display: none;"></td><td style="display: none;"></td><td style="display: none;"></td><td style="display: none;"><a class="recipeLink" href="/recipe_ingredient_search_results.php?query=(_QU5E__1__________370__[]_1_1)">Recipes with orange juice</a></td></tr><tr role="row" class="even"><td tabindex="0"><i class="fas fa-hand-rock"></i></td><td class=" not_printable"><div class="addToGL" data-soscuisine-aisle="13" data-soscuisine-sip="3943903"><i class="fa fa-cart-plus" title="Add to My Grocery List"></i><div></div></div></td><td><img class="storeItemImage" alt="orange juice" src="/media/images/store_item/blank.jpg"></td><td>orange juice</td><td class="not_printable sorting_1">other refrigerated items</td><td><img style="width:50%;" src="/media/images/logos/marchands/50.png" alt="Foodland"></td><td><span itemprop="price">$2.99</span><span itemprop="eligibleQuantity" itemscope="" itemtype="http://schema.org/QuantitativeValue">/<span itemprop="unitText">1,65L</span></span></td><td>$1.81/L</td><td style="display: none;">2020-02-26</td><td style="display: none;"></td><td style="display: none;">house brand</td><td style="display: none;"></td><td style="display: none;"></td><td style="display: none;"></td><td style="display: none;"></td><td style="display: none;"></td><td style="display: none;"><a class="recipeLink" href="/recipe_ingredient_search_results.php?query=(_QU5E__1__________370__[]_1_1)">Recipes with orange juice</a></td></tr><tr role="row" class="odd"><td tabindex="0"><i class="fa fa-thumbs-down"></i></td><td class=" not_printable"><div class="addToGL" data-soscuisine-aisle="13" data-soscuisine-sip="3946383"><i class="fa fa-cart-plus" title="Add to My Grocery List"></i><div></div></div></td><td><img class="storeItemImage" alt="orange juice" src="/media/images/store_item/blank.jpg"></td><td>orange juice</td><td class="not_printable sorting_1">other refrigerated items</td><td><img style="width:50%;" src="/media/images/logos/marchands/36.png" alt="Sobeys"></td><td><span itemprop="price">$5.99</span><span itemprop="eligibleQuantity" itemscope="" itemtype="http://schema.org/QuantitativeValue">/<span itemprop="unitText">89oz (2.63L)</span></span></td><td>$2.28/L</td><td style="display: none;">2020-02-26</td><td style="display: none;"></td><td style="display: none;">Tropicana</td><td style="display: none;"></td><td style="display: none;"></td><td style="display: none;"></td><td style="display: none;"></td><td style="display: none;"></td><td style="display: none;"><a class="recipeLink" href="/recipe_ingredient_search_results.php?query=(_QU5E__1__________370__[]_1_1)">Recipes with orange juice</a></td></tr><tr role="row" class="even"><td tabindex="0"><i class="fa fa-thumbs-down"></i></td><td class=" not_printable"><div class="addToGL" data-soscuisine-aisle="13" data-soscuisine-sip="3946391"><i class="fa fa-cart-plus" title="Add to My Grocery List"></i><div></div></div></td><td><img class="storeItemImage" alt="orange juice" src="/media/images/store_item/blank.jpg"></td><td>orange juice</td><td class="not_printable sorting_1">other refrigerated items</td><td><img style="width:50%;" src="/media/images/logos/marchands/36.png" alt="Sobeys"></td><td><span itemprop="price">$3.99</span><span itemprop="eligibleQuantity" itemscope="" itemtype="http://schema.org/QuantitativeValue">/<span itemprop="unitText">1.54L</span></span></td><td>$2.59/L</td><td style="display: none;">2020-02-26</td><td style="display: none;"></td><td style="display: none;">Tropicana</td><td style="display: none;"></td><td style="display: none;"></td><td style="display: none;"></td><td style="display: none;"></td><td style="display: none;"></td><td style="display: none;"><a class="recipeLink" href="/recipe_ingredient_search_results.php?query=(_QU5E__1__________370__[]_1_1)">Recipes with orange juice</a></td></tr><tr role="row" class="odd"><td tabindex="0"><i class="fas fa-hand-rock"></i></td><td class=" not_printable"><div class="addToGL" data-soscuisine-aisle="13" data-soscuisine-sip="3941095"><i class="fa fa-cart-plus" title="Add to My Grocery List"></i><div></div></div></td><td><img class="storeItemImage" alt="orange juice" src="/media/images/store_item/blank.jpg"></td><td>orange juice</td><td class="not_printable sorting_1">other refrigerated items</td><td><img style="width:50%;" src="/media/images/logos/marchands/76.png" alt="Walmart"></td><td><span itemprop="price">$4.97</span><span itemprop="eligibleQuantity" itemscope="" itemtype="http://schema.org/QuantitativeValue">/<span itemprop="unitText">89oz (2.63L)</span></span></td><td>$1.89/L</td><td style="display: none;">2020-02-26</td><td style="display: none;"></td><td style="display: none;">Tropicana</td><td style="display: none;"></td><td style="display: none;"></td><td style="display: none;"></td><td style="display: none;"></td><td style="display: none;">participating stores</td><td style="display: none;"><a class="recipeLink" href="/recipe_ingredient_search_results.php?query=(_QU5E__1__________370__[]_1_1)">Recipes with orange juice</a></td></tr><tr role="row" class="even"><td tabindex="0"><i class="fa fa-thumbs-up"></i></td><td class=" not_printable"><div class="addToGL" data-soscuisine-aisle="13" data-soscuisine-sip="3942743"><i class="fa fa-cart-plus" title="Add to My Grocery List"></i><div></div></div></td><td><img class="storeItemImage" alt="orange juice" src="/media/images/store_item/blank.jpg"></td><td>orange juice</td><td class="not_printable sorting_1">other refrigerated items</td><td><img style="width:50%;" src="/media/images/logos/marchands/100.png" alt="Your Independent Grocer"></td><td><span itemprop="price">$2.99</span><span itemprop="eligibleQuantity" itemscope="" itemtype="http://schema.org/QuantitativeValue">/<span itemprop="unitText">59oz (1.75L)</span></span></td><td>$1.71/L</td><td style="display: none;">2020-02-26</td><td style="display: none;"></td><td style="display: none;">house brand</td><td style="display: none;"></td><td style="display: none;"></td><td style="display: none;"></td><td style="display: none;"></td><td style="display: none;"></td><td style="display: none;"><a class="recipeLink" href="/recipe_ingredient_search_results.php?query=(_QU5E__1__________370__[]_1_1)">Recipes with orange juice</a></td></tr><tr role="row" class="odd"><td tabindex="0"><i class="fas fa-hand-rock"></i></td><td class=" not_printable"><div class="addToGL" data-soscuisine-aisle="13" data-soscuisine-sip="3942301"><i class="fa fa-cart-plus" title="Add to My Grocery List"></i><div></div></div></td><td><img class="storeItemImage" alt="orange juice" src="/media/images/store_item/blank.jpg"></td><td>orange juice</td><td class="not_printable sorting_1">other refrigerated items</td><td><img style="width:50%;" src="/media/images/logos/marchands/100.png" alt="Your Independent Grocer"></td><td><span itemprop="price">$4.99</span><span itemprop="eligibleQuantity" itemscope="" itemtype="http://schema.org/QuantitativeValue">/<span itemprop="unitText">89oz (2.63L)</span></span></td><td>$1.90/L</td><td style="display: none;">2020-02-26</td><td style="display: none;"></td><td style="display: none;">Tropicana</td><td style="display: none;"></td><td style="display: none;"></td><td style="display: none;"></td><td style="display: none;"></td><td style="display: none;"></td><td style="display: none;"><a class="recipeLink" href="/recipe_ingredient_search_results.php?query=(_QU5E__1__________370__[]_1_1)">Recipes with orange juice</a></td></tr><tr role="row" class="even"><td tabindex="0"><i class="fas fa-hand-rock"></i></td><td class=" not_printable"><div class="addToGL" data-soscuisine-aisle="13" data-soscuisine-sip="3945225"><i class="fa fa-cart-plus" title="Add to My Grocery List"></i><div></div></div></td><td><img class="storeItemImage" alt="stuffed fresh pasta" src="/media/images/store_item/blank.jpg"></td><td>stuffed fresh pasta</td><td class="not_printable sorting_1">other refrigerated items</td><td><img style="width:50%;" src="/media/images/logos/marchands/32.png" alt="Atlantic Superstore"></td><td><span itemprop="price">$3.99</span><span itemprop="eligibleQuantity" itemscope="" itemtype="http://schema.org/QuantitativeValue">/<span itemprop="unitText">350g</span></span></td><td>$11.40/kg</td><td style="display: none;">2020-02-26</td><td style="display: none;"></td><td style="display: none;">Ziggy's</td><td style="display: none;"></td><td style="display: none;"></td><td style="display: none;"></td><td style="display: none;"></td><td style="display: none;"></td><td style="display: none;"><a class="recipeLink" href="/recipe_ingredient_search_results.php?query=(_QU5E__1__________441__[]_1_1)">Recipes with stuffed fresh pasta</a></td></tr><tr role="row" class="odd"><td tabindex="0"><i class="fas fa-exclamation"></i></td><td class=" not_printable"><div class="addToGL" data-soscuisine-aisle="13" data-soscuisine-sip="3942501"><i class="fa fa-cart-plus" title="Add to My Grocery List"></i><div></div></div></td><td><img class="storeItemImage" alt="tofu, soft/silken" src="/media/images/store_item/blank.jpg"></td><td>tofu, soft/silken</td><td class="not_printable sorting_1">other refrigerated items</td><td><img style="width:50%;" src="/media/images/logos/marchands/97.png" alt="No Frills"></td><td><span itemprop="price">$1.00</span><span itemprop="eligibleQuantity" itemscope="" itemtype="http://schema.org/QuantitativeValue">/<span itemprop="value">2</span>x<span itemprop="unitText">5.3oz (150g)</span></span></td><td>$3.33/kg</td><td style="display: none;">2020-02-26</td><td style="display: none;"></td><td style="display: none;">Sunrise</td><td style="display: none;"></td><td style="display: none;"></td><td style="display: none;"></td><td style="display: none;"></td><td style="display: none;"></td><td style="display: none;"><a class="recipeLink" href="/recipe_ingredient_search_results.php?query=(_QU5E__1__________410__[]_1_1)">Recipes with tofu, soft/silken</a></td></tr><tr role="row" class="even"><td tabindex="0"><i class="fas fa-hand-rock"></i></td><td class=" not_printable"><div class="addToGL" data-soscuisine-aisle="8" data-soscuisine-sip="3946347"><i class="fa fa-cart-plus" title="Add to My Grocery List"></i><div></div></div></td><td><img class="storeItemImage" alt="berries, frozen" src="/media/images/store_item/blank.jpg"></td><td>berries, frozen</td><td class="not_printable sorting_1">frozen foods</td><td><img style="width:50%;" src="/media/images/logos/marchands/36.png" alt="Sobeys"></td><td><span itemprop="price">$4.99</span><span itemprop="eligibleQuantity" itemscope="" itemtype="http://schema.org/QuantitativeValue">/<span itemprop="unitText">600g</span></span></td><td>$8.32/kg</td><td style="display: none;">2020-02-26</td><td style="display: none;"></td><td style="display: none;">Nature's Touch</td><td style="display: none;"></td><td style="display: none;">various types</td><td style="display: none;"></td><td style="display: none;"></td><td style="display: none;"></td><td style="display: none;"><a class="recipeLink" href="/recipe_ingredient_search_results.php?query=(_QU5E__1__________464__[]_1_1)">Recipes with berries, frozen</a></td></tr><tr role="row" class="odd"><td tabindex="0"><i class="fas fa-hand-rock"></i></td><td class=" not_printable"><div class="addToGL" data-soscuisine-aisle="8" data-soscuisine-sip="3941101"><i class="fa fa-cart-plus" title="Add to My Grocery List"></i><div></div></div></td><td><img class="storeItemImage" alt="berries, frozen" src="/media/images/store_item/blank.jpg"></td><td>berries, frozen</td><td class="not_printable sorting_1">frozen foods</td><td><img style="width:50%;" src="/media/images/logos/marchands/76.png" alt="Walmart"></td><td><span itemprop="price">$4.87</span><span itemprop="eligibleQuantity" itemscope="" itemtype="http://schema.org/QuantitativeValue">/<span itemprop="unitText">600g</span></span></td><td>$8.12/kg</td><td style="display: none;">2020-02-26</td><td style="display: none;"></td><td style="display: none;">house brand</td><td style="display: none;"></td><td style="display: none;">various types</td><td style="display: none;"></td><td style="display: none;"></td><td style="display: none;"></td><td style="display: none;"><a class="recipeLink" href="/recipe_ingredient_search_results.php?query=(_QU5E__1__________464__[]_1_1)">Recipes with berries, frozen</a></td></tr><tr role="row" class="even"><td tabindex="0"><i class="fas fa-hand-rock"></i></td><td class=" not_printable"><div class="addToGL" data-soscuisine-aisle="8" data-soscuisine-sip="3942337"><i class="fa fa-cart-plus" title="Add to My Grocery List"></i><div></div></div></td><td><img class="storeItemImage" alt="berries, frozen" src="/media/images/store_item/blank.jpg"></td><td>berries, frozen</td><td class="not_printable sorting_1">frozen foods</td><td><img style="width:50%;" src="/media/images/logos/marchands/100.png" alt="Your Independent Grocer"></td><td><span itemprop="price">$9.00</span><span itemprop="eligibleQuantity" itemscope="" itemtype="http://schema.org/QuantitativeValue">/<span itemprop="value">2</span>x<span itemprop="unitText">600g</span></span></td><td>$7.50/kg</td><td style="display: none;">2020-02-26</td><td style="display: none;"></td><td style="display: none;">house brand</td><td style="display: none;"></td><td style="display: none;"></td><td style="display: none;"></td><td style="display: none;"></td><td style="display: none;"></td><td style="display: none;"><a class="recipeLink" href="/recipe_ingredient_search_results.php?query=(_QU5E__1__________464__[]_1_1)">Recipes with berries, frozen</a></td></tr><tr role="row" class="odd"><td tabindex="0"><i class="fas fa-hand-rock"></i></td><td class=" not_printable"><div class="addToGL" data-soscuisine-aisle="8" data-soscuisine-sip="3942339"><i class="fa fa-cart-plus" title="Add to My Grocery List"></i><div></div></div></td><td><img class="storeItemImage" alt="berries, frozen" src="/media/images/store_item/blank.jpg"></td><td>berries, frozen</td><td class="not_printable sorting_1">frozen foods</td><td><img style="width:50%;" src="/media/images/logos/marchands/100.png" alt="Your Independent Grocer"></td><td><span itemprop="price">$4.99</span><span itemprop="eligibleQuantity" itemscope="" itemtype="http://schema.org/QuantitativeValue">/<span itemprop="unitText">600g</span></span></td><td>$8.32/kg</td><td style="display: none;">2020-02-26</td><td style="display: none;"></td><td style="display: none;">house brand</td><td style="display: none;"></td><td style="display: none;"></td><td style="display: none;"></td><td style="display: none;"></td><td style="display: none;"></td><td style="display: none;"><a class="recipeLink" href="/recipe_ingredient_search_results.php?query=(_QU5E__1__________464__[]_1_1)">Recipes with berries, frozen</a></td></tr><tr role="row" class="even"><td tabindex="0"><i class="fas fa-hand-rock"></i></td><td class=" not_printable"><div class="addToGL" data-soscuisine-aisle="8" data-soscuisine-sip="3941099"><i class="fa fa-cart-plus" title="Add to My Grocery List"></i><div></div></div></td><td><img class="storeItemImage" alt="frozen dessert" src="/media/images/store_item/blank.jpg"></td><td>frozen dessert</td><td class="not_printable sorting_1">frozen foods</td><td><img style="width:50%;" src="/media/images/logos/marchands/76.png" alt="Walmart"></td><td><span itemprop="price">$2.97</span><span itemprop="eligibleQuantity" itemscope="" itemtype="http://schema.org/QuantitativeValue">/<span itemprop="unitText">1,5L</span></span></td><td>$3.26/kg</td><td style="display: none;">2020-02-26</td><td style="display: none;"></td><td style="display: none;">Nestle</td><td style="display: none;"></td><td style="display: none;"></td><td style="display: none;"></td><td style="display: none;"></td><td style="display: none;"></td><td style="display: none;"></td></tr><tr role="row" class="odd"><td tabindex="0"><i class="fas fa-exclamation"></i></td><td class=" not_printable"><div class="addToGL" data-soscuisine-aisle="8" data-soscuisine-sip="3946099"><i class="fa fa-cart-plus" title="Add to My Grocery List"></i><div></div></div></td><td><img class="storeItemImage" alt="ice cream, lactose-free" src="/media/images/store_item/blank.jpg"></td><td>ice cream, lactose-free</td><td class="not_printable sorting_1">frozen foods</td><td><img style="width:50%;" src="/media/images/logos/marchands/32.png" alt="Atlantic Superstore"></td><td><span itemprop="price">$3.99</span><span itemprop="eligibleQuantity" itemscope="" itemtype="http://schema.org/QuantitativeValue">/<span itemprop="unitText">16oz (473mL)</span></span></td><td>$13.87/kg</td><td style="display: none;">2020-02-26</td><td style="display: none;"></td><td style="display: none;">Natrel</td><td style="display: none;"></td><td style="display: none;"></td><td style="display: none;"></td><td style="display: none;"></td><td style="display: none;"></td><td style="display: none;"><a class="recipeLink" href="/recipe_ingredient_search_results.php?query=(_QU5E__1__________1147__[]_1_1)">Recipes with ice cream, lactose-free</a></td></tr><tr role="row" class="even"><td tabindex="0"><i class="fas fa-hand-rock"></i></td><td class=" not_printable"><div class="addToGL" data-soscuisine-aisle="8" data-soscuisine-sip="3946419"><i class="fa fa-cart-plus" title="Add to My Grocery List"></i><div></div></div></td><td><img class="storeItemImage" alt="vanilla ice cream" src="/media/images/store_item/blank.jpg"></td><td>vanilla ice cream</td><td class="not_printable sorting_1">frozen foods</td><td><img style="width:50%;" src="/media/images/logos/marchands/32.png" alt="Atlantic Superstore"></td><td><span itemprop="price">$3.99</span><span itemprop="eligibleQuantity" itemscope="" itemtype="http://schema.org/QuantitativeValue">/<span itemprop="unitText">1,5L</span></span></td><td>$4.38/kg</td><td style="display: none;">2020-02-26</td><td style="display: none;"></td><td style="display: none;">Scotsburn</td><td style="display: none;"></td><td style="display: none;"></td><td style="display: none;"></td><td style="display: none;"></td><td style="display: none;"></td><td style="display: none;"><a class="recipeLink" href="/recipe_ingredient_search_results.php?query=(_QU5E__1__________362__[]_1_1)">Recipes with vanilla ice cream</a></td></tr><tr role="row" class="odd"><td tabindex="0"><i class="fa fa-thumbs-up"></i><i class="fa fa-thumbs-up"></i></td><td class=" not_printable"><div class="addToGL" data-soscuisine-aisle="8" data-soscuisine-sip="3943611"><i class="fa fa-cart-plus" title="Add to My Grocery List"></i><div></div></div></td><td><img class="storeItemImage" alt="vanilla ice cream" src="/media/images/store_item/blank.jpg"></td><td>vanilla ice cream</td><td class="not_printable sorting_1">frozen foods</td><td><img style="width:50%;" src="/media/images/logos/marchands/50.png" alt="Foodland"></td><td><span itemprop="price">$2.99</span><span itemprop="eligibleQuantity" itemscope="" itemtype="http://schema.org/QuantitativeValue">/<span itemprop="unitText">2L</span></span></td><td>$2.46/kg</td><td style="display: none;">2020-02-26</td><td style="display: none;"></td><td style="display: none;">Chapman's</td><td style="display: none;"></td><td style="display: none;"></td><td style="display: none;"></td><td style="display: none;"></td><td style="display: none;"></td><td style="display: none;"><a class="recipeLink" href="/recipe_ingredient_search_results.php?query=(_QU5E__1__________362__[]_1_1)">Recipes with vanilla ice cream</a></td></tr><tr role="row" class="even"><td tabindex="0"><i class="fas fa-hand-rock"></i></td><td class=" not_printable"><div class="addToGL" data-soscuisine-aisle="8" data-soscuisine-sip="3946611"><i class="fa fa-cart-plus" title="Add to My Grocery List"></i><div></div></div></td><td><img class="storeItemImage" alt="vanilla ice cream" src="/media/images/store_item/blank.jpg"></td><td>vanilla ice cream</td><td class="not_printable sorting_1">frozen foods</td><td><img style="width:50%;" src="/media/images/logos/marchands/36.png" alt="Sobeys"></td><td><span itemprop="price">$4.99</span><span itemprop="eligibleQuantity" itemscope="" itemtype="http://schema.org/QuantitativeValue">/<span itemprop="unitText">1,66L</span></span></td><td>$4.94/kg</td><td style="display: none;">2020-02-26</td><td style="display: none;"></td><td style="display: none;">Breyers</td><td style="display: none;"></td><td style="display: none;"></td><td style="display: none;"></td><td style="display: none;"></td><td style="display: none;"></td><td style="display: none;"><a class="recipeLink" href="/recipe_ingredient_search_results.php?query=(_QU5E__1__________362__[]_1_1)">Recipes with vanilla ice cream</a></td></tr><tr role="row" class="odd"><td tabindex="0"><i class="fa fa-thumbs-down"></i></td><td class=" not_printable"><div class="addToGL" data-soscuisine-aisle="8" data-soscuisine-sip="3946095"><i class="fa fa-cart-plus" title="Add to My Grocery List"></i><div></div></div></td><td><img class="storeItemImage" alt="vegetables, frozen" src="/media/images/store_item/blank.jpg"></td><td>vegetables, frozen</td><td class="not_printable sorting_1">frozen foods</td><td><img style="width:50%;" src="/media/images/logos/marchands/32.png" alt="Atlantic Superstore"></td><td><span itemprop="price">$7.00</span><span itemprop="eligibleQuantity" itemscope="" itemtype="http://schema.org/QuantitativeValue">/<span itemprop="value">2</span>x<span itemprop="unitText">750g</span></span></td><td>$4.67/kg</td><td style="display: none;">2020-02-26</td><td style="display: none;"></td><td style="display: none;">house brand</td><td style="display: none;"></td><td style="display: none;">various types</td><td style="display: none;"></td><td style="display: none;"></td><td style="display: none;"></td><td style="display: none;"><a class="recipeLink" href="/recipe_ingredient_search_results.php?query=(_QU5E__1__________350__[]_1_1)">Recipes with vegetables, frozen</a></td></tr><tr role="row" class="even"><td tabindex="0"><i class="fa fa-thumbs-down"></i></td><td class=" not_printable"><div class="addToGL" data-soscuisine-aisle="8" data-soscuisine-sip="3946093"><i class="fa fa-cart-plus" title="Add to My Grocery List"></i><div></div></div></td><td><img class="storeItemImage" alt="vegetables, frozen" src="/media/images/store_item/blank.jpg"></td><td>vegetables, frozen</td><td class="not_printable sorting_1">frozen foods</td><td><img style="width:50%;" src="/media/images/logos/marchands/32.png" alt="Atlantic Superstore"></td><td><span itemprop="price">$3.99</span><span itemprop="eligibleQuantity" itemscope="" itemtype="http://schema.org/QuantitativeValue">/<span itemprop="unitText">750g</span></span></td><td>$5.32/kg</td><td style="display: none;">2020-02-26</td><td style="display: none;"></td><td style="display: none;">house brand</td><td style="display: none;"></td><td style="display: none;">various types</td><td style="display: none;"></td><td style="display: none;"></td><td style="display: none;"></td><td style="display: none;"><a class="recipeLink" href="/recipe_ingredient_search_results.php?query=(_QU5E__1__________350__[]_1_1)">Recipes with vegetables, frozen</a></td></tr><tr role="row" class="odd"><td tabindex="0"><i class="fa fa-thumbs-down"></i></td><td class=" not_printable"><div class="addToGL" data-soscuisine-aisle="8" data-soscuisine-sip="3943841"><i class="fa fa-cart-plus" title="Add to My Grocery List"></i><div></div></div></td><td><img class="storeItemImage" alt="vegetables, frozen" src="/media/images/store_item/blank.jpg"></td><td>vegetables, frozen</td><td class="not_printable sorting_1">frozen foods</td><td><img style="width:50%;" src="/media/images/logos/marchands/50.png" alt="Foodland"></td><td><span itemprop="price">$2.79</span><span itemprop="eligibleQuantity" itemscope="" itemtype="http://schema.org/QuantitativeValue">/<span itemprop="unitText">500g</span></span></td><td>$5.58/kg</td><td style="display: none;">2020-02-26</td><td style="display: none;"></td><td style="display: none;">Green Giant</td><td style="display: none;"></td><td style="display: none;"></td><td style="display: none;"></td><td style="display: none;"></td><td style="display: none;"></td><td style="display: none;"><a class="recipeLink" href="/recipe_ingredient_search_results.php?query=(_QU5E__1__________350__[]_1_1)">Recipes with vegetables, frozen</a></td></tr><tr role="row" class="even"><td tabindex="0"><i class="fa fa-thumbs-down"></i></td><td class=" not_printable"><div class="addToGL" data-soscuisine-aisle="8" data-soscuisine-sip="3946361"><i class="fa fa-cart-plus" title="Add to My Grocery List"></i><div></div></div></td><td><img class="storeItemImage" alt="vegetables, frozen" src="/media/images/store_item/blank.jpg"></td><td>vegetables, frozen</td><td class="not_printable sorting_1">frozen foods</td><td><img style="width:50%;" src="/media/images/logos/marchands/36.png" alt="Sobeys"></td><td><span itemprop="price">$2.99</span><span itemprop="eligibleQuantity" itemscope="" itemtype="http://schema.org/QuantitativeValue">/<span itemprop="unitText">500g</span></span></td><td>$5.98/kg</td><td style="display: none;">2020-02-26</td><td style="display: none;"></td><td style="display: none;">house brand</td><td style="display: none;"></td><td style="display: none;">various types</td><td style="display: none;"></td><td style="display: none;"></td><td style="display: none;"></td><td style="display: none;"><a class="recipeLink" href="/recipe_ingredient_search_results.php?query=(_QU5E__1__________350__[]_1_1)">Recipes with vegetables, frozen</a></td></tr><tr role="row" class="odd"><td tabindex="0"><i class="fas fa-hand-rock"></i></td><td class=" not_printable"><div class="addToGL" data-soscuisine-aisle="8" data-soscuisine-sip="3946355"><i class="fa fa-cart-plus" title="Add to My Grocery List"></i><div></div></div></td><td><img class="storeItemImage" alt="waffles" src="/media/images/store_item/blank.jpg"></td><td>waffles</td><td class="not_printable sorting_1">frozen foods</td><td><img style="width:50%;" src="/media/images/logos/marchands/36.png" alt="Sobeys"></td><td><span itemprop="price">$4.99</span><span itemprop="eligibleQuantity" itemscope="" itemtype="http://schema.org/QuantitativeValue">/<span itemprop="unitText">560g</span></span></td><td>$0.89/100g</td><td style="display: none;">2020-02-26</td><td style="display: none;"></td><td style="display: none;">Eggo (Kellogg's)</td><td style="display: none;"></td><td style="display: none;"></td><td style="display: none;"></td><td style="display: none;"></td><td style="display: none;"></td><td style="display: none;"><a class="recipeLink" href="/recipe_ingredient_search_results.php?query=(_QU5E__1__________1110__[]_1_1)">Recipes with waffles</a></td></tr><tr role="row" class="even"><td tabindex="0"><i class="fa fa-thumbs-up"></i><i class="fa fa-thumbs-up"></i></td><td class=" not_printable"><div class="addToGL" data-soscuisine-aisle="9" data-soscuisine-sip="3942511"><i class="fa fa-cart-plus" title="Add to My Grocery List"></i><div></div></div></td><td><img class="storeItemImage" alt="instant noodles" src="/media/images/store_item/blank.jpg"></td><td>instant noodles</td><td class="not_printable sorting_1">pasta, rice &amp; grains</td><td><img style="width:50%;" src="/media/images/logos/marchands/97.png" alt="No Frills"></td><td><span itemprop="price">$0.25</span><span itemprop="eligibleQuantity" itemscope="" itemtype="http://schema.org/QuantitativeValue">/<span itemprop="unitText">85g (3oz)</span></span></td><td>$2.94/kg</td><td style="display: none;">2020-02-26</td><td style="display: none;"></td><td style="display: none;">Mr. Noodles</td><td style="display: none;"></td><td style="display: none;"></td><td style="display: none;"></td><td style="display: none;"></td><td style="display: none;"></td><td style="display: none;"><a class="recipeLink" href="/recipe_ingredient_search_results.php?query=(_QU5E__1__________1024__[]_1_1)">Recipes with instant noodles</a></td></tr><tr role="row" class="odd"><td tabindex="0"><i class="fa fa-thumbs-up"></i></td><td class=" not_printable"><div class="addToGL" data-soscuisine-aisle="9" data-soscuisine-sip="3946561"><i class="fa fa-cart-plus" title="Add to My Grocery List"></i><div></div></div></td><td><img class="storeItemImage" alt="pasta" src="/media/images/store_item/blank.jpg"></td><td>pasta</td><td class="not_printable sorting_1">pasta, rice &amp; grains</td><td><img style="width:50%;" src="/media/images/logos/marchands/32.png" alt="Atlantic Superstore"></td><td><span itemprop="price">$4.98</span><span itemprop="eligibleQuantity" itemscope="" itemtype="http://schema.org/QuantitativeValue">/<span itemprop="value">3</span>x<span itemprop="unitText">900g</span></span></td><td>$1.84/kg</td><td style="display: none;">2020-02-26</td><td style="display: none;"></td><td style="display: none;">Ilios</td><td style="display: none;"></td><td style="display: none;"></td><td style="display: none;"></td><td style="display: none;"></td><td style="display: none;"></td><td style="display: none;"><a class="recipeLink" href="/recipe_ingredient_search_results.php?query=(_QU5E__1__________573__[]_1_1)">Recipes with pasta</a></td></tr><tr role="row" class="even"><td tabindex="0"><i class="fas fa-hand-rock"></i></td><td class=" not_printable"><div class="addToGL" data-soscuisine-aisle="9" data-soscuisine-sip="3946487"><i class="fa fa-cart-plus" title="Add to My Grocery List"></i><div></div></div></td><td><img class="storeItemImage" alt="pasta" src="/media/images/store_item/blank.jpg"></td><td>pasta</td><td class="not_printable sorting_1">pasta, rice &amp; grains</td><td><img style="width:50%;" src="/media/images/logos/marchands/32.png" alt="Atlantic Superstore"></td><td><span itemprop="price">$1.99</span><span itemprop="eligibleQuantity" itemscope="" itemtype="http://schema.org/QuantitativeValue">/<span itemprop="unitText">900g</span></span></td><td>$2.21/kg</td><td style="display: none;">2020-02-26</td><td style="display: none;"></td><td style="display: none;">Italpasta</td><td style="display: none;"></td><td style="display: none;"></td><td style="display: none;"></td><td style="display: none;"></td><td style="display: none;"></td><td style="display: none;"><a class="recipeLink" href="/recipe_ingredient_search_results.php?query=(_QU5E__1__________573__[]_1_1)">Recipes with pasta</a></td></tr><tr role="row" class="odd"><td tabindex="0"><i class="fa fa-thumbs-up"></i></td><td class=" not_printable"><div class="addToGL" data-soscuisine-aisle="9" data-soscuisine-sip="3946523"><i class="fa fa-cart-plus" title="Add to My Grocery List"></i><div></div></div></td><td><img class="storeItemImage" alt="pasta" src="/media/images/store_item/blank.jpg"></td><td>pasta</td><td class="not_printable sorting_1">pasta, rice &amp; grains</td><td><img style="width:50%;" src="/media/images/logos/marchands/36.png" alt="Sobeys"></td><td><span itemprop="price">$4.98</span><span itemprop="eligibleQuantity" itemscope="" itemtype="http://schema.org/QuantitativeValue">/<span itemprop="value">3</span>x<span itemprop="unitText">900g</span></span></td><td>$1.84/kg</td><td style="display: none;">2020-02-26</td><td style="display: none;"></td><td style="display: none;">house brand</td><td style="display: none;"></td><td style="display: none;"></td><td style="display: none;"></td><td style="display: none;"></td><td style="display: none;"></td><td style="display: none;"><a class="recipeLink" href="/recipe_ingredient_search_results.php?query=(_QU5E__1__________573__[]_1_1)">Recipes with pasta</a></td></tr><tr role="row" class="even"><td tabindex="0"><i class="fa fa-thumbs-up"></i></td><td class=" not_printable"><div class="addToGL" data-soscuisine-aisle="9" data-soscuisine-sip="3942323"><i class="fa fa-cart-plus" title="Add to My Grocery List"></i><div></div></div></td><td><img class="storeItemImage" alt="pasta" src="/media/images/store_item/blank.jpg"></td><td>pasta</td><td class="not_printable sorting_1">pasta, rice &amp; grains</td><td><img style="width:50%;" src="/media/images/logos/marchands/100.png" alt="Your Independent Grocer"></td><td><span itemprop="price">$4.98</span><span itemprop="eligibleQuantity" itemscope="" itemtype="http://schema.org/QuantitativeValue">/<span itemprop="value">3</span>x<span itemprop="unitText">900g</span></span></td><td>$1.84/kg</td><td style="display: none;">2020-02-26</td><td style="display: none;"></td><td style="display: none;">Italpasta</td><td style="display: none;"></td><td style="display: none;"></td><td style="display: none;"></td><td style="display: none;"></td><td style="display: none;"></td><td style="display: none;"><a class="recipeLink" href="/recipe_ingredient_search_results.php?query=(_QU5E__1__________573__[]_1_1)">Recipes with pasta</a></td></tr><tr role="row" class="odd"><td tabindex="0"><i class="fas fa-hand-rock"></i></td><td class=" not_printable"><div class="addToGL" data-soscuisine-aisle="9" data-soscuisine-sip="3942327"><i class="fa fa-cart-plus" title="Add to My Grocery List"></i><div></div></div></td><td><img class="storeItemImage" alt="pasta" src="/media/images/store_item/blank.jpg"></td><td>pasta</td><td class="not_printable sorting_1">pasta, rice &amp; grains</td><td><img style="width:50%;" src="/media/images/logos/marchands/100.png" alt="Your Independent Grocer"></td><td><span itemprop="price">$1.99</span><span itemprop="eligibleQuantity" itemscope="" itemtype="http://schema.org/QuantitativeValue">/<span itemprop="unitText">900g</span></span></td><td>$2.21/kg</td><td style="display: none;">2020-02-26</td><td style="display: none;"></td><td style="display: none;">Italpasta</td><td style="display: none;"></td><td style="display: none;"></td><td style="display: none;"></td><td style="display: none;"></td><td style="display: none;"></td><td style="display: none;"><a class="recipeLink" href="/recipe_ingredient_search_results.php?query=(_QU5E__1__________573__[]_1_1)">Recipes with pasta</a></td></tr><tr role="row" class="even"><td tabindex="0"><i class="fas fa-hand-rock"></i></td><td class=" not_printable"><div class="addToGL" data-soscuisine-aisle="22" data-soscuisine-sip="3945127"><i class="fa fa-cart-plus" title="Add to My Grocery List"></i><div></div></div></td><td><img class="storeItemImage" itemprop="image" alt="bagels" src="/media/images/store_item/959.jpg"></td><td>bagels</td><td class="not_printable sorting_1">bakery</td><td><img style="width:50%;" src="/media/images/logos/marchands/32.png" alt="Atlantic Superstore"></td><td><span itemprop="price">$6.00</span><span itemprop="eligibleQuantity" itemscope="" itemtype="http://schema.org/QuantitativeValue">/<span itemprop="value">2</span>x <span itemprop="unitText">6-pack</span></span>s</td><td>$5.56/kg</td><td style="display: none;">2020-02-26</td><td style="display: none;"></td><td style="display: none;">Country Harvest</td><td style="display: none;">standard</td><td style="display: none;"></td><td style="display: none;"></td><td style="display: none;"></td><td style="display: none;"></td><td style="display: none;"><a class="recipeLink" href="/recipe_ingredient_search_results.php?query=(_QU5E__1__________959__[]_1_1)">Recipes with bagels</a></td></tr><tr role="row" class="odd"><td tabindex="0"><i class="fa fa-thumbs-down"></i></td><td class=" not_printable"><div class="addToGL" data-soscuisine-aisle="22" data-soscuisine-sip="3945125"><i class="fa fa-cart-plus" title="Add to My Grocery List"></i><div></div></div></td><td><img class="storeItemImage" itemprop="image" alt="bagels" src="/media/images/store_item/959.jpg"></td><td>bagels</td><td class="not_printable sorting_1">bakery</td><td><img style="width:50%;" src="/media/images/logos/marchands/32.png" alt="Atlantic Superstore"></td><td><span itemprop="price">$3.49</span><span itemprop="eligibleQuantity" itemscope="" itemtype="http://schema.org/QuantitativeValue">/<span itemprop="unitText">6-pack</span></span></td><td>$6.46/kg</td><td style="display: none;">2020-02-26</td><td style="display: none;"></td><td style="display: none;">Country Harvest</td><td style="display: none;">standard</td><td style="display: none;"></td><td style="display: none;"></td><td style="display: none;"></td><td style="display: none;"></td><td style="display: none;"><a class="recipeLink" href="/recipe_ingredient_search_results.php?query=(_QU5E__1__________959__[]_1_1)">Recipes with bagels</a></td></tr><tr role="row" class="even"><td tabindex="0"><i class="fa fa-thumbs-up"></i><i class="fa fa-thumbs-up"></i></td><td class=" not_printable"><div class="addToGL" data-soscuisine-aisle="22" data-soscuisine-sip="3943871"><i class="fa fa-cart-plus" title="Add to My Grocery List"></i><div></div></div></td><td><img class="storeItemImage" itemprop="image" alt="bagels" src="/media/images/store_item/959.jpg"></td><td>bagels</td><td class="not_printable sorting_1">bakery</td><td><img style="width:50%;" src="/media/images/logos/marchands/50.png" alt="Foodland"></td><td><span itemprop="price">$1.99</span><span itemprop="eligibleQuantity" itemscope="" itemtype="http://schema.org/QuantitativeValue">/<span itemprop="unitText">6-pack</span></span></td><td>$3.69/kg</td><td style="display: none;">2020-02-26</td><td style="display: none;"></td><td style="display: none;">house brand</td><td style="display: none;">standard</td><td style="display: none;"></td><td style="display: none;"></td><td style="display: none;"></td><td style="display: none;"></td><td style="display: none;"><a class="recipeLink" href="/recipe_ingredient_search_results.php?query=(_QU5E__1__________959__[]_1_1)">Recipes with bagels</a></td></tr><tr role="row" class="odd"><td tabindex="0"><i class="fa fa-thumbs-up"></i><i class="fa fa-thumbs-up"></i></td><td class=" not_printable"><div class="addToGL" data-soscuisine-aisle="22" data-soscuisine-sip="3942507"><i class="fa fa-cart-plus" title="Add to My Grocery List"></i><div></div></div></td><td><img class="storeItemImage" itemprop="image" alt="bagels" src="/media/images/store_item/959.jpg"></td><td>bagels</td><td class="not_printable sorting_1">bakery</td><td><img style="width:50%;" src="/media/images/logos/marchands/97.png" alt="No Frills"></td><td><span itemprop="price">$1.00</span><span itemprop="eligibleQuantity" itemscope="" itemtype="http://schema.org/QuantitativeValue">/<span itemprop="unitText">4-pack</span></span></td><td>$2.78/kg</td><td style="display: none;">2020-02-26</td><td style="display: none;"></td><td style="display: none;">Weston</td><td style="display: none;">standard</td><td style="display: none;"></td><td style="display: none;"></td><td style="display: none;"></td><td style="display: none;"></td><td style="display: none;"><a class="recipeLink" href="/recipe_ingredient_search_results.php?query=(_QU5E__1__________959__[]_1_1)">Recipes with bagels</a></td></tr><tr role="row" class="even"><td tabindex="0"><i class="fa fa-thumbs-up"></i></td><td class=" not_printable"><div class="addToGL" data-soscuisine-aisle="22" data-soscuisine-sip="3945219"><i class="fa fa-cart-plus" title="Add to My Grocery List"></i><div></div></div></td><td><img class="storeItemImage" itemprop="image" alt="baguette" src="/media/images/store_item/551.jpg"></td><td>baguette</td><td class="not_printable sorting_1">bakery</td><td><img style="width:50%;" src="/media/images/logos/marchands/32.png" alt="Atlantic Superstore"></td><td><span itemprop="price">$1.29</span><span itemprop="eligibleQuantity" itemscope="" itemtype="http://schema.org/QuantitativeValue">/<span itemprop="unitText">9oz (255g)</span></span></td><td>$5.06/kg</td><td style="display: none;">2020-02-26</td><td style="display: none;"></td><td style="display: none;"></td><td style="display: none;"></td><td style="display: none;"></td><td style="display: none;"></td><td style="display: none;"></td><td style="display: none;">white or whole wheat, baked in-store</td><td style="display: none;"><a class="recipeLink" href="/recipe_ingredient_search_results.php?query=(_QU5E__1__________551__[]_1_1)">Recipes with baguette</a></td></tr><tr role="row" class="odd"><td tabindex="0"><i class="fa fa-thumbs-up"></i></td><td class=" not_printable"><div class="addToGL" data-soscuisine-aisle="22" data-soscuisine-sip="3942577"><i class="fa fa-cart-plus" title="Add to My Grocery List"></i><div></div></div></td><td><img class="storeItemImage" itemprop="image" alt="baguette" src="/media/images/store_item/551.jpg"></td><td>baguette</td><td class="not_printable sorting_1">bakery</td><td><img style="width:50%;" src="/media/images/logos/marchands/100.png" alt="Your Independent Grocer"></td><td><span itemprop="price">$1.29</span><span itemprop="eligibleQuantity" itemscope="" itemtype="http://schema.org/QuantitativeValue">/<span itemprop="unitText">9oz (255g)</span></span></td><td>$5.06/kg</td><td style="display: none;">2020-02-26</td><td style="display: none;"></td><td style="display: none;"></td><td style="display: none;"></td><td style="display: none;"></td><td style="display: none;"></td><td style="display: none;"></td><td style="display: none;"></td><td style="display: none;"><a class="recipeLink" href="/recipe_ingredient_search_results.php?query=(_QU5E__1__________551__[]_1_1)">Recipes with baguette</a></td></tr><tr role="row" class="even"><td tabindex="0"><i class="fa fa-thumbs-up"></i><i class="fa fa-thumbs-up"></i></td><td class=" not_printable"><div class="addToGL" data-soscuisine-aisle="22" data-soscuisine-sip="3945223"><i class="fa fa-cart-plus" title="Add to My Grocery List"></i><div></div></div></td><td><img class="storeItemImage" itemprop="image" alt="English muffins" src="/media/images/store_item/1151.jpg"></td><td>English muffins</td><td class="not_printable sorting_1">bakery</td><td><img style="width:50%;" src="/media/images/logos/marchands/32.png" alt="Atlantic Superstore"></td><td><span itemprop="price">$3.00</span><span itemprop="eligibleQuantity" itemscope="" itemtype="http://schema.org/QuantitativeValue">/<span itemprop="value">2</span>x <span itemprop="unitText">6-pack</span></span>s</td><td>$4.17/kg</td><td style="display: none;">2020-02-26</td><td style="display: none;"></td><td style="display: none;">house brand</td><td style="display: none;">standard</td><td style="display: none;"></td><td style="display: none;"></td><td style="display: none;"></td><td style="display: none;"></td><td style="display: none;"><a class="recipeLink" href="/recipe_ingredient_search_results.php?query=(_QU5E__1__________1151__[]_1_1)">Recipes with English muffins</a></td></tr><tr role="row" class="odd"><td tabindex="0"><i class="fa fa-thumbs-up"></i><i class="fa fa-thumbs-up"></i></td><td class=" not_printable"><div class="addToGL" data-soscuisine-aisle="22" data-soscuisine-sip="3945221"><i class="fa fa-cart-plus" title="Add to My Grocery List"></i><div></div></div></td><td><img class="storeItemImage" itemprop="image" alt="English muffins" src="/media/images/store_item/1151.jpg"></td><td>English muffins</td><td class="not_printable sorting_1">bakery</td><td><img style="width:50%;" src="/media/images/logos/marchands/32.png" alt="Atlantic Superstore"></td><td><span itemprop="price">$1.79</span><span itemprop="eligibleQuantity" itemscope="" itemtype="http://schema.org/QuantitativeValue">/<span itemprop="unitText">6-pack</span></span></td><td>$4.97/kg</td><td style="display: none;">2020-02-26</td><td style="display: none;"></td><td style="display: none;">house brand</td><td style="display: none;">standard</td><td style="display: none;"></td><td style="display: none;"></td><td style="display: none;"></td><td style="display: none;"></td><td style="display: none;"><a class="recipeLink" href="/recipe_ingredient_search_results.php?query=(_QU5E__1__________1151__[]_1_1)">Recipes with English muffins</a></td></tr><tr role="row" class="even"><td tabindex="0"><i class="fa fa-thumbs-up"></i><i class="fa fa-thumbs-up"></i></td><td class=" not_printable"><div class="addToGL" data-soscuisine-aisle="22" data-soscuisine-sip="3942505"><i class="fa fa-cart-plus" title="Add to My Grocery List"></i><div></div></div></td><td><img class="storeItemImage" itemprop="image" alt="English muffins" src="/media/images/store_item/1151.jpg"></td><td>English muffins</td><td class="not_printable sorting_1">bakery</td><td><img style="width:50%;" src="/media/images/logos/marchands/97.png" alt="No Frills"></td><td><span itemprop="price">$1.00</span><span itemprop="eligibleQuantity" itemscope="" itemtype="http://schema.org/QuantitativeValue">/<span itemprop="unitText">6-pack</span></span></td><td>$2.78/kg</td><td style="display: none;">2020-02-26</td><td style="display: none;"></td><td style="display: none;">Old Mill</td><td style="display: none;">standard</td><td style="display: none;"></td><td style="display: none;"></td><td style="display: none;"></td><td style="display: none;"></td><td style="display: none;"><a class="recipeLink" href="/recipe_ingredient_search_results.php?query=(_QU5E__1__________1151__[]_1_1)">Recipes with English muffins</a></td></tr><tr role="row" class="odd"><td tabindex="0"><i class="fa fa-thumbs-up"></i><i class="fa fa-thumbs-up"></i></td><td class=" not_printable"><div class="addToGL" data-soscuisine-aisle="22" data-soscuisine-sip="3942581"><i class="fa fa-cart-plus" title="Add to My Grocery List"></i><div></div></div></td><td><img class="storeItemImage" itemprop="image" alt="English muffins" src="/media/images/store_item/1151.jpg"></td><td>English muffins</td><td class="not_printable sorting_1">bakery</td><td><img style="width:50%;" src="/media/images/logos/marchands/100.png" alt="Your Independent Grocer"></td><td><span itemprop="price">$3.00</span><span itemprop="eligibleQuantity" itemscope="" itemtype="http://schema.org/QuantitativeValue">/<span itemprop="value">2</span>x <span itemprop="unitText">6-pack</span></span>s</td><td>$4.17/kg</td><td style="display: none;">2020-02-26</td><td style="display: none;"></td><td style="display: none;">house brand</td><td style="display: none;">standard</td><td style="display: none;"></td><td style="display: none;"></td><td style="display: none;"></td><td style="display: none;"></td><td style="display: none;"><a class="recipeLink" href="/recipe_ingredient_search_results.php?query=(_QU5E__1__________1151__[]_1_1)">Recipes with English muffins</a></td></tr><tr role="row" class="even"><td tabindex="0"><i class="fa fa-thumbs-up"></i><i class="fa fa-thumbs-up"></i></td><td class=" not_printable"><div class="addToGL" data-soscuisine-aisle="22" data-soscuisine-sip="3942585"><i class="fa fa-cart-plus" title="Add to My Grocery List"></i><div></div></div></td><td><img class="storeItemImage" itemprop="image" alt="English muffins" src="/media/images/store_item/1151.jpg"></td><td>English muffins</td><td class="not_printable sorting_1">bakery</td><td><img style="width:50%;" src="/media/images/logos/marchands/100.png" alt="Your Independent Grocer"></td><td><span itemprop="price">$1.79</span><span itemprop="eligibleQuantity" itemscope="" itemtype="http://schema.org/QuantitativeValue">/<span itemprop="unitText">6-pack</span></span></td><td>$4.97/kg</td><td style="display: none;">2020-02-26</td><td style="display: none;"></td><td style="display: none;">house brand</td><td style="display: none;">standard</td><td style="display: none;"></td><td style="display: none;"></td><td style="display: none;"></td><td style="display: none;"></td><td style="display: none;"><a class="recipeLink" href="/recipe_ingredient_search_results.php?query=(_QU5E__1__________1151__[]_1_1)">Recipes with English muffins</a></td></tr><tr role="row" class="odd"><td tabindex="0"><i class="fa fa-thumbs-up"></i><i class="fa fa-thumbs-up"></i></td><td class=" not_printable"><div class="addToGL" data-soscuisine-aisle="22" data-soscuisine-sip="3942469"><i class="fa fa-cart-plus" title="Add to My Grocery List"></i><div></div></div></td><td><img class="storeItemImage" itemprop="image" alt="hamburger buns" src="/media/images/store_item/512.jpg"></td><td>hamburger buns</td><td class="not_printable sorting_1">bakery</td><td><img style="width:50%;" src="/media/images/logos/marchands/97.png" alt="No Frills"></td><td><span itemprop="price">$1.00</span><span itemprop="eligibleQuantity" itemscope="" itemtype="http://schema.org/QuantitativeValue">/<span itemprop="unitText">8-pack</span></span></td><td>$2.60/kg</td><td style="display: none;">2020-02-26</td><td style="display: none;"></td><td style="display: none;">Old Mill</td><td style="display: none;">standard</td><td style="display: none;"></td><td style="display: none;"></td><td style="display: none;"></td><td style="display: none;"></td><td style="display: none;"><a class="recipeLink" href="/recipe_ingredient_search_results.php?query=(_QU5E__1__________512__[]_1_1)">Recipes with hamburger buns</a></td></tr><tr role="row" class="even"><td tabindex="0"><i class="fa fa-thumbs-up"></i><i class="fa fa-thumbs-up"></i></td><td class=" not_printable"><div class="addToGL" data-soscuisine-aisle="22" data-soscuisine-sip="3942467"><i class="fa fa-cart-plus" title="Add to My Grocery List"></i><div></div></div></td><td><img class="storeItemImage" itemprop="image" alt="hot dog bun" src="/media/images/store_item/962.jpg"></td><td>hot dog bun</td><td class="not_printable sorting_1">bakery</td><td><img style="width:50%;" src="/media/images/logos/marchands/97.png" alt="No Frills"></td><td><span itemprop="price">$1.00</span><span itemprop="eligibleQuantity" itemscope="" itemtype="http://schema.org/QuantitativeValue">/<span itemprop="unitText">8-pack</span></span></td><td>$1.79/kg</td><td style="display: none;">2020-02-26</td><td style="display: none;"></td><td style="display: none;">Old Mill</td><td style="display: none;">standard</td><td style="display: none;"></td><td style="display: none;"></td><td style="display: none;"></td><td style="display: none;"></td><td style="display: none;"></td></tr><tr role="row" class="odd"><td tabindex="0"><i class="fas fa-hand-rock"></i></td><td class=" not_printable"><div class="addToGL" data-soscuisine-aisle="22" data-soscuisine-sip="3946437"><i class="fa fa-cart-plus" title="Add to My Grocery List"></i><div></div></div></td><td><img class="storeItemImage" itemprop="image" alt="rye bread" src="/media/images/store_item/519.jpg"></td><td>rye bread</td><td class="not_printable sorting_1">bakery</td><td><img style="width:50%;" src="/media/images/logos/marchands/32.png" alt="Atlantic Superstore"></td><td><span itemprop="price">$2.69</span><span itemprop="eligibleQuantity" itemscope="" itemtype="http://schema.org/QuantitativeValue">/<span itemprop="unitText">1lb (454g)</span></span></td><td>$5.93/kg</td><td style="display: none;">2020-02-26</td><td style="display: none;"></td><td style="display: none;">Rubschlager</td><td style="display: none;"></td><td style="display: none;"></td><td style="display: none;"></td><td style="display: none;"></td><td style="display: none;"></td><td style="display: none;"><a class="recipeLink" href="/recipe_ingredient_search_results.php?query=(_QU5E__1__________519__[]_1_1)">Recipes with rye bread</a></td></tr><tr role="row" class="even"><td tabindex="0"><i class="fa fa-thumbs-down"></i></td><td class=" not_printable"><div class="addToGL" data-soscuisine-aisle="22" data-soscuisine-sip="3943873"><i class="fa fa-cart-plus" title="Add to My Grocery List"></i><div></div></div></td><td><img class="storeItemImage" itemprop="image" alt="tortillas" src="/media/images/store_item/244.jpg"></td><td>tortillas</td><td class="not_printable sorting_1">bakery</td><td><img style="width:50%;" src="/media/images/logos/marchands/50.png" alt="Foodland"></td><td><span itemprop="price">$3.99</span><span itemprop="eligibleQuantity" itemscope="" itemtype="http://schema.org/QuantitativeValue">/<span itemprop="unitText">366g</span></span></td><td>$1.09/100g</td><td style="display: none;">2020-02-26</td><td style="display: none;"></td><td style="display: none;">Dempster's</td><td style="display: none;"></td><td style="display: none;"></td><td style="display: none;"></td><td style="display: none;"></td><td style="display: none;"></td><td style="display: none;"><a class="recipeLink" href="/recipe_ingredient_search_results.php?query=(_QU5E__1__________244__[]_1_1)">Recipes with tortillas</a></td></tr><tr role="row" class="odd"><td tabindex="0"><i class="fa fa-thumbs-down"></i></td><td class=" not_printable"><div class="addToGL" data-soscuisine-aisle="22" data-soscuisine-sip="3946033"><i class="fa fa-cart-plus" title="Add to My Grocery List"></i><div></div></div></td><td><img class="storeItemImage" itemprop="image" alt="tortillas" src="/media/images/store_item/244.jpg"></td><td>tortillas</td><td class="not_printable sorting_1">bakery</td><td><img style="width:50%;" src="/media/images/logos/marchands/36.png" alt="Sobeys"></td><td><span itemprop="price">$5.00</span><span itemprop="eligibleQuantity" itemscope="" itemtype="http://schema.org/QuantitativeValue">/<span itemprop="value">2</span>x<span itemprop="unitText">240g</span></span></td><td>$1.04/100g</td><td style="display: none;">2020-02-26</td><td style="display: none;"></td><td style="display: none;">Dempster's</td><td style="display: none;"></td><td style="display: none;"></td><td style="display: none;"></td><td style="display: none;"></td><td style="display: none;"></td><td style="display: none;"><a class="recipeLink" href="/recipe_ingredient_search_results.php?query=(_QU5E__1__________244__[]_1_1)">Recipes with tortillas</a></td></tr><tr role="row" class="even"><td tabindex="0"><i class="fas fa-circle"></i></td><td class=" not_printable"><div class="addToGL" data-soscuisine-aisle="22" data-soscuisine-sip="3941081"><i class="fa fa-cart-plus" title="Add to My Grocery List"></i><div></div></div></td><td><img class="storeItemImage" itemprop="image" alt="tortillas" src="/media/images/store_item/244.jpg"></td><td>tortillas</td><td class="not_printable sorting_1">bakery</td><td><img style="width:50%;" src="/media/images/logos/marchands/76.png" alt="Walmart"></td><td><span itemprop="price">$3.47</span><span itemprop="eligibleQuantity" itemscope="" itemtype="http://schema.org/QuantitativeValue">/<span itemprop="unitText">10-pack</span></span></td><td>N/A</td><td style="display: none;">2020-02-26</td><td style="display: none;"></td><td style="display: none;">Dempster's</td><td style="display: none;">10 inches</td><td style="display: none;"></td><td style="display: none;"></td><td style="display: none;"></td><td style="display: none;"></td><td style="display: none;"><a class="recipeLink" href="/recipe_ingredient_search_results.php?query=(_QU5E__1__________244__[]_1_1)">Recipes with tortillas</a></td></tr><tr role="row" class="odd"><td tabindex="0"><i class="fas fa-exclamation"></i></td><td class=" not_printable"><div class="addToGL" data-soscuisine-aisle="24" data-soscuisine-sip="3942519"><i class="fa fa-cart-plus" title="Add to My Grocery List"></i><div></div></div></td><td><img class="storeItemImage" alt="baking soda" src="/media/images/store_item/blank.jpg"></td><td>baking soda</td><td class="not_printable sorting_1">baking products</td><td><img style="width:50%;" src="/media/images/logos/marchands/97.png" alt="No Frills"></td><td><span itemprop="price">$1.00</span><span itemprop="eligibleQuantity" itemscope="" itemtype="http://schema.org/QuantitativeValue">/<span itemprop="unitText">500g</span></span></td><td>$0.20/100g</td><td style="display: none;">2020-02-26</td><td style="display: none;"></td><td style="display: none;">Arm &amp; Hammer</td><td style="display: none;"></td><td style="display: none;"></td><td style="display: none;"></td><td style="display: none;"></td><td style="display: none;"></td><td style="display: none;"><a class="recipeLink" href="/recipe_ingredient_search_results.php?query=(_QU5E__1__________545__[]_1_1)">Recipes with baking soda</a></td></tr><tr role="row" class="even"><td tabindex="0"><i class="fa fa-thumbs-up"></i></td><td class=" not_printable"><div class="addToGL" data-soscuisine-aisle="24" data-soscuisine-sip="3943911"><i class="fa fa-cart-plus" title="Add to My Grocery List"></i><div></div></div></td><td><img class="storeItemImage" alt="honey" src="/media/images/store_item/blank.jpg"></td><td>honey</td><td class="not_printable sorting_1">baking products</td><td><img style="width:50%;" src="/media/images/logos/marchands/50.png" alt="Foodland"></td><td><span itemprop="price">$3.99</span><span itemprop="eligibleQuantity" itemscope="" itemtype="http://schema.org/QuantitativeValue">/<span itemprop="unitText">500g</span></span></td><td>$0.80/100g</td><td style="display: none;">2020-02-26</td><td style="display: none;"></td><td style="display: none;">house brand</td><td style="display: none;"></td><td style="display: none;"></td><td style="display: none;"></td><td style="display: none;"></td><td style="display: none;"></td><td style="display: none;"><a class="recipeLink" href="/recipe_ingredient_search_results.php?query=(_QU5E__1__________273__[]_1_1)">Recipes with honey</a></td></tr><tr role="row" class="odd"><td tabindex="0"><i class="fa fa-thumbs-up"></i><i class="fa fa-thumbs-up"></i></td><td class=" not_printable"><div class="addToGL" data-soscuisine-aisle="24" data-soscuisine-sip="3945123"><i class="fa fa-cart-plus" title="Add to My Grocery List"></i><div></div></div></td><td><img class="storeItemImage" alt="maple syrup" src="/media/images/store_item/blank.jpg"></td><td>maple syrup</td><td class="not_printable sorting_1">baking products</td><td><img style="width:50%;" src="/media/images/logos/marchands/32.png" alt="Atlantic Superstore"></td><td><span itemprop="price">$6.99</span><span itemprop="eligibleQuantity" itemscope="" itemtype="http://schema.org/QuantitativeValue">/<span itemprop="unitText">500mL</span></span></td><td>$1.40/100mL</td><td style="display: none;">2020-02-26</td><td style="display: none;">Canada</td><td style="display: none;">house brand</td><td style="display: none;"></td><td style="display: none;"></td><td style="display: none;"></td><td style="display: none;"></td><td style="display: none;"></td><td style="display: none;"><a class="recipeLink" href="/recipe_ingredient_search_results.php?query=(_QU5E__1__________272__[]_1_1)">Recipes with maple syrup</a></td></tr><tr role="row" class="even"><td tabindex="0"><i class="fa fa-thumbs-down"></i></td><td class=" not_printable"><div class="addToGL" data-soscuisine-aisle="24" data-soscuisine-sip="3946451"><i class="fa fa-cart-plus" title="Add to My Grocery List"></i><div></div></div></td><td><img class="storeItemImage" alt="maple syrup" src="/media/images/store_item/blank.jpg"></td><td>maple syrup</td><td class="not_printable sorting_1">baking products</td><td><img style="width:50%;" src="/media/images/logos/marchands/36.png" alt="Sobeys"></td><td><span itemprop="price">$9.99</span><span itemprop="eligibleQuantity" itemscope="" itemtype="http://schema.org/QuantitativeValue">/<span itemprop="unitText">375mL</span></span></td><td>$2.66/100mL</td><td style="display: none;">2020-02-26</td><td style="display: none;"></td><td style="display: none;">house brand</td><td style="display: none;"></td><td style="display: none;"></td><td style="display: none;">Organic</td><td style="display: none;"></td><td style="display: none;"></td><td style="display: none;"><a class="recipeLink" href="/recipe_ingredient_search_results.php?query=(_QU5E__1__________272__[]_1_1)">Recipes with maple syrup</a></td></tr><tr role="row" class="odd"><td tabindex="0"><i class="fa fa-thumbs-up"></i><i class="fa fa-thumbs-up"></i></td><td class=" not_printable"><div class="addToGL" data-soscuisine-aisle="24" data-soscuisine-sip="3942727"><i class="fa fa-cart-plus" title="Add to My Grocery List"></i><div></div></div></td><td><img class="storeItemImage" alt="maple syrup" src="/media/images/store_item/blank.jpg"></td><td>maple syrup</td><td class="not_printable sorting_1">baking products</td><td><img style="width:50%;" src="/media/images/logos/marchands/100.png" alt="Your Independent Grocer"></td><td><span itemprop="price">$6.99</span><span itemprop="eligibleQuantity" itemscope="" itemtype="http://schema.org/QuantitativeValue">/<span itemprop="unitText">500mL</span></span></td><td>$1.40/100mL</td><td style="display: none;">2020-02-26</td><td style="display: none;"></td><td style="display: none;">house brand</td><td style="display: none;"></td><td style="display: none;"></td><td style="display: none;"></td><td style="display: none;"></td><td style="display: none;"></td><td style="display: none;"><a class="recipeLink" href="/recipe_ingredient_search_results.php?query=(_QU5E__1__________272__[]_1_1)">Recipes with maple syrup</a></td></tr><tr role="row" class="even"><td tabindex="0"><i class="fa fa-thumbs-up"></i><i class="fa fa-thumbs-up"></i></td><td class=" not_printable"><div class="addToGL" data-soscuisine-aisle="24" data-soscuisine-sip="3942459"><i class="fa fa-cart-plus" title="Add to My Grocery List"></i><div></div></div></td><td><img class="storeItemImage" alt="sugar" src="/media/images/store_item/blank.jpg"></td><td>sugar</td><td class="not_printable sorting_1">baking products</td><td><img style="width:50%;" src="/media/images/logos/marchands/97.png" alt="No Frills"></td><td><span itemprop="price">$1.00</span><span itemprop="eligibleQuantity" itemscope="" itemtype="http://schema.org/QuantitativeValue">/<span itemprop="unitText">4.4lb (2kg)</span></span></td><td>$0.50/kg</td><td style="display: none;">2020-02-26</td><td style="display: none;"></td><td style="display: none;">Lantic</td><td style="display: none;"></td><td style="display: none;"></td><td style="display: none;"></td><td style="display: none;"></td><td style="display: none;"></td><td style="display: none;"><a class="recipeLink" href="/recipe_ingredient_search_results.php?query=(_QU5E__1__________271__[]_1_1)">Recipes with sugar</a></td></tr><tr role="row" class="odd"><td tabindex="0"><i class="fa fa-thumbs-up"></i></td><td class=" not_printable"><div class="addToGL" data-soscuisine-aisle="24" data-soscuisine-sip="3943905"><i class="fa fa-cart-plus" title="Add to My Grocery List"></i><div></div></div></td><td><img class="storeItemImage" alt="white flour (all purpose)" src="/media/images/store_item/blank.jpg"></td><td>white flour (all purpose)</td><td class="not_printable sorting_1">baking products</td><td><img style="width:50%;" src="/media/images/logos/marchands/50.png" alt="Foodland"></td><td><span itemprop="price">$2.99</span><span itemprop="eligibleQuantity" itemscope="" itemtype="http://schema.org/QuantitativeValue">/<span itemprop="unitText">2,5kg</span></span></td><td>$1.20/kg</td><td style="display: none;">2020-02-26</td><td style="display: none;"></td><td style="display: none;">house brand</td><td style="display: none;"></td><td style="display: none;"></td><td style="display: none;"></td><td style="display: none;"></td><td style="display: none;"></td><td style="display: none;"><a class="recipeLink" href="/recipe_ingredient_search_results.php?query=(_QU5E__1__________198__[]_1_1)">Recipes with white flour (all purpose)</a></td></tr><tr role="row" class="even"><td tabindex="0"><i class="fa fa-thumbs-up"></i></td><td class=" not_printable"><div class="addToGL" data-soscuisine-aisle="24" data-soscuisine-sip="3946399"><i class="fa fa-cart-plus" title="Add to My Grocery List"></i><div></div></div></td><td><img class="storeItemImage" alt="white flour (all purpose)" src="/media/images/store_item/blank.jpg"></td><td>white flour (all purpose)</td><td class="not_printable sorting_1">baking products</td><td><img style="width:50%;" src="/media/images/logos/marchands/36.png" alt="Sobeys"></td><td><span itemprop="price">$3.49</span><span itemprop="eligibleQuantity" itemscope="" itemtype="http://schema.org/QuantitativeValue">/<span itemprop="unitText">2,5kg</span></span></td><td>$1.40/kg</td><td style="display: none;">2020-02-26</td><td style="display: none;"></td><td style="display: none;">house brand</td><td style="display: none;"></td><td style="display: none;"></td><td style="display: none;"></td><td style="display: none;"></td><td style="display: none;"></td><td style="display: none;"><a class="recipeLink" href="/recipe_ingredient_search_results.php?query=(_QU5E__1__________198__[]_1_1)">Recipes with white flour (all purpose)</a></td></tr><tr role="row" class="odd"><td tabindex="0"><i class="fa fa-thumbs-down"></i></td><td class=" not_printable"><div class="addToGL" data-soscuisine-aisle="19" data-soscuisine-sip="3946113"><i class="fa fa-cart-plus" title="Add to My Grocery List"></i><div></div></div></td><td><img class="storeItemImage" alt="coconut oil ORGANIC" src="/media/images/store_item/blank.jpg"></td><td>coconut oil ORGANIC</td><td class="not_printable sorting_1">oil &amp; vinegar</td><td><img style="width:50%;" src="/media/images/logos/marchands/32.png" alt="Atlantic Superstore"></td><td><span itemprop="price">$13.99</span><span itemprop="eligibleQuantity" itemscope="" itemtype="http://schema.org/QuantitativeValue">/<span itemprop="unitText">860mL</span></span></td><td>$16.27/L</td><td style="display: none;">2020-02-26</td><td style="display: none;"></td><td style="display: none;">house brand</td><td style="display: none;"></td><td style="display: none;"></td><td style="display: none;"></td><td style="display: none;"></td><td style="display: none;"></td><td style="display: none;"><a class="recipeLink" href="/recipe_ingredient_search_results.php?query=(_QU5E__1__________1231__[]_1_1)">Recipes with coconut oil ORGANIC</a></td></tr><tr role="row" class="even"><td tabindex="0"><i class="fa fa-thumbs-up"></i></td><td class=" not_printable"><div class="addToGL" data-soscuisine-aisle="19" data-soscuisine-sip="3946077"><i class="fa fa-cart-plus" title="Add to My Grocery List"></i><div></div></div></td><td><img class="storeItemImage" alt="olive oil" src="/media/images/store_item/blank.jpg"></td><td>olive oil</td><td class="not_printable sorting_1">oil &amp; vinegar</td><td><img style="width:50%;" src="/media/images/logos/marchands/32.png" alt="Atlantic Superstore"></td><td><span itemprop="price">$8.99</span><span itemprop="eligibleQuantity" itemscope="" itemtype="http://schema.org/QuantitativeValue">/<span itemprop="unitText">1L</span></span></td><td>$8.99/L</td><td style="display: none;">2020-02-26</td><td style="display: none;"></td><td style="display: none;">Bertolli</td><td style="display: none;"></td><td style="display: none;"></td><td style="display: none;"></td><td style="display: none;"></td><td style="display: none;"></td><td style="display: none;"><a class="recipeLink" href="/recipe_ingredient_search_results.php?query=(_QU5E__1__________14__[]_1_1)">Recipes with olive oil</a></td></tr><tr role="row" class="odd"><td tabindex="0"><i class="fas fa-hand-rock"></i></td><td class=" not_printable"><div class="addToGL" data-soscuisine-aisle="19" data-soscuisine-sip="3946083"><i class="fa fa-cart-plus" title="Add to My Grocery List"></i><div></div></div></td><td><img class="storeItemImage" alt="olive oil" src="/media/images/store_item/blank.jpg"></td><td>olive oil</td><td class="not_printable sorting_1">oil &amp; vinegar</td><td><img style="width:50%;" src="/media/images/logos/marchands/32.png" alt="Atlantic Superstore"></td><td><span itemprop="price">$8.99</span><span itemprop="eligibleQuantity" itemscope="" itemtype="http://schema.org/QuantitativeValue">/<span itemprop="unitText">750mL</span></span></td><td>$11.99/L</td><td style="display: none;">2020-02-26</td><td style="display: none;"></td><td style="display: none;">Bertolli</td><td style="display: none;"></td><td style="display: none;"></td><td style="display: none;">Organic</td><td style="display: none;"></td><td style="display: none;"></td><td style="display: none;"><a class="recipeLink" href="/recipe_ingredient_search_results.php?query=(_QU5E__1__________14__[]_1_1)">Recipes with olive oil</a></td></tr><tr role="row" class="even"><td tabindex="0"><i class="fas fa-hand-rock"></i></td><td class=" not_printable"><div class="addToGL" data-soscuisine-aisle="19" data-soscuisine-sip="3946079"><i class="fa fa-cart-plus" title="Add to My Grocery List"></i><div></div></div></td><td><img class="storeItemImage" alt="olive oil, extra virgin" src="/media/images/store_item/blank.jpg"></td><td>olive oil, extra virgin</td><td class="not_printable sorting_1">oil &amp; vinegar</td><td><img style="width:50%;" src="/media/images/logos/marchands/32.png" alt="Atlantic Superstore"></td><td><span itemprop="price">$8.99</span><span itemprop="eligibleQuantity" itemscope="" itemtype="http://schema.org/QuantitativeValue">/<span itemprop="unitText">1L</span></span></td><td>$8.99/L</td><td style="display: none;">2020-02-26</td><td style="display: none;"></td><td style="display: none;">Bertolli</td><td style="display: none;"></td><td style="display: none;"></td><td style="display: none;"></td><td style="display: none;"></td><td style="display: none;"></td><td style="display: none;"><a class="recipeLink" href="/recipe_ingredient_search_results.php?query=(_QU5E__1__________344__[]_1_1)">Recipes with olive oil, extra virgin</a></td></tr><tr role="row" class="odd"><td tabindex="0"><i class="fas fa-hand-rock"></i></td><td class=" not_printable"><div class="addToGL" data-soscuisine-aisle="19" data-soscuisine-sip="3942897"><i class="fa fa-cart-plus" title="Add to My Grocery List"></i><div></div></div></td><td><img class="storeItemImage" alt="olive oil, extra virgin" src="/media/images/store_item/blank.jpg"></td><td>olive oil, extra virgin</td><td class="not_printable sorting_1">oil &amp; vinegar</td><td><img style="width:50%;" src="/media/images/logos/marchands/100.png" alt="Your Independent Grocer"></td><td><span itemprop="price">$8.99</span><span itemprop="eligibleQuantity" itemscope="" itemtype="http://schema.org/QuantitativeValue">/<span itemprop="unitText">1L</span></span></td><td>$8.99/L</td><td style="display: none;">2020-02-26</td><td style="display: none;"></td><td style="display: none;">Bertolli</td><td style="display: none;"></td><td style="display: none;"></td><td style="display: none;"></td><td style="display: none;"></td><td style="display: none;"></td><td style="display: none;"><a class="recipeLink" href="/recipe_ingredient_search_results.php?query=(_QU5E__1__________344__[]_1_1)">Recipes with olive oil, extra virgin</a></td></tr><tr role="row" class="even"><td tabindex="0"><i class="fa fa-thumbs-down"></i></td><td class=" not_printable"><div class="addToGL" data-soscuisine-aisle="19" data-soscuisine-sip="3942899"><i class="fa fa-cart-plus" title="Add to My Grocery List"></i><div></div></div></td><td><img class="storeItemImage" alt="olive oil, extra virgin" src="/media/images/store_item/blank.jpg"></td><td>olive oil, extra virgin</td><td class="not_printable sorting_1">oil &amp; vinegar</td><td><img style="width:50%;" src="/media/images/logos/marchands/100.png" alt="Your Independent Grocer"></td><td><span itemprop="price">$8.99</span><span itemprop="eligibleQuantity" itemscope="" itemtype="http://schema.org/QuantitativeValue">/<span itemprop="unitText">750mL</span></span></td><td>$11.99/L</td><td style="display: none;">2020-02-26</td><td style="display: none;"></td><td style="display: none;">Bertolli</td><td style="display: none;"></td><td style="display: none;"></td><td style="display: none;">Organic</td><td style="display: none;"></td><td style="display: none;"></td><td style="display: none;"><a class="recipeLink" href="/recipe_ingredient_search_results.php?query=(_QU5E__1__________344__[]_1_1)">Recipes with olive oil, extra virgin</a></td></tr><tr role="row" class="odd"><td tabindex="0"><i class="fa fa-thumbs-up"></i><i class="fa fa-thumbs-up"></i></td><td class=" not_printable"><div class="addToGL" data-soscuisine-aisle="20" data-soscuisine-sip="3942509"><i class="fa fa-cart-plus" title="Add to My Grocery List"></i><div></div></div></td><td><img class="storeItemImage" alt="barbecue sauce" src="/media/images/store_item/blank.jpg"></td><td>barbecue sauce</td><td class="not_printable sorting_1">condiments</td><td><img style="width:50%;" src="/media/images/logos/marchands/97.png" alt="No Frills"></td><td><span itemprop="price">$1.00</span><span itemprop="eligibleQuantity" itemscope="" itemtype="http://schema.org/QuantitativeValue">/<span itemprop="unitText">455mL</span></span></td><td>$0.22/100mL</td><td style="display: none;">2020-02-26</td><td style="display: none;"></td><td style="display: none;">Kraft</td><td style="display: none;"></td><td style="display: none;"></td><td style="display: none;"></td><td style="display: none;"></td><td style="display: none;"></td><td style="display: none;"><a class="recipeLink" href="/recipe_ingredient_search_results.php?query=(_QU5E__1__________1158__[]_1_1)">Recipes with barbecue sauce</a></td></tr><tr role="row" class="even"><td tabindex="0"><i class="fa fa-thumbs-up"></i></td><td class=" not_printable"><div class="addToGL" data-soscuisine-aisle="20" data-soscuisine-sip="3945121"><i class="fa fa-cart-plus" title="Add to My Grocery List"></i><div></div></div></td><td><img class="storeItemImage" alt="ketchup" src="/media/images/store_item/blank.jpg"></td><td>ketchup</td><td class="not_printable sorting_1">condiments</td><td><img style="width:50%;" src="/media/images/logos/marchands/32.png" alt="Atlantic Superstore"></td><td><span itemprop="price">$2.99</span><span itemprop="eligibleQuantity" itemscope="" itemtype="http://schema.org/QuantitativeValue">/<span itemprop="unitText">1L</span></span></td><td>$0.29/100g</td><td style="display: none;">2020-02-26</td><td style="display: none;"></td><td style="display: none;">Heinz</td><td style="display: none;"></td><td style="display: none;"></td><td style="display: none;"></td><td style="display: none;"></td><td style="display: none;"></td><td style="display: none;"><a class="recipeLink" href="/recipe_ingredient_search_results.php?query=(_QU5E__1__________45__[]_1_1)">Recipes with ketchup</a></td></tr><tr role="row" class="odd"><td tabindex="0"><i class="fa fa-thumbs-up"></i></td><td class=" not_printable"><div class="addToGL" data-soscuisine-aisle="20" data-soscuisine-sip="3943867"><i class="fa fa-cart-plus" title="Add to My Grocery List"></i><div></div></div></td><td><img class="storeItemImage" alt="ketchup" src="/media/images/store_item/blank.jpg"></td><td>ketchup</td><td class="not_printable sorting_1">condiments</td><td><img style="width:50%;" src="/media/images/logos/marchands/50.png" alt="Foodland"></td><td><span itemprop="price">$2.99</span><span itemprop="eligibleQuantity" itemscope="" itemtype="http://schema.org/QuantitativeValue">/<span itemprop="unitText">1L</span></span></td><td>$0.29/100g</td><td style="display: none;">2020-02-26</td><td style="display: none;"></td><td style="display: none;">house brand</td><td style="display: none;"></td><td style="display: none;"></td><td style="display: none;"></td><td style="display: none;"></td><td style="display: none;"></td><td style="display: none;"><a class="recipeLink" href="/recipe_ingredient_search_results.php?query=(_QU5E__1__________45__[]_1_1)">Recipes with ketchup</a></td></tr><tr role="row" class="even"><td tabindex="0"><i class="fas fa-hand-rock"></i></td><td class=" not_printable"><div class="addToGL" data-soscuisine-aisle="20" data-soscuisine-sip="3943883"><i class="fa fa-cart-plus" title="Add to My Grocery List"></i><div></div></div></td><td><img class="storeItemImage" alt="ketchup" src="/media/images/store_item/blank.jpg"></td><td>ketchup</td><td class="not_printable sorting_1">condiments</td><td><img style="width:50%;" src="/media/images/logos/marchands/50.png" alt="Foodland"></td><td><span itemprop="price">$3.49</span><span itemprop="eligibleQuantity" itemscope="" itemtype="http://schema.org/QuantitativeValue">/<span itemprop="unitText">1L</span></span></td><td>$0.34/100g</td><td style="display: none;">2020-02-26</td><td style="display: none;"></td><td style="display: none;">Heinz</td><td style="display: none;"></td><td style="display: none;"></td><td style="display: none;"></td><td style="display: none;"></td><td style="display: none;"></td><td style="display: none;"><a class="recipeLink" href="/recipe_ingredient_search_results.php?query=(_QU5E__1__________45__[]_1_1)">Recipes with ketchup</a></td></tr><tr role="row" class="odd"><td tabindex="0"><i class="fa fa-thumbs-up"></i><i class="fa fa-thumbs-up"></i></td><td class=" not_printable"><div class="addToGL" data-soscuisine-aisle="20" data-soscuisine-sip="3942483"><i class="fa fa-cart-plus" title="Add to My Grocery List"></i><div></div></div></td><td><img class="storeItemImage" alt="ketchup" src="/media/images/store_item/blank.jpg"></td><td>ketchup</td><td class="not_printable sorting_1">condiments</td><td><img style="width:50%;" src="/media/images/logos/marchands/97.png" alt="No Frills"></td><td><span itemprop="price">$1.00</span><span itemprop="eligibleQuantity" itemscope="" itemtype="http://schema.org/QuantitativeValue">/<span itemprop="unitText">375mL</span></span></td><td>$0.26/100g</td><td style="display: none;">2020-02-26</td><td style="display: none;"></td><td style="display: none;">Heinz</td><td style="display: none;"></td><td style="display: none;"></td><td style="display: none;"></td><td style="display: none;"></td><td style="display: none;"></td><td style="display: none;"><a class="recipeLink" href="/recipe_ingredient_search_results.php?query=(_QU5E__1__________45__[]_1_1)">Recipes with ketchup</a></td></tr><tr role="row" class="even"><td tabindex="0"><i class="fa fa-thumbs-down"></i></td><td class=" not_printable"><div class="addToGL" data-soscuisine-aisle="20" data-soscuisine-sip="3946503"><i class="fa fa-cart-plus" title="Add to My Grocery List"></i><div></div></div></td><td><img class="storeItemImage" alt="ketchup" src="/media/images/store_item/blank.jpg"></td><td>ketchup</td><td class="not_printable sorting_1">condiments</td><td><img style="width:50%;" src="/media/images/logos/marchands/36.png" alt="Sobeys"></td><td><span itemprop="price">$3.99</span><span itemprop="eligibleQuantity" itemscope="" itemtype="http://schema.org/QuantitativeValue">/<span itemprop="unitText">1L</span></span></td><td>$0.39/100g</td><td style="display: none;">2020-02-26</td><td style="display: none;"></td><td style="display: none;">Heinz</td><td style="display: none;"></td><td style="display: none;"></td><td style="display: none;"></td><td style="display: none;"></td><td style="display: none;"></td><td style="display: none;"><a class="recipeLink" href="/recipe_ingredient_search_results.php?query=(_QU5E__1__________45__[]_1_1)">Recipes with ketchup</a></td></tr><tr role="row" class="odd"><td tabindex="0"><i class="fa fa-thumbs-up"></i></td><td class=" not_printable"><div class="addToGL" data-soscuisine-aisle="20" data-soscuisine-sip="3942901"><i class="fa fa-cart-plus" title="Add to My Grocery List"></i><div></div></div></td><td><img class="storeItemImage" alt="ketchup" src="/media/images/store_item/blank.jpg"></td><td>ketchup</td><td class="not_printable sorting_1">condiments</td><td><img style="width:50%;" src="/media/images/logos/marchands/100.png" alt="Your Independent Grocer"></td><td><span itemprop="price">$2.99</span><span itemprop="eligibleQuantity" itemscope="" itemtype="http://schema.org/QuantitativeValue">/<span itemprop="unitText">1L</span></span></td><td>$0.29/100g</td><td style="display: none;">2020-02-26</td><td style="display: none;"></td><td style="display: none;">Heinz</td><td style="display: none;"></td><td style="display: none;"></td><td style="display: none;"></td><td style="display: none;"></td><td style="display: none;"></td><td style="display: none;"><a class="recipeLink" href="/recipe_ingredient_search_results.php?query=(_QU5E__1__________45__[]_1_1)">Recipes with ketchup</a></td></tr><tr role="row" class="even"><td tabindex="0"><i class="fas fa-hand-rock"></i></td><td class=" not_printable"><div class="addToGL" data-soscuisine-aisle="20" data-soscuisine-sip="3946481"><i class="fa fa-cart-plus" title="Add to My Grocery List"></i><div></div></div></td><td><img class="storeItemImage" alt="mayonnaise" src="/media/images/store_item/blank.jpg"></td><td>mayonnaise</td><td class="not_printable sorting_1">condiments</td><td><img style="width:50%;" src="/media/images/logos/marchands/32.png" alt="Atlantic Superstore"></td><td><span itemprop="price">$3.99</span><span itemprop="eligibleQuantity" itemscope="" itemtype="http://schema.org/QuantitativeValue">/<span itemprop="unitText">890mL</span></span></td><td>$4.82/kg</td><td style="display: none;">2020-02-26</td><td style="display: none;"></td><td style="display: none;">Hellmann's</td><td style="display: none;"></td><td style="display: none;"></td><td style="display: none;"></td><td style="display: none;"></td><td style="display: none;"></td><td style="display: none;"><a class="recipeLink" href="/recipe_ingredient_search_results.php?query=(_QU5E__1__________44__[]_1_1)">Recipes with mayonnaise</a></td></tr><tr role="row" class="odd"><td tabindex="0"><i class="fa fa-thumbs-down"></i></td><td class=" not_printable"><div class="addToGL" data-soscuisine-aisle="20" data-soscuisine-sip="3943885"><i class="fa fa-cart-plus" title="Add to My Grocery List"></i><div></div></div></td><td><img class="storeItemImage" alt="mayonnaise" src="/media/images/store_item/blank.jpg"></td><td>mayonnaise</td><td class="not_printable sorting_1">condiments</td><td><img style="width:50%;" src="/media/images/logos/marchands/50.png" alt="Foodland"></td><td><span itemprop="price">$3.49</span><span itemprop="eligibleQuantity" itemscope="" itemtype="http://schema.org/QuantitativeValue">/<span itemprop="unitText">675mL</span></span></td><td>$5.56/kg</td><td style="display: none;">2020-02-26</td><td style="display: none;"></td><td style="display: none;">Heinz</td><td style="display: none;"></td><td style="display: none;"></td><td style="display: none;"></td><td style="display: none;"></td><td style="display: none;"></td><td style="display: none;"><a class="recipeLink" href="/recipe_ingredient_search_results.php?query=(_QU5E__1__________44__[]_1_1)">Recipes with mayonnaise</a></td></tr><tr role="row" class="even"><td tabindex="0"><i class="fas fa-hand-rock"></i></td><td class=" not_printable"><div class="addToGL" data-soscuisine-aisle="20" data-soscuisine-sip="3946507"><i class="fa fa-cart-plus" title="Add to My Grocery List"></i><div></div></div></td><td><img class="storeItemImage" alt="mayonnaise" src="/media/images/store_item/blank.jpg"></td><td>mayonnaise</td><td class="not_printable sorting_1">condiments</td><td><img style="width:50%;" src="/media/images/logos/marchands/36.png" alt="Sobeys"></td><td><span itemprop="price">$3.99</span><span itemprop="eligibleQuantity" itemscope="" itemtype="http://schema.org/QuantitativeValue">/<span itemprop="unitText">800mL</span></span></td><td>$5.36/kg</td><td style="display: none;">2020-02-26</td><td style="display: none;"></td><td style="display: none;">Heinz</td><td style="display: none;"></td><td style="display: none;"></td><td style="display: none;"></td><td style="display: none;"></td><td style="display: none;"></td><td style="display: none;"><a class="recipeLink" href="/recipe_ingredient_search_results.php?query=(_QU5E__1__________44__[]_1_1)">Recipes with mayonnaise</a></td></tr><tr role="row" class="odd"><td tabindex="0"><i class="fa fa-thumbs-down"></i></td><td class=" not_printable"><div class="addToGL" data-soscuisine-aisle="20" data-soscuisine-sip="3946513"><i class="fa fa-cart-plus" title="Add to My Grocery List"></i><div></div></div></td><td><img class="storeItemImage" alt="mayonnaise" src="/media/images/store_item/blank.jpg"></td><td>mayonnaise</td><td class="not_printable sorting_1">condiments</td><td><img style="width:50%;" src="/media/images/logos/marchands/36.png" alt="Sobeys"></td><td><span itemprop="price">$3.99</span><span itemprop="eligibleQuantity" itemscope="" itemtype="http://schema.org/QuantitativeValue">/<span itemprop="unitText">650mL</span></span></td><td>$6.60/kg</td><td style="display: none;">2020-02-26</td><td style="display: none;"></td><td style="display: none;">Kraft</td><td style="display: none;"></td><td style="display: none;"></td><td style="display: none;"></td><td style="display: none;"></td><td style="display: none;"></td><td style="display: none;"><a class="recipeLink" href="/recipe_ingredient_search_results.php?query=(_QU5E__1__________44__[]_1_1)">Recipes with mayonnaise</a></td></tr><tr role="row" class="even"><td tabindex="0"><i class="fas fa-hand-rock"></i></td><td class=" not_printable"><div class="addToGL" data-soscuisine-aisle="20" data-soscuisine-sip="3942903"><i class="fa fa-cart-plus" title="Add to My Grocery List"></i><div></div></div></td><td><img class="storeItemImage" alt="mayonnaise" src="/media/images/store_item/blank.jpg"></td><td>mayonnaise</td><td class="not_printable sorting_1">condiments</td><td><img style="width:50%;" src="/media/images/logos/marchands/100.png" alt="Your Independent Grocer"></td><td><span itemprop="price">$4.49</span><span itemprop="eligibleQuantity" itemscope="" itemtype="http://schema.org/QuantitativeValue">/<span itemprop="unitText">890mL</span></span></td><td>$5.42/kg</td><td style="display: none;">2020-02-26</td><td style="display: none;"></td><td style="display: none;">Hellmann's</td><td style="display: none;"></td><td style="display: none;"></td><td style="display: none;"></td><td style="display: none;"></td><td style="display: none;"></td><td style="display: none;"><a class="recipeLink" href="/recipe_ingredient_search_results.php?query=(_QU5E__1__________44__[]_1_1)">Recipes with mayonnaise</a></td></tr><tr role="row" class="odd"><td tabindex="0"><i class="fa fa-thumbs-up"></i><i class="fa fa-thumbs-up"></i></td><td class=" not_printable"><div class="addToGL" data-soscuisine-aisle="20" data-soscuisine-sip="3942481"><i class="fa fa-cart-plus" title="Add to My Grocery List"></i><div></div></div></td><td><img class="storeItemImage" alt="prepared mustard" src="/media/images/store_item/blank.jpg"></td><td>prepared mustard</td><td class="not_printable sorting_1">condiments</td><td><img style="width:50%;" src="/media/images/logos/marchands/97.png" alt="No Frills"></td><td><span itemprop="price">$1.00</span><span itemprop="eligibleQuantity" itemscope="" itemtype="http://schema.org/QuantitativeValue">/<span itemprop="unitText">225mL</span></span></td><td>$0.43/100g</td><td style="display: none;">2020-02-26</td><td style="display: none;"></td><td style="display: none;">French's</td><td style="display: none;"></td><td style="display: none;"></td><td style="display: none;"></td><td style="display: none;"></td><td style="display: none;"></td><td style="display: none;"><a class="recipeLink" href="/recipe_ingredient_search_results.php?query=(_QU5E__1__________41__[]_1_1)">Recipes with prepared mustard</a></td></tr><tr role="row" class="even"><td tabindex="0"><i class="fa fa-thumbs-down"></i></td><td class=" not_printable"><div class="addToGL" data-soscuisine-aisle="20" data-soscuisine-sip="3942905"><i class="fa fa-cart-plus" title="Add to My Grocery List"></i><div></div></div></td><td><img class="storeItemImage" alt="prepared mustard" src="/media/images/store_item/blank.jpg"></td><td>prepared mustard</td><td class="not_printable sorting_1">condiments</td><td><img style="width:50%;" src="/media/images/logos/marchands/100.png" alt="Your Independent Grocer"></td><td><span itemprop="price">$4.49</span><span itemprop="eligibleQuantity" itemscope="" itemtype="http://schema.org/QuantitativeValue">/<span itemprop="unitText">500mL</span></span></td><td>$0.86/100g</td><td style="display: none;">2020-02-26</td><td style="display: none;"></td><td style="display: none;">Maille</td><td style="display: none;"></td><td style="display: none;">Dijon</td><td style="display: none;"></td><td style="display: none;"></td><td style="display: none;"></td><td style="display: none;"><a class="recipeLink" href="/recipe_ingredient_search_results.php?query=(_QU5E__1__________41__[]_1_1)">Recipes with prepared mustard</a></td></tr><tr role="row" class="odd"><td tabindex="0"><i class="fas fa-hand-rock"></i></td><td class=" not_printable"><div class="addToGL" data-soscuisine-aisle="20" data-soscuisine-sip="3942517"><i class="fa fa-cart-plus" title="Add to My Grocery List"></i><div></div></div></td><td><img class="storeItemImage" alt="tomato paste" src="/media/images/store_item/blank.jpg"></td><td>tomato paste</td><td class="not_printable sorting_1">condiments</td><td><img style="width:50%;" src="/media/images/logos/marchands/97.png" alt="No Frills"></td><td><span itemprop="price">$0.50</span><span itemprop="eligibleQuantity" itemscope="" itemtype="http://schema.org/QuantitativeValue">/<span itemprop="unitText">156mL</span></span></td><td>$0.27/100g</td><td style="display: none;">2020-02-26</td><td style="display: none;"></td><td style="display: none;">house brand</td><td style="display: none;"></td><td style="display: none;"></td><td style="display: none;"></td><td style="display: none;"></td><td style="display: none;"></td><td style="display: none;"><a class="recipeLink" href="/recipe_ingredient_search_results.php?query=(_QU5E__1__________46__[]_1_1)">Recipes with tomato paste</a></td></tr><tr role="row" class="even"><td tabindex="0"><i class="fa fa-thumbs-up"></i><i class="fa fa-thumbs-up"></i></td><td class=" not_printable"><div class="addToGL" data-soscuisine-aisle="21" data-soscuisine-sip="3942737"><i class="fa fa-cart-plus" title="Add to My Grocery List"></i><div></div></div></td><td><img class="storeItemImage" alt="almonds, shelled" src="/media/images/store_item/blank.jpg"></td><td>almonds, shelled</td><td class="not_printable sorting_1">nuts &amp; dried fruits</td><td><img style="width:50%;" src="/media/images/logos/marchands/100.png" alt="Your Independent Grocer"></td><td><span itemprop="price">$2.99</span><span itemprop="eligibleQuantity" itemscope="" itemtype="http://schema.org/QuantitativeValue">/<span itemprop="unitText">200g</span></span></td><td>$1.50/100g</td><td style="display: none;">2020-02-26</td><td style="display: none;"></td><td style="display: none;">Planters</td><td style="display: none;"></td><td style="display: none;"></td><td style="display: none;"></td><td style="display: none;"></td><td style="display: none;"></td><td style="display: none;"><a class="recipeLink" href="/recipe_ingredient_search_results.php?query=(_QU5E__1__________137__[]_1_1)">Recipes with almonds, shelled</a></td></tr><tr role="row" class="odd"><td tabindex="0"><i class="fa fa-thumbs-up"></i><i class="fa fa-thumbs-up"></i></td><td class=" not_printable"><div class="addToGL" data-soscuisine-aisle="21" data-soscuisine-sip="3942733"><i class="fa fa-cart-plus" title="Add to My Grocery List"></i><div></div></div></td><td><img class="storeItemImage" alt="cashew nuts" src="/media/images/store_item/blank.jpg"></td><td>cashew nuts</td><td class="not_printable sorting_1">nuts &amp; dried fruits</td><td><img style="width:50%;" src="/media/images/logos/marchands/100.png" alt="Your Independent Grocer"></td><td><span itemprop="price">$2.99</span><span itemprop="eligibleQuantity" itemscope="" itemtype="http://schema.org/QuantitativeValue">/<span itemprop="unitText">200g</span></span></td><td>$1.50/100g</td><td style="display: none;">2020-02-26</td><td style="display: none;"></td><td style="display: none;">Planters</td><td style="display: none;"></td><td style="display: none;"></td><td style="display: none;"></td><td style="display: none;">roasted</td><td style="display: none;"></td><td style="display: none;"><a class="recipeLink" href="/recipe_ingredient_search_results.php?query=(_QU5E__1__________140__[]_1_1)">Recipes with cashew nuts</a></td></tr><tr role="row" class="even"><td tabindex="0"><i class="fa fa-thumbs-up"></i><i class="fa fa-thumbs-up"></i></td><td class=" not_printable"><div class="addToGL" data-soscuisine-aisle="21" data-soscuisine-sip="3942465"><i class="fa fa-cart-plus" title="Add to My Grocery List"></i><div></div></div></td><td><img class="storeItemImage" alt="peanuts" src="/media/images/store_item/blank.jpg"></td><td>peanuts</td><td class="not_printable sorting_1">nuts &amp; dried fruits</td><td><img style="width:50%;" src="/media/images/logos/marchands/97.png" alt="No Frills"></td><td><span itemprop="price">$1.00</span><span itemprop="eligibleQuantity" itemscope="" itemtype="http://schema.org/QuantitativeValue">/<span itemprop="unitText">8oz (227g)</span></span></td><td>$0.44/100g</td><td style="display: none;">2020-02-26</td><td style="display: none;"></td><td style="display: none;">Trophy</td><td style="display: none;"></td><td style="display: none;"></td><td style="display: none;"></td><td style="display: none;"></td><td style="display: none;"></td><td style="display: none;"><a class="recipeLink" href="/recipe_ingredient_search_results.php?query=(_QU5E__1__________138__[]_1_1)">Recipes with peanuts</a></td></tr><tr role="row" class="odd"><td tabindex="0"><i class="fa fa-thumbs-up"></i><i class="fa fa-thumbs-up"></i></td><td class=" not_printable"><div class="addToGL" data-soscuisine-aisle="21" data-soscuisine-sip="3942739"><i class="fa fa-cart-plus" title="Add to My Grocery List"></i><div></div></div></td><td><img class="storeItemImage" alt="peanuts" src="/media/images/store_item/blank.jpg"></td><td>peanuts</td><td class="not_printable sorting_1">nuts &amp; dried fruits</td><td><img style="width:50%;" src="/media/images/logos/marchands/100.png" alt="Your Independent Grocer"></td><td><span itemprop="price">$2.99</span><span itemprop="eligibleQuantity" itemscope="" itemtype="http://schema.org/QuantitativeValue">/<span itemprop="unitText">600g</span></span></td><td>$0.50/100g</td><td style="display: none;">2020-02-26</td><td style="display: none;"></td><td style="display: none;">Planters</td><td style="display: none;"></td><td style="display: none;"></td><td style="display: none;"></td><td style="display: none;">roasted</td><td style="display: none;"></td><td style="display: none;"><a class="recipeLink" href="/recipe_ingredient_search_results.php?query=(_QU5E__1__________138__[]_1_1)">Recipes with peanuts</a></td></tr><tr role="row" class="even"><td tabindex="0"><i class="fa fa-thumbs-down"></i></td><td class=" not_printable"><div class="addToGL" data-soscuisine-aisle="21" data-soscuisine-sip="3943747"><i class="fa fa-cart-plus" title="Add to My Grocery List"></i><div></div></div></td><td><img class="storeItemImage" alt="pistachios, in shell" src="/media/images/store_item/blank.jpg"></td><td>pistachios, in shell</td><td class="not_printable sorting_1">nuts &amp; dried fruits</td><td><img style="width:50%;" src="/media/images/logos/marchands/50.png" alt="Foodland"></td><td><span itemprop="price">$4.99</span><span itemprop="eligibleQuantity" itemscope="" itemtype="http://schema.org/QuantitativeValue">/<span itemprop="unitText">200g</span></span></td><td>$2.49/100g</td><td style="display: none;">2020-02-26</td><td style="display: none;"></td><td style="display: none;">Wonderful</td><td style="display: none;"></td><td style="display: none;"></td><td style="display: none;"></td><td style="display: none;"></td><td style="display: none;"></td><td style="display: none;"><a class="recipeLink" href="/recipe_ingredient_search_results.php?query=(_QU5E__1__________949__[]_1_1)">Recipes with pistachios, in shell</a></td></tr><tr role="row" class="odd"><td tabindex="0"><i class="fa fa-thumbs-up"></i><i class="fa fa-thumbs-up"></i></td><td class=" not_printable"><div class="addToGL" data-soscuisine-aisle="23" data-soscuisine-sip="3942479"><i class="fa fa-cart-plus" title="Add to My Grocery List"></i><div></div></div></td><td><img class="storeItemImage" alt="corn, canned" src="/media/images/store_item/blank.jpg"></td><td>corn, canned</td><td class="not_printable sorting_1">canned food</td><td><img style="width:50%;" src="/media/images/logos/marchands/97.png" alt="No Frills"></td><td><span itemprop="price">$1.00</span><span itemprop="eligibleQuantity" itemscope="" itemtype="http://schema.org/QuantitativeValue">/<span itemprop="unitText">341mL</span></span></td><td>$0.33/100g</td><td style="display: none;">2020-02-26</td><td style="display: none;"></td><td style="display: none;">Green Giant</td><td style="display: none;"></td><td style="display: none;"></td><td style="display: none;"></td><td style="display: none;"></td><td style="display: none;"></td><td style="display: none;"><a class="recipeLink" href="/recipe_ingredient_search_results.php?query=(_QU5E__1__________420__[]_1_1)">Recipes with corn, canned</a></td></tr><tr role="row" class="even"><td tabindex="0"><i class="fa fa-thumbs-down"></i></td><td class=" not_printable"><div class="addToGL" data-soscuisine-aisle="23" data-soscuisine-sip="3946411"><i class="fa fa-cart-plus" title="Add to My Grocery List"></i><div></div></div></td><td><img class="storeItemImage" alt="corn, canned" src="/media/images/store_item/blank.jpg"></td><td>corn, canned</td><td class="not_printable sorting_1">canned food</td><td><img style="width:50%;" src="/media/images/logos/marchands/36.png" alt="Sobeys"></td><td><span itemprop="price">$3.99</span><span itemprop="eligibleQuantity" itemscope="" itemtype="http://schema.org/QuantitativeValue">/<span itemprop="value">3</span>x<span itemprop="unitText">341mL</span></span></td><td>$0.44/100g</td><td style="display: none;">2020-02-26</td><td style="display: none;"></td><td style="display: none;">Green Giant</td><td style="display: none;"></td><td style="display: none;"></td><td style="display: none;"></td><td style="display: none;"></td><td style="display: none;"></td><td style="display: none;"><a class="recipeLink" href="/recipe_ingredient_search_results.php?query=(_QU5E__1__________420__[]_1_1)">Recipes with corn, canned</a></td></tr><tr role="row" class="odd"><td tabindex="0"><i class="fa fa-thumbs-up"></i></td><td class=" not_printable"><div class="addToGL" data-soscuisine-aisle="23" data-soscuisine-sip="3946073"><i class="fa fa-cart-plus" title="Add to My Grocery List"></i><div></div></div></td><td><img class="storeItemImage" alt="peaches, canned" src="/media/images/store_item/blank.jpg"></td><td>peaches, canned</td><td class="not_printable sorting_1">canned food</td><td><img style="width:50%;" src="/media/images/logos/marchands/32.png" alt="Atlantic Superstore"></td><td><span itemprop="price">$6.00</span><span itemprop="eligibleQuantity" itemscope="" itemtype="http://schema.org/QuantitativeValue">/<span itemprop="value">2</span>x<span itemprop="unitText">796mL</span></span></td><td>$0.36/100g</td><td style="display: none;">2020-02-26</td><td style="display: none;"></td><td style="display: none;">Del Monte</td><td style="display: none;"></td><td style="display: none;"></td><td style="display: none;"></td><td style="display: none;"></td><td style="display: none;"></td><td style="display: none;"><a class="recipeLink" href="/recipe_ingredient_search_results.php?query=(_QU5E__1__________538__[]_1_1)">Recipes with peaches, canned</a></td></tr><tr role="row" class="even"><td tabindex="0"><i class="fas fa-hand-rock"></i></td><td class=" not_printable"><div class="addToGL" data-soscuisine-aisle="23" data-soscuisine-sip="3946071"><i class="fa fa-cart-plus" title="Add to My Grocery List"></i><div></div></div></td><td><img class="storeItemImage" alt="peaches, canned" src="/media/images/store_item/blank.jpg"></td><td>peaches, canned</td><td class="not_printable sorting_1">canned food</td><td><img style="width:50%;" src="/media/images/logos/marchands/32.png" alt="Atlantic Superstore"></td><td><span itemprop="price">$3.49</span><span itemprop="eligibleQuantity" itemscope="" itemtype="http://schema.org/QuantitativeValue">/<span itemprop="unitText">796mL</span></span></td><td>$0.41/100g</td><td style="display: none;">2020-02-26</td><td style="display: none;"></td><td style="display: none;">Del Monte</td><td style="display: none;"></td><td style="display: none;"></td><td style="display: none;"></td><td style="display: none;"></td><td style="display: none;"></td><td style="display: none;"><a class="recipeLink" href="/recipe_ingredient_search_results.php?query=(_QU5E__1__________538__[]_1_1)">Recipes with peaches, canned</a></td></tr><tr role="row" class="odd"><td tabindex="0"><i class="fa fa-thumbs-up"></i></td><td class=" not_printable"><div class="addToGL" data-soscuisine-aisle="23" data-soscuisine-sip="3943907"><i class="fa fa-cart-plus" title="Add to My Grocery List"></i><div></div></div></td><td><img class="storeItemImage" alt="peaches, canned" src="/media/images/store_item/blank.jpg"></td><td>peaches, canned</td><td class="not_printable sorting_1">canned food</td><td><img style="width:50%;" src="/media/images/logos/marchands/50.png" alt="Foodland"></td><td><span itemprop="price">$5.00</span><span itemprop="eligibleQuantity" itemscope="" itemtype="http://schema.org/QuantitativeValue">/<span itemprop="value">4</span>x<span itemprop="unitText">398mL</span></span></td><td>$0.30/100g</td><td style="display: none;">2020-02-26</td><td style="display: none;"></td><td style="display: none;">house brand</td><td style="display: none;"></td><td style="display: none;"></td><td style="display: none;"></td><td style="display: none;"></td><td style="display: none;"></td><td style="display: none;"><a class="recipeLink" href="/recipe_ingredient_search_results.php?query=(_QU5E__1__________538__[]_1_1)">Recipes with peaches, canned</a></td></tr><tr role="row" class="even"><td tabindex="0"><i class="fa fa-thumbs-up"></i><i class="fa fa-thumbs-up"></i></td><td class=" not_printable"><div class="addToGL" data-soscuisine-aisle="23" data-soscuisine-sip="3942485"><i class="fa fa-cart-plus" title="Add to My Grocery List"></i><div></div></div></td><td><img class="storeItemImage" alt="peaches, canned" src="/media/images/store_item/blank.jpg"></td><td>peaches, canned</td><td class="not_printable sorting_1">canned food</td><td><img style="width:50%;" src="/media/images/logos/marchands/97.png" alt="No Frills"></td><td><span itemprop="price">$1.00</span><span itemprop="eligibleQuantity" itemscope="" itemtype="http://schema.org/QuantitativeValue">/<span itemprop="unitText">398mL</span></span></td><td>$0.24/100g</td><td style="display: none;">2020-02-26</td><td style="display: none;"></td><td style="display: none;">house brand</td><td style="display: none;"></td><td style="display: none;"></td><td style="display: none;"></td><td style="display: none;"></td><td style="display: none;"></td><td style="display: none;"><a class="recipeLink" href="/recipe_ingredient_search_results.php?query=(_QU5E__1__________538__[]_1_1)">Recipes with peaches, canned</a></td></tr><tr role="row" class="odd"><td tabindex="0"><i class="fa fa-thumbs-up"></i></td><td class=" not_printable"><div class="addToGL" data-soscuisine-aisle="23" data-soscuisine-sip="3942893"><i class="fa fa-cart-plus" title="Add to My Grocery List"></i><div></div></div></td><td><img class="storeItemImage" alt="peaches, canned" src="/media/images/store_item/blank.jpg"></td><td>peaches, canned</td><td class="not_printable sorting_1">canned food</td><td><img style="width:50%;" src="/media/images/logos/marchands/100.png" alt="Your Independent Grocer"></td><td><span itemprop="price">$6.00</span><span itemprop="eligibleQuantity" itemscope="" itemtype="http://schema.org/QuantitativeValue">/<span itemprop="value">2</span>x<span itemprop="unitText">796mL</span></span></td><td>$0.36/100g</td><td style="display: none;">2020-02-26</td><td style="display: none;"></td><td style="display: none;">Dole</td><td style="display: none;"></td><td style="display: none;"></td><td style="display: none;"></td><td style="display: none;"></td><td style="display: none;"></td><td style="display: none;"><a class="recipeLink" href="/recipe_ingredient_search_results.php?query=(_QU5E__1__________538__[]_1_1)">Recipes with peaches, canned</a></td></tr><tr role="row" class="even"><td tabindex="0"><i class="fas fa-hand-rock"></i></td><td class=" not_printable"><div class="addToGL" data-soscuisine-aisle="23" data-soscuisine-sip="3942895"><i class="fa fa-cart-plus" title="Add to My Grocery List"></i><div></div></div></td><td><img class="storeItemImage" alt="peaches, canned" src="/media/images/store_item/blank.jpg"></td><td>peaches, canned</td><td class="not_printable sorting_1">canned food</td><td><img style="width:50%;" src="/media/images/logos/marchands/100.png" alt="Your Independent Grocer"></td><td><span itemprop="price">$3.49</span><span itemprop="eligibleQuantity" itemscope="" itemtype="http://schema.org/QuantitativeValue">/<span itemprop="unitText">796mL</span></span></td><td>$0.41/100g</td><td style="display: none;">2020-02-26</td><td style="display: none;"></td><td style="display: none;">Dole</td><td style="display: none;"></td><td style="display: none;"></td><td style="display: none;"></td><td style="display: none;"></td><td style="display: none;"></td><td style="display: none;"><a class="recipeLink" href="/recipe_ingredient_search_results.php?query=(_QU5E__1__________538__[]_1_1)">Recipes with peaches, canned</a></td></tr><tr role="row" class="odd"><td tabindex="0"><i class="fa fa-thumbs-up"></i></td><td class=" not_printable"><div class="addToGL" data-soscuisine-aisle="23" data-soscuisine-sip="3943865"><i class="fa fa-cart-plus" title="Add to My Grocery List"></i><div></div></div></td><td><img class="storeItemImage" alt="pineapple, canned" src="/media/images/store_item/blank.jpg"></td><td>pineapple, canned</td><td class="not_printable sorting_1">canned food</td><td><img style="width:50%;" src="/media/images/logos/marchands/50.png" alt="Foodland"></td><td><span itemprop="price">$3.00</span><span itemprop="eligibleQuantity" itemscope="" itemtype="http://schema.org/QuantitativeValue">/<span itemprop="value">2</span>x<span itemprop="unitText">398mL</span></span></td><td>$0.32/100g</td><td style="display: none;">2020-02-26</td><td style="display: none;"></td><td style="display: none;">house brand</td><td style="display: none;"></td><td style="display: none;"></td><td style="display: none;"></td><td style="display: none;"></td><td style="display: none;"></td><td style="display: none;"><a class="recipeLink" href="/recipe_ingredient_search_results.php?query=(_QU5E__1__________459__[]_1_1)">Recipes with pineapple, canned</a></td></tr><tr role="row" class="even"><td tabindex="0"><i class="fa fa-thumbs-up"></i></td><td class=" not_printable"><div class="addToGL" data-soscuisine-aisle="23" data-soscuisine-sip="3942523"><i class="fa fa-cart-plus" title="Add to My Grocery List"></i><div></div></div></td><td><img class="storeItemImage" alt="red beans (canned)" src="/media/images/store_item/blank.jpg"></td><td>red beans (canned)</td><td class="not_printable sorting_1">canned food</td><td><img style="width:50%;" src="/media/images/logos/marchands/97.png" alt="No Frills"></td><td><span itemprop="price">$1.00</span><span itemprop="eligibleQuantity" itemscope="" itemtype="http://schema.org/QuantitativeValue">/<span itemprop="unitText">540mL</span></span></td><td>$1.85/L</td><td style="display: none;">2020-02-26</td><td style="display: none;"></td><td style="display: none;">Unico</td><td style="display: none;"></td><td style="display: none;"></td><td style="display: none;"></td><td style="display: none;"></td><td style="display: none;"></td><td style="display: none;"><a class="recipeLink" href="/recipe_ingredient_search_results.php?query=(_QU5E__1__________432__[]_1_1)">Recipes with red beans (canned)</a></td></tr><tr role="row" class="odd"><td tabindex="0"><i class="fas fa-hand-rock"></i></td><td class=" not_printable"><div class="addToGL" data-soscuisine-aisle="23" data-soscuisine-sip="3946477"><i class="fa fa-cart-plus" title="Add to My Grocery List"></i><div></div></div></td><td><img class="storeItemImage" alt="salmon, canned" src="/media/images/store_item/blank.jpg"></td><td>salmon, canned</td><td class="not_printable sorting_1">canned food</td><td><img style="width:50%;" src="/media/images/logos/marchands/32.png" alt="Atlantic Superstore"></td><td><span itemprop="price">$3.99</span><span itemprop="eligibleQuantity" itemscope="" itemtype="http://schema.org/QuantitativeValue">/<span itemprop="unitText">7.5oz (213g)</span></span></td><td>$1.88/100g</td><td style="display: none;">2020-02-26</td><td style="display: none;"></td><td style="display: none;">Clover leaf</td><td style="display: none;"></td><td style="display: none;">Sockeye</td><td style="display: none;"></td><td style="display: none;"></td><td style="display: none;"></td><td style="display: none;"><a class="recipeLink" href="/recipe_ingredient_search_results.php?query=(_QU5E__1__________403__[]_1_1)">Recipes with salmon, canned</a></td></tr><tr role="row" class="even"><td tabindex="0"><i class="fa fa-thumbs-up"></i><i class="fa fa-thumbs-up"></i></td><td class=" not_printable"><div class="addToGL" data-soscuisine-aisle="23" data-soscuisine-sip="3943639"><i class="fa fa-cart-plus" title="Add to My Grocery List"></i><div></div></div></td><td><img class="storeItemImage" alt="salmon, canned" src="/media/images/store_item/blank.jpg"></td><td>salmon, canned</td><td class="not_printable sorting_1">canned food</td><td><img style="width:50%;" src="/media/images/logos/marchands/50.png" alt="Foodland"></td><td><span itemprop="price">$2.99</span><span itemprop="eligibleQuantity" itemscope="" itemtype="http://schema.org/QuantitativeValue">/<span itemprop="unitText">7.5oz (213g)</span></span></td><td>$1.41/100g</td><td style="display: none;">2020-02-26</td><td style="display: none;"></td><td style="display: none;">Clover leaf</td><td style="display: none;"></td><td style="display: none;"></td><td style="display: none;"></td><td style="display: none;"></td><td style="display: none;"></td><td style="display: none;"><a class="recipeLink" href="/recipe_ingredient_search_results.php?query=(_QU5E__1__________403__[]_1_1)">Recipes with salmon, canned</a></td></tr><tr role="row" class="odd"><td tabindex="0"><i class="fas fa-hand-rock"></i></td><td class=" not_printable"><div class="addToGL" data-soscuisine-aisle="23" data-soscuisine-sip="3946427"><i class="fa fa-cart-plus" title="Add to My Grocery List"></i><div></div></div></td><td><img class="storeItemImage" alt="salmon, canned" src="/media/images/store_item/blank.jpg"></td><td>salmon, canned</td><td class="not_printable sorting_1">canned food</td><td><img style="width:50%;" src="/media/images/logos/marchands/36.png" alt="Sobeys"></td><td><span itemprop="price">$3.99</span><span itemprop="eligibleQuantity" itemscope="" itemtype="http://schema.org/QuantitativeValue">/<span itemprop="unitText">7.5oz (213g)</span></span></td><td>$1.88/100g</td><td style="display: none;">2020-02-26</td><td style="display: none;"></td><td style="display: none;">Clover leaf</td><td style="display: none;"></td><td style="display: none;">pink</td><td style="display: none;"></td><td style="display: none;"></td><td style="display: none;"></td><td style="display: none;"><a class="recipeLink" href="/recipe_ingredient_search_results.php?query=(_QU5E__1__________403__[]_1_1)">Recipes with salmon, canned</a></td></tr><tr role="row" class="even"><td tabindex="0"><i class="fas fa-hand-rock"></i></td><td class=" not_printable"><div class="addToGL" data-soscuisine-aisle="23" data-soscuisine-sip="3947169"><i class="fa fa-cart-plus" title="Add to My Grocery List"></i><div></div></div></td><td><img class="storeItemImage" alt="salmon, canned" src="/media/images/store_item/blank.jpg"></td><td>salmon, canned</td><td class="not_printable sorting_1">canned food</td><td><img style="width:50%;" src="/media/images/logos/marchands/36.png" alt="Sobeys"></td><td><span itemprop="price">$2.99</span><span itemprop="eligibleQuantity" itemscope="" itemtype="http://schema.org/QuantitativeValue">/<span itemprop="unitText">5oz (142g)</span></span></td><td>$2.11/100g</td><td style="display: none;">2020-02-26</td><td style="display: none;"></td><td style="display: none;">Clover leaf</td><td style="display: none;"></td><td style="display: none;">pink</td><td style="display: none;"></td><td style="display: none;"></td><td style="display: none;"></td><td style="display: none;"><a class="recipeLink" href="/recipe_ingredient_search_results.php?query=(_QU5E__1__________403__[]_1_1)">Recipes with salmon, canned</a></td></tr><tr role="row" class="odd"><td tabindex="0"><i class="fa fa-thumbs-up"></i></td><td class=" not_printable"><div class="addToGL" data-soscuisine-aisle="23" data-soscuisine-sip="3942461"><i class="fa fa-cart-plus" title="Add to My Grocery List"></i><div></div></div></td><td><img class="storeItemImage" alt="sardines, tinned" src="/media/images/store_item/blank.jpg"></td><td>sardines, tinned</td><td class="not_printable sorting_1">canned food</td><td><img style="width:50%;" src="/media/images/logos/marchands/97.png" alt="No Frills"></td><td><span itemprop="price">$1.00</span><span itemprop="eligibleQuantity" itemscope="" itemtype="http://schema.org/QuantitativeValue">/<span itemprop="unitText">106g</span></span></td><td>$0.94/100g</td><td style="display: none;">2020-02-26</td><td style="display: none;"></td><td style="display: none;">Brunswick</td><td style="display: none;"></td><td style="display: none;"></td><td style="display: none;"></td><td style="display: none;"></td><td style="display: none;"></td><td style="display: none;"><a class="recipeLink" href="/recipe_ingredient_search_results.php?query=(_QU5E__1__________181__[]_1_1)">Recipes with sardines, tinned</a></td></tr><tr role="row" class="even"><td tabindex="0"><i class="fa fa-thumbs-up"></i></td><td class=" not_printable"><div class="addToGL" data-soscuisine-aisle="23" data-soscuisine-sip="3941083"><i class="fa fa-cart-plus" title="Add to My Grocery List"></i><div></div></div></td><td><img class="storeItemImage" alt="sardines, tinned" src="/media/images/store_item/blank.jpg"></td><td>sardines, tinned</td><td class="not_printable sorting_1">canned food</td><td><img style="width:50%;" src="/media/images/logos/marchands/76.png" alt="Walmart"></td><td><span itemprop="price">$0.97</span><span itemprop="eligibleQuantity" itemscope="" itemtype="http://schema.org/QuantitativeValue">/<span itemprop="unitText">106g</span></span></td><td>$0.92/100g</td><td style="display: none;">2020-02-26</td><td style="display: none;"></td><td style="display: none;">Brunswick</td><td style="display: none;"></td><td style="display: none;"></td><td style="display: none;"></td><td style="display: none;"></td><td style="display: none;"></td><td style="display: none;"><a class="recipeLink" href="/recipe_ingredient_search_results.php?query=(_QU5E__1__________181__[]_1_1)">Recipes with sardines, tinned</a></td></tr><tr role="row" class="odd"><td tabindex="0"><i class="fa fa-thumbs-up"></i><i class="fa fa-thumbs-up"></i></td><td class=" not_printable"><div class="addToGL" data-soscuisine-aisle="23" data-soscuisine-sip="3942527"><i class="fa fa-cart-plus" title="Add to My Grocery List"></i><div></div></div></td><td><img class="storeItemImage" alt="tomatoes, canned" src="/media/images/store_item/blank.jpg"></td><td>tomatoes, canned</td><td class="not_printable sorting_1">canned food</td><td><img style="width:50%;" src="/media/images/logos/marchands/97.png" alt="No Frills"></td><td><span itemprop="price">$1.00</span><span itemprop="eligibleQuantity" itemscope="" itemtype="http://schema.org/QuantitativeValue">/<span itemprop="unitText">796mL</span></span></td><td>$1.26/L</td><td style="display: none;">2020-02-26</td><td style="display: none;"></td><td style="display: none;">Unico</td><td style="display: none;"></td><td style="display: none;"></td><td style="display: none;"></td><td style="display: none;"></td><td style="display: none;"></td><td style="display: none;"><a class="recipeLink" href="/recipe_ingredient_search_results.php?query=(_QU5E__1__________294__[]_1_1)">Recipes with tomatoes, canned</a></td></tr><tr role="row" class="even"><td tabindex="0"><i class="fa fa-thumbs-up"></i><i class="fa fa-thumbs-up"></i></td><td class=" not_printable"><div class="addToGL" data-soscuisine-aisle="23" data-soscuisine-sip="3946571"><i class="fa fa-cart-plus" title="Add to My Grocery List"></i><div></div></div></td><td><img class="storeItemImage" alt="tuna, canned" src="/media/images/store_item/blank.jpg"></td><td>tuna, canned</td><td class="not_printable sorting_1">canned food</td><td><img style="width:50%;" src="/media/images/logos/marchands/32.png" alt="Atlantic Superstore"></td><td><span itemprop="price">$1.00</span><span itemprop="eligibleQuantity" itemscope="" itemtype="http://schema.org/QuantitativeValue">/<span itemprop="unitText">6oz (171g)</span></span></td><td>$0.58/100g</td><td style="display: none;">2020-02-26</td><td style="display: none;"></td><td style="display: none;">Clover leaf</td><td style="display: none;"></td><td style="display: none;">pale</td><td style="display: none;"></td><td style="display: none;"></td><td style="display: none;"></td><td style="display: none;"><a class="recipeLink" href="/recipe_ingredient_search_results.php?query=(_QU5E__1__________177__[]_1_1)">Recipes with tuna, canned</a></td></tr><tr role="row" class="odd"><td tabindex="0"><i class="fa fa-thumbs-down"></i></td><td class=" not_printable"><div class="addToGL" data-soscuisine-aisle="23" data-soscuisine-sip="3943625"><i class="fa fa-cart-plus" title="Add to My Grocery List"></i><div></div></div></td><td><img class="storeItemImage" alt="tuna, canned" src="/media/images/store_item/blank.jpg"></td><td>tuna, canned</td><td class="not_printable sorting_1">canned food</td><td><img style="width:50%;" src="/media/images/logos/marchands/50.png" alt="Foodland"></td><td><span itemprop="price">$2.99</span><span itemprop="eligibleQuantity" itemscope="" itemtype="http://schema.org/QuantitativeValue">/<span itemprop="unitText">6oz (171g)</span></span></td><td>$1.75/100g</td><td style="display: none;">2020-02-26</td><td style="display: none;"></td><td style="display: none;">Clover leaf</td><td style="display: none;"></td><td style="display: none;">yellowfin</td><td style="display: none;"></td><td style="display: none;"></td><td style="display: none;"></td><td style="display: none;"><a class="recipeLink" href="/recipe_ingredient_search_results.php?query=(_QU5E__1__________177__[]_1_1)">Recipes with tuna, canned</a></td></tr><tr role="row" class="even"><td tabindex="0"><i class="fa fa-thumbs-up"></i><i class="fa fa-thumbs-up"></i></td><td class=" not_printable"><div class="addToGL" data-soscuisine-aisle="23" data-soscuisine-sip="3942463"><i class="fa fa-cart-plus" title="Add to My Grocery List"></i><div></div></div></td><td><img class="storeItemImage" alt="tuna, canned" src="/media/images/store_item/blank.jpg"></td><td>tuna, canned</td><td class="not_printable sorting_1">canned food</td><td><img style="width:50%;" src="/media/images/logos/marchands/97.png" alt="No Frills"></td><td><span itemprop="price">$1.00</span><span itemprop="eligibleQuantity" itemscope="" itemtype="http://schema.org/QuantitativeValue">/<span itemprop="unitText">6oz (171g)</span></span></td><td>$0.58/100g</td><td style="display: none;">2020-02-26</td><td style="display: none;"></td><td style="display: none;">Ocean's</td><td style="display: none;"></td><td style="display: none;">pale</td><td style="display: none;"></td><td style="display: none;"></td><td style="display: none;"></td><td style="display: none;"><a class="recipeLink" href="/recipe_ingredient_search_results.php?query=(_QU5E__1__________177__[]_1_1)">Recipes with tuna, canned</a></td></tr><tr role="row" class="odd"><td tabindex="0"><i class="fa fa-thumbs-down"></i></td><td class=" not_printable"><div class="addToGL" data-soscuisine-aisle="23" data-soscuisine-sip="3947157"><i class="fa fa-cart-plus" title="Add to My Grocery List"></i><div></div></div></td><td><img class="storeItemImage" alt="tuna, canned" src="/media/images/store_item/blank.jpg"></td><td>tuna, canned</td><td class="not_printable sorting_1">canned food</td><td><img style="width:50%;" src="/media/images/logos/marchands/36.png" alt="Sobeys"></td><td><span itemprop="price">$2.99</span><span itemprop="eligibleQuantity" itemscope="" itemtype="http://schema.org/QuantitativeValue">/<span itemprop="unitText">6oz (171g)</span></span></td><td>$1.75/100g</td><td style="display: none;">2020-02-26</td><td style="display: none;"></td><td style="display: none;">house brand</td><td style="display: none;"></td><td style="display: none;">white</td><td style="display: none;"></td><td style="display: none;"></td><td style="display: none;"></td><td style="display: none;"><a class="recipeLink" href="/recipe_ingredient_search_results.php?query=(_QU5E__1__________177__[]_1_1)">Recipes with tuna, canned</a></td></tr><tr role="row" class="even"><td tabindex="0"><i class="fa fa-thumbs-up"></i><i class="fa fa-thumbs-up"></i></td><td class=" not_printable"><div class="addToGL" data-soscuisine-aisle="23" data-soscuisine-sip="3942333"><i class="fa fa-cart-plus" title="Add to My Grocery List"></i><div></div></div></td><td><img class="storeItemImage" alt="tuna, canned" src="/media/images/store_item/blank.jpg"></td><td>tuna, canned</td><td class="not_printable sorting_1">canned food</td><td><img style="width:50%;" src="/media/images/logos/marchands/100.png" alt="Your Independent Grocer"></td><td><span itemprop="price">$1.00</span><span itemprop="eligibleQuantity" itemscope="" itemtype="http://schema.org/QuantitativeValue">/<span itemprop="unitText">6oz (171g)</span></span></td><td>$0.58/100g</td><td style="display: none;">2020-02-26</td><td style="display: none;"></td><td style="display: none;">Clover leaf</td><td style="display: none;"></td><td style="display: none;"></td><td style="display: none;"></td><td style="display: none;"></td><td style="display: none;"></td><td style="display: none;"><a class="recipeLink" href="/recipe_ingredient_search_results.php?query=(_QU5E__1__________177__[]_1_1)">Recipes with tuna, canned</a></td></tr><tr role="row" class="odd"><td tabindex="0"><i class="fa fa-thumbs-up"></i></td><td class=" not_printable"><div class="addToGL" data-soscuisine-aisle="10" data-soscuisine-sip="3946035"><i class="fa fa-cart-plus" title="Add to My Grocery List"></i><div></div></div></td><td><img class="storeItemImage" alt="chicken stock" src="/media/images/store_item/blank.jpg"></td><td>chicken stock</td><td class="not_printable sorting_1">dry goods &amp; others</td><td><img style="width:50%;" src="/media/images/logos/marchands/36.png" alt="Sobeys"></td><td><span itemprop="price">$1.99</span><span itemprop="eligibleQuantity" itemscope="" itemtype="http://schema.org/QuantitativeValue">/<span itemprop="unitText">900mL</span></span></td><td>$2.21/L</td><td style="display: none;">2020-02-26</td><td style="display: none;"></td><td style="display: none;">Campbell's</td><td style="display: none;"></td><td style="display: none;"></td><td style="display: none;"></td><td style="display: none;"></td><td style="display: none;"></td><td style="display: none;"><a class="recipeLink" href="/recipe_ingredient_search_results.php?query=(_QU5E__1__________286__[]_1_1)">Recipes with chicken stock</a></td></tr><tr role="row" class="even"><td tabindex="0"><i class="fas fa-hand-rock"></i></td><td class=" not_printable"><div class="addToGL" data-soscuisine-aisle="10" data-soscuisine-sip="3945279"><i class="fa fa-cart-plus" title="Add to My Grocery List"></i><div></div></div></td><td><img class="storeItemImage" alt="chocolate, bittersweet" src="/media/images/store_item/blank.jpg"></td><td>chocolate, bittersweet</td><td class="not_printable sorting_1">dry goods &amp; others</td><td><img style="width:50%;" src="/media/images/logos/marchands/32.png" alt="Atlantic Superstore"></td><td><span itemprop="price">$6.00</span><span itemprop="eligibleQuantity" itemscope="" itemtype="http://schema.org/QuantitativeValue">/<span itemprop="value">2</span>x<span itemprop="unitText">100g</span></span></td><td>$3.00/100g</td><td style="display: none;">2020-02-26</td><td style="display: none;"></td><td style="display: none;">Lindt</td><td style="display: none;"></td><td style="display: none;"></td><td style="display: none;"></td><td style="display: none;"></td><td style="display: none;"></td><td style="display: none;"><a class="recipeLink" href="/recipe_ingredient_search_results.php?query=(_QU5E__1__________279__[]_1_1)">Recipes with chocolate, bittersweet</a></td></tr><tr role="row" class="odd"><td tabindex="0"><i class="fas fa-hand-rock"></i></td><td class=" not_printable"><div class="addToGL" data-soscuisine-aisle="10" data-soscuisine-sip="3945289"><i class="fa fa-cart-plus" title="Add to My Grocery List"></i><div></div></div></td><td><img class="storeItemImage" alt="chocolate, bittersweet" src="/media/images/store_item/blank.jpg"></td><td>chocolate, bittersweet</td><td class="not_printable sorting_1">dry goods &amp; others</td><td><img style="width:50%;" src="/media/images/logos/marchands/32.png" alt="Atlantic Superstore"></td><td><span itemprop="price">$3.49</span><span itemprop="eligibleQuantity" itemscope="" itemtype="http://schema.org/QuantitativeValue">/<span itemprop="unitText">100g</span></span></td><td>$3.49/100g</td><td style="display: none;">2020-02-26</td><td style="display: none;"></td><td style="display: none;">Lindt</td><td style="display: none;"></td><td style="display: none;"></td><td style="display: none;"></td><td style="display: none;"></td><td style="display: none;"></td><td style="display: none;"><a class="recipeLink" href="/recipe_ingredient_search_results.php?query=(_QU5E__1__________279__[]_1_1)">Recipes with chocolate, bittersweet</a></td></tr><tr role="row" class="even"><td tabindex="0"><i class="fa fa-thumbs-up"></i></td><td class=" not_printable"><div class="addToGL" data-soscuisine-aisle="10" data-soscuisine-sip="3945295"><i class="fa fa-cart-plus" title="Add to My Grocery List"></i><div></div></div></td><td><img class="storeItemImage" alt="chocolate, semisweet" src="/media/images/store_item/blank.jpg"></td><td>chocolate, semisweet</td><td class="not_printable sorting_1">dry goods &amp; others</td><td><img style="width:50%;" src="/media/images/logos/marchands/32.png" alt="Atlantic Superstore"></td><td><span itemprop="price">$6.50</span><span itemprop="eligibleQuantity" itemscope="" itemtype="http://schema.org/QuantitativeValue">/<span itemprop="value">2</span>x<span itemprop="unitText">300g</span></span></td><td>$1.08/100g</td><td style="display: none;">2020-02-26</td><td style="display: none;"></td><td style="display: none;">house brand</td><td style="display: none;"></td><td style="display: none;"></td><td style="display: none;"></td><td style="display: none;">chips</td><td style="display: none;"></td><td style="display: none;"><a class="recipeLink" href="/recipe_ingredient_search_results.php?query=(_QU5E__1__________280__[]_1_1)">Recipes with chocolate, semisweet</a></td></tr><tr role="row" class="odd"><td tabindex="0"><i class="fas fa-hand-rock"></i></td><td class=" not_printable"><div class="addToGL" data-soscuisine-aisle="10" data-soscuisine-sip="3945293"><i class="fa fa-cart-plus" title="Add to My Grocery List"></i><div></div></div></td><td><img class="storeItemImage" alt="chocolate, semisweet" src="/media/images/store_item/blank.jpg"></td><td>chocolate, semisweet</td><td class="not_printable sorting_1">dry goods &amp; others</td><td><img style="width:50%;" src="/media/images/logos/marchands/32.png" alt="Atlantic Superstore"></td><td><span itemprop="price">$3.59</span><span itemprop="eligibleQuantity" itemscope="" itemtype="http://schema.org/QuantitativeValue">/<span itemprop="unitText">300g</span></span></td><td>$1.20/100g</td><td style="display: none;">2020-02-26</td><td style="display: none;"></td><td style="display: none;">house brand</td><td style="display: none;"></td><td style="display: none;"></td><td style="display: none;"></td><td style="display: none;">chips</td><td style="display: none;"></td><td style="display: none;"><a class="recipeLink" href="/recipe_ingredient_search_results.php?query=(_QU5E__1__________280__[]_1_1)">Recipes with chocolate, semisweet</a></td></tr><tr role="row" class="even"><td tabindex="0"><i class="fas fa-hand-rock"></i></td><td class=" not_printable"><div class="addToGL" data-soscuisine-aisle="10" data-soscuisine-sip="3943875"><i class="fa fa-cart-plus" title="Add to My Grocery List"></i><div></div></div></td><td><img class="storeItemImage" alt="chocolate, semisweet" src="/media/images/store_item/blank.jpg"></td><td>chocolate, semisweet</td><td class="not_printable sorting_1">dry goods &amp; others</td><td><img style="width:50%;" src="/media/images/logos/marchands/50.png" alt="Foodland"></td><td><span itemprop="price">$7.00</span><span itemprop="eligibleQuantity" itemscope="" itemtype="http://schema.org/QuantitativeValue">/<span itemprop="value">2</span>x<span itemprop="unitText">300g</span></span></td><td>$1.17/100g</td><td style="display: none;">2020-02-26</td><td style="display: none;"></td><td style="display: none;">Hershey's</td><td style="display: none;"></td><td style="display: none;"></td><td style="display: none;"></td><td style="display: none;"></td><td style="display: none;"></td><td style="display: none;"><a class="recipeLink" href="/recipe_ingredient_search_results.php?query=(_QU5E__1__________280__[]_1_1)">Recipes with chocolate, semisweet</a></td></tr><tr role="row" class="odd"><td tabindex="0"><i class="fas fa-hand-rock"></i></td><td class=" not_printable"><div class="addToGL" data-soscuisine-aisle="10" data-soscuisine-sip="3946403"><i class="fa fa-cart-plus" title="Add to My Grocery List"></i><div></div></div></td><td><img class="storeItemImage" alt="chocolate, semisweet" src="/media/images/store_item/blank.jpg"></td><td>chocolate, semisweet</td><td class="not_printable sorting_1">dry goods &amp; others</td><td><img style="width:50%;" src="/media/images/logos/marchands/36.png" alt="Sobeys"></td><td><span itemprop="price">$3.29</span><span itemprop="eligibleQuantity" itemscope="" itemtype="http://schema.org/QuantitativeValue">/<span itemprop="unitText">300g</span></span></td><td>$1.10/100g</td><td style="display: none;">2020-02-26</td><td style="display: none;"></td><td style="display: none;">house brand</td><td style="display: none;"></td><td style="display: none;"></td><td style="display: none;"></td><td style="display: none;">chips</td><td style="display: none;"></td><td style="display: none;"><a class="recipeLink" href="/recipe_ingredient_search_results.php?query=(_QU5E__1__________280__[]_1_1)">Recipes with chocolate, semisweet</a></td></tr><tr role="row" class="even"><td tabindex="0"><i class="fa fa-thumbs-up"></i></td><td class=" not_printable"><div class="addToGL" data-soscuisine-aisle="10" data-soscuisine-sip="3942877"><i class="fa fa-cart-plus" title="Add to My Grocery List"></i><div></div></div></td><td><img class="storeItemImage" alt="chocolate, semisweet" src="/media/images/store_item/blank.jpg"></td><td>chocolate, semisweet</td><td class="not_printable sorting_1">dry goods &amp; others</td><td><img style="width:50%;" src="/media/images/logos/marchands/100.png" alt="Your Independent Grocer"></td><td><span itemprop="price">$6.50</span><span itemprop="eligibleQuantity" itemscope="" itemtype="http://schema.org/QuantitativeValue">/<span itemprop="value">2</span>x<span itemprop="unitText">300g</span></span></td><td>$1.08/100g</td><td style="display: none;">2020-02-26</td><td style="display: none;"></td><td style="display: none;">house brand</td><td style="display: none;"></td><td style="display: none;"></td><td style="display: none;"></td><td style="display: none;">chips</td><td style="display: none;"></td><td style="display: none;"><a class="recipeLink" href="/recipe_ingredient_search_results.php?query=(_QU5E__1__________280__[]_1_1)">Recipes with chocolate, semisweet</a></td></tr><tr role="row" class="odd"><td tabindex="0"><i class="fas fa-hand-rock"></i></td><td class=" not_printable"><div class="addToGL" data-soscuisine-aisle="10" data-soscuisine-sip="3942879"><i class="fa fa-cart-plus" title="Add to My Grocery List"></i><div></div></div></td><td><img class="storeItemImage" alt="chocolate, semisweet" src="/media/images/store_item/blank.jpg"></td><td>chocolate, semisweet</td><td class="not_printable sorting_1">dry goods &amp; others</td><td><img style="width:50%;" src="/media/images/logos/marchands/100.png" alt="Your Independent Grocer"></td><td><span itemprop="price">$3.58</span><span itemprop="eligibleQuantity" itemscope="" itemtype="http://schema.org/QuantitativeValue">/<span itemprop="unitText">300g</span></span></td><td>$1.19/100g</td><td style="display: none;">2020-02-26</td><td style="display: none;"></td><td style="display: none;">house brand</td><td style="display: none;"></td><td style="display: none;"></td><td style="display: none;"></td><td style="display: none;">chips</td><td style="display: none;"></td><td style="display: none;"><a class="recipeLink" href="/recipe_ingredient_search_results.php?query=(_QU5E__1__________280__[]_1_1)">Recipes with chocolate, semisweet</a></td></tr><tr role="row" class="even"><td tabindex="0"><i class="fa fa-thumbs-down"></i></td><td class=" not_printable"><div class="addToGL" data-soscuisine-aisle="10" data-soscuisine-sip="3943863"><i class="fa fa-cart-plus" title="Add to My Grocery List"></i><div></div></div></td><td><img class="storeItemImage" alt="chocolate-hazelnut spread" src="/media/images/store_item/blank.jpg"></td><td>chocolate-hazelnut spread</td><td class="not_printable sorting_1">dry goods &amp; others</td><td><img style="width:50%;" src="/media/images/logos/marchands/50.png" alt="Foodland"></td><td><span itemprop="price">$3.99</span><span itemprop="eligibleQuantity" itemscope="" itemtype="http://schema.org/QuantitativeValue">/<span itemprop="unitText">375g</span></span></td><td>$1.06/100g</td><td style="display: none;">2020-02-26</td><td style="display: none;"></td><td style="display: none;">Nutella</td><td style="display: none;"></td><td style="display: none;"></td><td style="display: none;"></td><td style="display: none;"></td><td style="display: none;"></td><td style="display: none;"><a class="recipeLink" href="/recipe_ingredient_search_results.php?query=(_QU5E__1__________1064__[]_1_1)">Recipes with chocolate-hazelnut spread</a></td></tr><tr role="row" class="odd"><td tabindex="0"><i class="fas fa-hand-rock"></i></td><td class=" not_printable"><div class="addToGL" data-soscuisine-aisle="10" data-soscuisine-sip="3945247"><i class="fa fa-cart-plus" title="Add to My Grocery List"></i><div></div></div></td><td><img class="storeItemImage" alt="coffee" src="/media/images/store_item/blank.jpg"></td><td>coffee</td><td class="not_printable sorting_1">dry goods &amp; others</td><td><img style="width:50%;" src="/media/images/logos/marchands/32.png" alt="Atlantic Superstore"></td><td><span itemprop="price">$7.99</span><span itemprop="eligibleQuantity" itemscope="" itemtype="http://schema.org/QuantitativeValue">/<span itemprop="unitText">340g</span></span></td><td>$2.35/100g</td><td style="display: none;">2020-02-26</td><td style="display: none;"></td><td style="display: none;">Lavazza</td><td style="display: none;"></td><td style="display: none;"></td><td style="display: none;"></td><td style="display: none;"></td><td style="display: none;"></td><td style="display: none;"><a class="recipeLink" href="/recipe_ingredient_search_results.php?query=(_QU5E__1__________276__[]_1_1)">Recipes with coffee</a></td></tr><tr role="row" class="even"><td tabindex="0"><i class="fa fa-thumbs-down"></i></td><td class=" not_printable"><div class="addToGL" data-soscuisine-aisle="10" data-soscuisine-sip="3945241"><i class="fa fa-cart-plus" title="Add to My Grocery List"></i><div></div></div></td><td><img class="storeItemImage" alt="coffee" src="/media/images/store_item/blank.jpg"></td><td>coffee</td><td class="not_printable sorting_1">dry goods &amp; others</td><td><img style="width:50%;" src="/media/images/logos/marchands/32.png" alt="Atlantic Superstore"></td><td><span itemprop="price">$18.99</span><span itemprop="eligibleQuantity" itemscope="" itemtype="http://schema.org/QuantitativeValue">/<span itemprop="unitText">28oz (794g)</span></span></td><td>$2.39/100g</td><td style="display: none;">2020-02-26</td><td style="display: none;"></td><td style="display: none;">Starbucks</td><td style="display: none;"></td><td style="display: none;"></td><td style="display: none;"></td><td style="display: none;"></td><td style="display: none;"></td><td style="display: none;"><a class="recipeLink" href="/recipe_ingredient_search_results.php?query=(_QU5E__1__________276__[]_1_1)">Recipes with coffee</a></td></tr><tr role="row" class="odd"><td tabindex="0"><i class="fa fa-thumbs-up"></i><i class="fa fa-thumbs-up"></i></td><td class=" not_printable"><div class="addToGL" data-soscuisine-aisle="10" data-soscuisine-sip="3943619"><i class="fa fa-cart-plus" title="Add to My Grocery List"></i><div></div></div></td><td><img class="storeItemImage" alt="coffee" src="/media/images/store_item/blank.jpg"></td><td>coffee</td><td class="not_printable sorting_1">dry goods &amp; others</td><td><img style="width:50%;" src="/media/images/logos/marchands/50.png" alt="Foodland"></td><td><span itemprop="price">$6.99</span><span itemprop="eligibleQuantity" itemscope="" itemtype="http://schema.org/QuantitativeValue">/<span itemprop="unitText">925g</span></span></td><td>$0.76/100g</td><td style="display: none;">2020-02-26</td><td style="display: none;"></td><td style="display: none;">Maxwell House</td><td style="display: none;"></td><td style="display: none;"></td><td style="display: none;"></td><td style="display: none;">ground</td><td style="display: none;"></td><td style="display: none;"><a class="recipeLink" href="/recipe_ingredient_search_results.php?query=(_QU5E__1__________276__[]_1_1)">Recipes with coffee</a></td></tr><tr role="row" class="even"><td tabindex="0"><i class="fa fa-thumbs-up"></i></td><td class=" not_printable"><div class="addToGL" data-soscuisine-aisle="10" data-soscuisine-sip="3943879"><i class="fa fa-cart-plus" title="Add to My Grocery List"></i><div></div></div></td><td><img class="storeItemImage" alt="coffee" src="/media/images/store_item/blank.jpg"></td><td>coffee</td><td class="not_printable sorting_1">dry goods &amp; others</td><td><img style="width:50%;" src="/media/images/logos/marchands/50.png" alt="Foodland"></td><td><span itemprop="price">$3.99</span><span itemprop="eligibleQuantity" itemscope="" itemtype="http://schema.org/QuantitativeValue">/<span itemprop="unitText">325g</span></span></td><td>$1.23/100g</td><td style="display: none;">2020-02-26</td><td style="display: none;"></td><td style="display: none;">Maxwell House</td><td style="display: none;"></td><td style="display: none;"></td><td style="display: none;"></td><td style="display: none;">ground</td><td style="display: none;"></td><td style="display: none;"><a class="recipeLink" href="/recipe_ingredient_search_results.php?query=(_QU5E__1__________276__[]_1_1)">Recipes with coffee</a></td></tr><tr role="row" class="odd"><td tabindex="0"><i class="fa fa-thumbs-up"></i><i class="fa fa-thumbs-up"></i></td><td class=" not_printable"><div class="addToGL" data-soscuisine-aisle="10" data-soscuisine-sip="3947173"><i class="fa fa-cart-plus" title="Add to My Grocery List"></i><div></div></div></td><td><img class="storeItemImage" alt="coffee" src="/media/images/store_item/blank.jpg"></td><td>coffee</td><td class="not_printable sorting_1">dry goods &amp; others</td><td><img style="width:50%;" src="/media/images/logos/marchands/36.png" alt="Sobeys"></td><td><span itemprop="price">$8.99</span><span itemprop="eligibleQuantity" itemscope="" itemtype="http://schema.org/QuantitativeValue">/<span itemprop="unitText">925g</span></span></td><td>$0.97/100g</td><td style="display: none;">2020-02-26</td><td style="display: none;"></td><td style="display: none;">Maxwell House</td><td style="display: none;"></td><td style="display: none;"></td><td style="display: none;"></td><td style="display: none;">ground</td><td style="display: none;"></td><td style="display: none;"><a class="recipeLink" href="/recipe_ingredient_search_results.php?query=(_QU5E__1__________276__[]_1_1)">Recipes with coffee</a></td></tr><tr role="row" class="even"><td tabindex="0"><i class="fa fa-thumbs-up"></i></td><td class=" not_printable"><div class="addToGL" data-soscuisine-aisle="10" data-soscuisine-sip="3946497"><i class="fa fa-cart-plus" title="Add to My Grocery List"></i><div></div></div></td><td><img class="storeItemImage" alt="coffee" src="/media/images/store_item/blank.jpg"></td><td>coffee</td><td class="not_printable sorting_1">dry goods &amp; others</td><td><img style="width:50%;" src="/media/images/logos/marchands/36.png" alt="Sobeys"></td><td><span itemprop="price">$3.99</span><span itemprop="eligibleQuantity" itemscope="" itemtype="http://schema.org/QuantitativeValue">/<span itemprop="unitText">325g</span></span></td><td>$1.23/100g</td><td style="display: none;">2020-02-26</td><td style="display: none;"></td><td style="display: none;">Maxwell House</td><td style="display: none;"></td><td style="display: none;"></td><td style="display: none;"></td><td style="display: none;">ground</td><td style="display: none;"></td><td style="display: none;"><a class="recipeLink" href="/recipe_ingredient_search_results.php?query=(_QU5E__1__________276__[]_1_1)">Recipes with coffee</a></td></tr><tr role="row" class="odd"><td tabindex="0"><i class="fa fa-thumbs-down"></i></td><td class=" not_printable"><div class="addToGL" data-soscuisine-aisle="10" data-soscuisine-sip="3946553"><i class="fa fa-cart-plus" title="Add to My Grocery List"></i><div></div></div></td><td><img class="storeItemImage" alt="coffee" src="/media/images/store_item/blank.jpg"></td><td>coffee</td><td class="not_printable sorting_1">dry goods &amp; others</td><td><img style="width:50%;" src="/media/images/logos/marchands/36.png" alt="Sobeys"></td><td><span itemprop="price">$8.99</span><span itemprop="eligibleQuantity" itemscope="" itemtype="http://schema.org/QuantitativeValue">/<span itemprop="unitText">340g</span></span></td><td>$2.64/100g</td><td style="display: none;">2020-02-26</td><td style="display: none;"></td><td style="display: none;">Starbucks</td><td style="display: none;"></td><td style="display: none;"></td><td style="display: none;"></td><td style="display: none;">ground</td><td style="display: none;"></td><td style="display: none;"><a class="recipeLink" href="/recipe_ingredient_search_results.php?query=(_QU5E__1__________276__[]_1_1)">Recipes with coffee</a></td></tr><tr role="row" class="even"><td tabindex="0"><i class="fa fa-thumbs-up"></i><i class="fa fa-thumbs-up"></i></td><td class=" not_printable"><div class="addToGL" data-soscuisine-aisle="10" data-soscuisine-sip="3941055"><i class="fa fa-cart-plus" title="Add to My Grocery List"></i><div></div></div></td><td><img class="storeItemImage" alt="coffee" src="/media/images/store_item/blank.jpg"></td><td>coffee</td><td class="not_printable sorting_1">dry goods &amp; others</td><td><img style="width:50%;" src="/media/images/logos/marchands/76.png" alt="Walmart"></td><td><span itemprop="price">$6.97</span><span itemprop="eligibleQuantity" itemscope="" itemtype="http://schema.org/QuantitativeValue">/<span itemprop="unitText">925g</span></span></td><td>$0.75/100g</td><td style="display: none;">2020-02-26</td><td style="display: none;"></td><td style="display: none;">Maxwell House</td><td style="display: none;"></td><td style="display: none;"></td><td style="display: none;"></td><td style="display: none;"></td><td style="display: none;"></td><td style="display: none;"><a class="recipeLink" href="/recipe_ingredient_search_results.php?query=(_QU5E__1__________276__[]_1_1)">Recipes with coffee</a></td></tr><tr role="row" class="odd"><td tabindex="0"><i class="fas fa-hand-rock"></i></td><td class=" not_printable"><div class="addToGL" data-soscuisine-aisle="10" data-soscuisine-sip="3942729"><i class="fa fa-cart-plus" title="Add to My Grocery List"></i><div></div></div></td><td><img class="storeItemImage" alt="coffee" src="/media/images/store_item/blank.jpg"></td><td>coffee</td><td class="not_printable sorting_1">dry goods &amp; others</td><td><img style="width:50%;" src="/media/images/logos/marchands/100.png" alt="Your Independent Grocer"></td><td><span itemprop="price">$12.99</span><span itemprop="eligibleQuantity" itemscope="" itemtype="http://schema.org/QuantitativeValue">/<span itemprop="unitText">2lb (907g)</span></span></td><td>$1.43/100g</td><td style="display: none;">2020-02-26</td><td style="display: none;"></td><td style="display: none;">house brand</td><td style="display: none;"></td><td style="display: none;"></td><td style="display: none;"></td><td style="display: none;">beans</td><td style="display: none;"></td><td style="display: none;"><a class="recipeLink" href="/recipe_ingredient_search_results.php?query=(_QU5E__1__________276__[]_1_1)">Recipes with coffee</a></td></tr><tr role="row" class="even"><td tabindex="0"><i class="fas fa-hand-rock"></i></td><td class=" not_printable"><div class="addToGL" data-soscuisine-aisle="10" data-soscuisine-sip="3945275"><i class="fa fa-cart-plus" title="Add to My Grocery List"></i><div></div></div></td><td><img class="storeItemImage" alt="crackers" src="/media/images/store_item/blank.jpg"></td><td>crackers</td><td class="not_printable sorting_1">dry goods &amp; others</td><td><img style="width:50%;" src="/media/images/logos/marchands/32.png" alt="Atlantic Superstore"></td><td><span itemprop="price">$5.00</span><span itemprop="eligibleQuantity" itemscope="" itemtype="http://schema.org/QuantitativeValue">/<span itemprop="value">2</span>x<span itemprop="unitText">200g</span></span></td><td>$1.25/100g</td><td style="display: none;">2020-02-26</td><td style="display: none;"></td><td style="display: none;">Christie</td><td style="display: none;"></td><td style="display: none;"></td><td style="display: none;"></td><td style="display: none;"></td><td style="display: none;"></td><td style="display: none;"><a class="recipeLink" href="/recipe_ingredient_search_results.php?query=(_QU5E__1__________1163__[]_1_1)">Recipes with crackers</a></td></tr><tr role="row" class="odd"><td tabindex="0"><i class="fa fa-thumbs-down"></i></td><td class=" not_printable"><div class="addToGL" data-soscuisine-aisle="10" data-soscuisine-sip="3945273"><i class="fa fa-cart-plus" title="Add to My Grocery List"></i><div></div></div></td><td><img class="storeItemImage" alt="crackers" src="/media/images/store_item/blank.jpg"></td><td>crackers</td><td class="not_printable sorting_1">dry goods &amp; others</td><td><img style="width:50%;" src="/media/images/logos/marchands/32.png" alt="Atlantic Superstore"></td><td><span itemprop="price">$2.99</span><span itemprop="eligibleQuantity" itemscope="" itemtype="http://schema.org/QuantitativeValue">/<span itemprop="unitText">200g</span></span></td><td>$1.50/100g</td><td style="display: none;">2020-02-26</td><td style="display: none;"></td><td style="display: none;">Christie</td><td style="display: none;"></td><td style="display: none;"></td><td style="display: none;"></td><td style="display: none;"></td><td style="display: none;"></td><td style="display: none;"><a class="recipeLink" href="/recipe_ingredient_search_results.php?query=(_QU5E__1__________1163__[]_1_1)">Recipes with crackers</a></td></tr><tr role="row" class="even"><td tabindex="0"><i class="fa fa-thumbs-up"></i><i class="fa fa-thumbs-up"></i></td><td class=" not_printable"><div class="addToGL" data-soscuisine-aisle="10" data-soscuisine-sip="3946039"><i class="fa fa-cart-plus" title="Add to My Grocery List"></i><div></div></div></td><td><img class="storeItemImage" alt="crackers" src="/media/images/store_item/blank.jpg"></td><td>crackers</td><td class="not_printable sorting_1">dry goods &amp; others</td><td><img style="width:50%;" src="/media/images/logos/marchands/36.png" alt="Sobeys"></td><td><span itemprop="price">$1.99</span><span itemprop="eligibleQuantity" itemscope="" itemtype="http://schema.org/QuantitativeValue">/<span itemprop="unitText">450g</span></span></td><td>$0.44/100g</td><td style="display: none;">2020-02-26</td><td style="display: none;"></td><td style="display: none;">house brand</td><td style="display: none;"></td><td style="display: none;"></td><td style="display: none;"></td><td style="display: none;"></td><td style="display: none;"></td><td style="display: none;"><a class="recipeLink" href="/recipe_ingredient_search_results.php?query=(_QU5E__1__________1163__[]_1_1)">Recipes with crackers</a></td></tr><tr role="row" class="odd"><td tabindex="0"><i class="fas fa-hand-rock"></i></td><td class=" not_printable"><div class="addToGL" data-soscuisine-aisle="10" data-soscuisine-sip="3946467"><i class="fa fa-cart-plus" title="Add to My Grocery List"></i><div></div></div></td><td><img class="storeItemImage" alt="crackers" src="/media/images/store_item/blank.jpg"></td><td>crackers</td><td class="not_printable sorting_1">dry goods &amp; others</td><td><img style="width:50%;" src="/media/images/logos/marchands/36.png" alt="Sobeys"></td><td><span itemprop="price">$2.99</span><span itemprop="eligibleQuantity" itemscope="" itemtype="http://schema.org/QuantitativeValue">/<span itemprop="unitText">250g</span></span></td><td>$1.20/100g</td><td style="display: none;">2020-02-26</td><td style="display: none;"></td><td style="display: none;">house brand</td><td style="display: none;"></td><td style="display: none;"></td><td style="display: none;"></td><td style="display: none;"></td><td style="display: none;"></td><td style="display: none;"><a class="recipeLink" href="/recipe_ingredient_search_results.php?query=(_QU5E__1__________1163__[]_1_1)">Recipes with crackers</a></td></tr><tr role="row" class="even"><td tabindex="0"><i class="fa fa-thumbs-down"></i></td><td class=" not_printable"><div class="addToGL" data-soscuisine-aisle="10" data-soscuisine-sip="3946443"><i class="fa fa-cart-plus" title="Add to My Grocery List"></i><div></div></div></td><td><img class="storeItemImage" alt="crackers" src="/media/images/store_item/blank.jpg"></td><td>crackers</td><td class="not_printable sorting_1">dry goods &amp; others</td><td><img style="width:50%;" src="/media/images/logos/marchands/36.png" alt="Sobeys"></td><td><span itemprop="price">$3.49</span><span itemprop="eligibleQuantity" itemscope="" itemtype="http://schema.org/QuantitativeValue">/<span itemprop="unitText">7.5oz (213g)</span></span></td><td>$1.64/100g</td><td style="display: none;">2020-02-26</td><td style="display: none;"></td><td style="display: none;">Annie's</td><td style="display: none;"></td><td style="display: none;"></td><td style="display: none;">Organic</td><td style="display: none;"></td><td style="display: none;"></td><td style="display: none;"><a class="recipeLink" href="/recipe_ingredient_search_results.php?query=(_QU5E__1__________1163__[]_1_1)">Recipes with crackers</a></td></tr><tr role="row" class="odd"><td tabindex="0"><i class="fa fa-thumbs-up"></i><i class="fa fa-thumbs-up"></i></td><td class=" not_printable"><div class="addToGL" data-soscuisine-aisle="10" data-soscuisine-sip="3942873"><i class="fa fa-cart-plus" title="Add to My Grocery List"></i><div></div></div></td><td><img class="storeItemImage" alt="crackers" src="/media/images/store_item/blank.jpg"></td><td>crackers</td><td class="not_printable sorting_1">dry goods &amp; others</td><td><img style="width:50%;" src="/media/images/logos/marchands/100.png" alt="Your Independent Grocer"></td><td><span itemprop="price">$5.00</span><span itemprop="eligibleQuantity" itemscope="" itemtype="http://schema.org/QuantitativeValue">/<span itemprop="value">2</span>x<span itemprop="unitText">300g</span></span></td><td>$0.83/100g</td><td style="display: none;">2020-02-26</td><td style="display: none;"></td><td style="display: none;">Christie</td><td style="display: none;"></td><td style="display: none;"></td><td style="display: none;"></td><td style="display: none;"></td><td style="display: none;"></td><td style="display: none;"><a class="recipeLink" href="/recipe_ingredient_search_results.php?query=(_QU5E__1__________1163__[]_1_1)">Recipes with crackers</a></td></tr><tr role="row" class="even"><td tabindex="0"><i class="fa fa-thumbs-up"></i></td><td class=" not_printable"><div class="addToGL" data-soscuisine-aisle="10" data-soscuisine-sip="3942875"><i class="fa fa-cart-plus" title="Add to My Grocery List"></i><div></div></div></td><td><img class="storeItemImage" alt="crackers" src="/media/images/store_item/blank.jpg"></td><td>crackers</td><td class="not_printable sorting_1">dry goods &amp; others</td><td><img style="width:50%;" src="/media/images/logos/marchands/100.png" alt="Your Independent Grocer"></td><td><span itemprop="price">$2.99</span><span itemprop="eligibleQuantity" itemscope="" itemtype="http://schema.org/QuantitativeValue">/<span itemprop="unitText">300g</span></span></td><td>$1.00/100g</td><td style="display: none;">2020-02-26</td><td style="display: none;"></td><td style="display: none;">Christie</td><td style="display: none;"></td><td style="display: none;"></td><td style="display: none;"></td><td style="display: none;"></td><td style="display: none;"></td><td style="display: none;"><a class="recipeLink" href="/recipe_ingredient_search_results.php?query=(_QU5E__1__________1163__[]_1_1)">Recipes with crackers</a></td></tr><tr role="row" class="odd"><td tabindex="0"><i class="fa fa-thumbs-up"></i><i class="fa fa-thumbs-up"></i></td><td class=" not_printable"><div class="addToGL" data-soscuisine-aisle="10" data-soscuisine-sip="3945239"><i class="fa fa-cart-plus" title="Add to My Grocery List"></i><div></div></div></td><td><img class="storeItemImage" alt="granola bars" src="/media/images/store_item/blank.jpg"></td><td>granola bars</td><td class="not_printable sorting_1">dry goods &amp; others</td><td><img style="width:50%;" src="/media/images/logos/marchands/32.png" alt="Atlantic Superstore"></td><td><span itemprop="price">$8.99</span><span itemprop="eligibleQuantity" itemscope="" itemtype="http://schema.org/QuantitativeValue">/<span itemprop="unitText">1.46kg</span></span></td><td>$0.62/100g</td><td style="display: none;">2020-02-26</td><td style="display: none;"></td><td style="display: none;">house brand</td><td style="display: none;"></td><td style="display: none;"></td><td style="display: none;"></td><td style="display: none;"></td><td style="display: none;"></td><td style="display: none;"><a class="recipeLink" href="/recipe_ingredient_search_results.php?query=(_QU5E__1__________963__[]_1_1)">Recipes with granola bars</a></td></tr><tr role="row" class="even"><td tabindex="0"><i class="fas fa-hand-rock"></i></td><td class=" not_printable"><div class="addToGL" data-soscuisine-aisle="10" data-soscuisine-sip="3945245"><i class="fa fa-cart-plus" title="Add to My Grocery List"></i><div></div></div></td><td><img class="storeItemImage" alt="granola bars" src="/media/images/store_item/blank.jpg"></td><td>granola bars</td><td class="not_printable sorting_1">dry goods &amp; others</td><td><img style="width:50%;" src="/media/images/logos/marchands/32.png" alt="Atlantic Superstore"></td><td><span itemprop="price">$4.00</span><span itemprop="eligibleQuantity" itemscope="" itemtype="http://schema.org/QuantitativeValue">/<span itemprop="value">2</span>x<span itemprop="unitText">5.3oz (150g)</span></span></td><td>$1.33/100g</td><td style="display: none;">2020-02-26</td><td style="display: none;"></td><td style="display: none;">Quaker</td><td style="display: none;"></td><td style="display: none;"></td><td style="display: none;"></td><td style="display: none;"></td><td style="display: none;"></td><td style="display: none;"><a class="recipeLink" href="/recipe_ingredient_search_results.php?query=(_QU5E__1__________963__[]_1_1)">Recipes with granola bars</a></td></tr><tr role="row" class="odd"><td tabindex="0"><i class="fas fa-hand-rock"></i></td><td class=" not_printable"><div class="addToGL" data-soscuisine-aisle="10" data-soscuisine-sip="3945243"><i class="fa fa-cart-plus" title="Add to My Grocery List"></i><div></div></div></td><td><img class="storeItemImage" alt="granola bars" src="/media/images/store_item/blank.jpg"></td><td>granola bars</td><td class="not_printable sorting_1">dry goods &amp; others</td><td><img style="width:50%;" src="/media/images/logos/marchands/32.png" alt="Atlantic Superstore"></td><td><span itemprop="price">$2.49</span><span itemprop="eligibleQuantity" itemscope="" itemtype="http://schema.org/QuantitativeValue">/<span itemprop="unitText">5.3oz (150g)</span></span></td><td>$1.66/100g</td><td style="display: none;">2020-02-26</td><td style="display: none;"></td><td style="display: none;">Quaker</td><td style="display: none;"></td><td style="display: none;"></td><td style="display: none;"></td><td style="display: none;"></td><td style="display: none;"></td><td style="display: none;"><a class="recipeLink" href="/recipe_ingredient_search_results.php?query=(_QU5E__1__________963__[]_1_1)">Recipes with granola bars</a></td></tr><tr role="row" class="even"><td tabindex="0"><i class="fa fa-thumbs-up"></i></td><td class=" not_printable"><div class="addToGL" data-soscuisine-aisle="10" data-soscuisine-sip="3946641"><i class="fa fa-cart-plus" title="Add to My Grocery List"></i><div></div></div></td><td><img class="storeItemImage" alt="granola bars" src="/media/images/store_item/blank.jpg"></td><td>granola bars</td><td class="not_printable sorting_1">dry goods &amp; others</td><td><img style="width:50%;" src="/media/images/logos/marchands/36.png" alt="Sobeys"></td><td><span itemprop="price">$4.00</span><span itemprop="eligibleQuantity" itemscope="" itemtype="http://schema.org/QuantitativeValue">/<span itemprop="value">2</span>x<span itemprop="unitText">5,5oz (156g)</span></span></td><td>$1.28/100g</td><td style="display: none;">2020-02-26</td><td style="display: none;"></td><td style="display: none;">house brand</td><td style="display: none;"></td><td style="display: none;"></td><td style="display: none;"></td><td style="display: none;"></td><td style="display: none;"></td><td style="display: none;"><a class="recipeLink" href="/recipe_ingredient_search_results.php?query=(_QU5E__1__________963__[]_1_1)">Recipes with granola bars</a></td></tr><tr role="row" class="odd"><td tabindex="0"><i class="fas fa-hand-rock"></i></td><td class=" not_printable"><div class="addToGL" data-soscuisine-aisle="10" data-soscuisine-sip="3946483"><i class="fa fa-cart-plus" title="Add to My Grocery List"></i><div></div></div></td><td><img class="storeItemImage" alt="instant coffee" src="/media/images/store_item/blank.jpg"></td><td>instant coffee</td><td class="not_printable sorting_1">dry goods &amp; others</td><td><img style="width:50%;" src="/media/images/logos/marchands/32.png" alt="Atlantic Superstore"></td><td><span itemprop="price">$3.99</span><span itemprop="eligibleQuantity" itemscope="" itemtype="http://schema.org/QuantitativeValue">/<span itemprop="unitText">100g</span></span></td><td>$3.99/100g</td><td style="display: none;">2020-02-26</td><td style="display: none;"></td><td style="display: none;">Nescafé</td><td style="display: none;"></td><td style="display: none;"></td><td style="display: none;"></td><td style="display: none;"></td><td style="display: none;"></td><td style="display: none;"><a class="recipeLink" href="/recipe_ingredient_search_results.php?query=(_QU5E__1__________1177__[]_1_1)">Recipes with instant coffee</a></td></tr><tr role="row" class="even"><td tabindex="0"><i class="fa fa-thumbs-down"></i></td><td class=" not_printable"><div class="addToGL" data-soscuisine-aisle="10" data-soscuisine-sip="3946263"><i class="fa fa-cart-plus" title="Add to My Grocery List"></i><div></div></div></td><td><img class="storeItemImage" alt="instant coffee" src="/media/images/store_item/blank.jpg"></td><td>instant coffee</td><td class="not_printable sorting_1">dry goods &amp; others</td><td><img style="width:50%;" src="/media/images/logos/marchands/32.png" alt="Atlantic Superstore"></td><td><span itemprop="price">$4.99</span><span itemprop="eligibleQuantity" itemscope="" itemtype="http://schema.org/QuantitativeValue">/<span itemprop="unitText">100g</span></span></td><td>$4.99/100g</td><td style="display: none;">2020-02-26</td><td style="display: none;"></td><td style="display: none;">Nescafé</td><td style="display: none;"></td><td style="display: none;"></td><td style="display: none;"></td><td style="display: none;"></td><td style="display: none;"></td><td style="display: none;"><a class="recipeLink" href="/recipe_ingredient_search_results.php?query=(_QU5E__1__________1177__[]_1_1)">Recipes with instant coffee</a></td></tr><tr role="row" class="odd"><td tabindex="0"><i class="fas fa-hand-rock"></i></td><td class=" not_printable"><div class="addToGL" data-soscuisine-aisle="10" data-soscuisine-sip="3943859"><i class="fa fa-cart-plus" title="Add to My Grocery List"></i><div></div></div></td><td><img class="storeItemImage" alt="instant coffee" src="/media/images/store_item/blank.jpg"></td><td>instant coffee</td><td class="not_printable sorting_1">dry goods &amp; others</td><td><img style="width:50%;" src="/media/images/logos/marchands/50.png" alt="Foodland"></td><td><span itemprop="price">$3.99</span><span itemprop="eligibleQuantity" itemscope="" itemtype="http://schema.org/QuantitativeValue">/<span itemprop="unitText">5.3oz (150g)</span></span></td><td>$2.66/100g</td><td style="display: none;">2020-02-26</td><td style="display: none;"></td><td style="display: none;">Maxwell House</td><td style="display: none;"></td><td style="display: none;"></td><td style="display: none;"></td><td style="display: none;"></td><td style="display: none;"></td><td style="display: none;"><a class="recipeLink" href="/recipe_ingredient_search_results.php?query=(_QU5E__1__________1177__[]_1_1)">Recipes with instant coffee</a></td></tr><tr role="row" class="even"><td tabindex="0"><i class="fas fa-hand-rock"></i></td><td class=" not_printable"><div class="addToGL" data-soscuisine-aisle="10" data-soscuisine-sip="3946493"><i class="fa fa-cart-plus" title="Add to My Grocery List"></i><div></div></div></td><td><img class="storeItemImage" alt="instant coffee" src="/media/images/store_item/blank.jpg"></td><td>instant coffee</td><td class="not_printable sorting_1">dry goods &amp; others</td><td><img style="width:50%;" src="/media/images/logos/marchands/36.png" alt="Sobeys"></td><td><span itemprop="price">$3.99</span><span itemprop="eligibleQuantity" itemscope="" itemtype="http://schema.org/QuantitativeValue">/<span itemprop="unitText">5.3oz (150g)</span></span></td><td>$2.66/100g</td><td style="display: none;">2020-02-26</td><td style="display: none;"></td><td style="display: none;">Maxwell House</td><td style="display: none;"></td><td style="display: none;"></td><td style="display: none;"></td><td style="display: none;"></td><td style="display: none;"></td><td style="display: none;"><a class="recipeLink" href="/recipe_ingredient_search_results.php?query=(_QU5E__1__________1177__[]_1_1)">Recipes with instant coffee</a></td></tr><tr role="row" class="odd"><td tabindex="0"><i class="fa fa-thumbs-down"></i></td><td class=" not_printable"><div class="addToGL" data-soscuisine-aisle="10" data-soscuisine-sip="3946457"><i class="fa fa-cart-plus" title="Add to My Grocery List"></i><div></div></div></td><td><img class="storeItemImage" alt="instant coffee" src="/media/images/store_item/blank.jpg"></td><td>instant coffee</td><td class="not_printable sorting_1">dry goods &amp; others</td><td><img style="width:50%;" src="/media/images/logos/marchands/36.png" alt="Sobeys"></td><td><span itemprop="price">$6.49</span><span itemprop="eligibleQuantity" itemscope="" itemtype="http://schema.org/QuantitativeValue">/<span itemprop="unitText">100g</span></span></td><td>$6.49/100g</td><td style="display: none;">2020-02-26</td><td style="display: none;"></td><td style="display: none;">Tim Hortons</td><td style="display: none;"></td><td style="display: none;"></td><td style="display: none;"></td><td style="display: none;"></td><td style="display: none;"></td><td style="display: none;"><a class="recipeLink" href="/recipe_ingredient_search_results.php?query=(_QU5E__1__________1177__[]_1_1)">Recipes with instant coffee</a></td></tr><tr role="row" class="even"><td tabindex="0"><i class="fa fa-thumbs-up"></i></td><td class=" not_printable"><div class="addToGL" data-soscuisine-aisle="10" data-soscuisine-sip="3942297"><i class="fa fa-cart-plus" title="Add to My Grocery List"></i><div></div></div></td><td><img class="storeItemImage" alt="instant coffee" src="/media/images/store_item/blank.jpg"></td><td>instant coffee</td><td class="not_printable sorting_1">dry goods &amp; others</td><td><img style="width:50%;" src="/media/images/logos/marchands/100.png" alt="Your Independent Grocer"></td><td><span itemprop="price">$3.99</span><span itemprop="eligibleQuantity" itemscope="" itemtype="http://schema.org/QuantitativeValue">/<span itemprop="unitText">6oz (171g)</span></span></td><td>$2.33/100g</td><td style="display: none;">2020-02-26</td><td style="display: none;"></td><td style="display: none;">Nescafé</td><td style="display: none;"></td><td style="display: none;"></td><td style="display: none;"></td><td style="display: none;"></td><td style="display: none;"></td><td style="display: none;"><a class="recipeLink" href="/recipe_ingredient_search_results.php?query=(_QU5E__1__________1177__[]_1_1)">Recipes with instant coffee</a></td></tr><tr role="row" class="odd"><td tabindex="0"><i class="fa fa-thumbs-up"></i></td><td class=" not_printable"><div class="addToGL" data-soscuisine-aisle="10" data-soscuisine-sip="3945081"><i class="fa fa-cart-plus" title="Add to My Grocery List"></i><div></div></div></td><td><img class="storeItemImage" alt="jam" src="/media/images/store_item/blank.jpg"></td><td>jam</td><td class="not_printable sorting_1">dry goods &amp; others</td><td><img style="width:50%;" src="/media/images/logos/marchands/32.png" alt="Atlantic Superstore"></td><td><span itemprop="price">$3.99</span><span itemprop="eligibleQuantity" itemscope="" itemtype="http://schema.org/QuantitativeValue">/<span itemprop="unitText">500mL</span></span></td><td>$0.60/100g</td><td style="display: none;">2020-02-26</td><td style="display: none;"></td><td style="display: none;">Kraft</td><td style="display: none;"></td><td style="display: none;">various types</td><td style="display: none;"></td><td style="display: none;"></td><td style="display: none;">PC Optimum members only</td><td style="display: none;"><a class="recipeLink" href="/recipe_ingredient_search_results.php?query=(_QU5E__1__________275__[]_1_1)">Recipes with jam</a></td></tr><tr role="row" class="even"><td tabindex="0"><i class="fas fa-hand-rock"></i></td><td class=" not_printable"><div class="addToGL" data-soscuisine-aisle="10" data-soscuisine-sip="3945083"><i class="fa fa-cart-plus" title="Add to My Grocery List"></i><div></div></div></td><td><img class="storeItemImage" alt="jam" src="/media/images/store_item/blank.jpg"></td><td>jam</td><td class="not_printable sorting_1">dry goods &amp; others</td><td><img style="width:50%;" src="/media/images/logos/marchands/32.png" alt="Atlantic Superstore"></td><td><span itemprop="price">$4.99</span><span itemprop="eligibleQuantity" itemscope="" itemtype="http://schema.org/QuantitativeValue">/<span itemprop="unitText">500mL</span></span></td><td>$0.74/100g</td><td style="display: none;">2020-02-26</td><td style="display: none;"></td><td style="display: none;">Kraft</td><td style="display: none;"></td><td style="display: none;">various types</td><td style="display: none;"></td><td style="display: none;"></td><td style="display: none;"></td><td style="display: none;"><a class="recipeLink" href="/recipe_ingredient_search_results.php?query=(_QU5E__1__________275__[]_1_1)">Recipes with jam</a></td></tr><tr role="row" class="odd"><td tabindex="0"><i class="fa fa-thumbs-up"></i></td><td class=" not_printable"><div class="addToGL" data-soscuisine-aisle="10" data-soscuisine-sip="3943861"><i class="fa fa-cart-plus" title="Add to My Grocery List"></i><div></div></div></td><td><img class="storeItemImage" alt="jam" src="/media/images/store_item/blank.jpg"></td><td>jam</td><td class="not_printable sorting_1">dry goods &amp; others</td><td><img style="width:50%;" src="/media/images/logos/marchands/50.png" alt="Foodland"></td><td><span itemprop="price">$3.99</span><span itemprop="eligibleQuantity" itemscope="" itemtype="http://schema.org/QuantitativeValue">/<span itemprop="unitText">500mL</span></span></td><td>$0.60/100g</td><td style="display: none;">2020-02-26</td><td style="display: none;"></td><td style="display: none;">Kraft</td><td style="display: none;"></td><td style="display: none;"></td><td style="display: none;"></td><td style="display: none;"></td><td style="display: none;"></td><td style="display: none;"><a class="recipeLink" href="/recipe_ingredient_search_results.php?query=(_QU5E__1__________275__[]_1_1)">Recipes with jam</a></td></tr><tr role="row" class="even"><td tabindex="0"><i class="fa fa-thumbs-up"></i></td><td class=" not_printable"><div class="addToGL" data-soscuisine-aisle="10" data-soscuisine-sip="3946417"><i class="fa fa-cart-plus" title="Add to My Grocery List"></i><div></div></div></td><td><img class="storeItemImage" alt="jam" src="/media/images/store_item/blank.jpg"></td><td>jam</td><td class="not_printable sorting_1">dry goods &amp; others</td><td><img style="width:50%;" src="/media/images/logos/marchands/36.png" alt="Sobeys"></td><td><span itemprop="price">$3.99</span><span itemprop="eligibleQuantity" itemscope="" itemtype="http://schema.org/QuantitativeValue">/<span itemprop="unitText">500mL</span></span></td><td>$0.60/100g</td><td style="display: none;">2020-02-26</td><td style="display: none;"></td><td style="display: none;">Smucker's</td><td style="display: none;"></td><td style="display: none;"></td><td style="display: none;"></td><td style="display: none;"></td><td style="display: none;"></td><td style="display: none;"><a class="recipeLink" href="/recipe_ingredient_search_results.php?query=(_QU5E__1__________275__[]_1_1)">Recipes with jam</a></td></tr><tr role="row" class="odd"><td tabindex="0"><i class="fa fa-thumbs-up"></i><i class="fa fa-thumbs-up"></i></td><td class=" not_printable"><div class="addToGL" data-soscuisine-aisle="10" data-soscuisine-sip="3945085"><i class="fa fa-cart-plus" title="Add to My Grocery List"></i><div></div></div></td><td><img class="storeItemImage" alt="peanut butter" src="/media/images/store_item/blank.jpg"></td><td>peanut butter</td><td class="not_printable sorting_1">dry goods &amp; others</td><td><img style="width:50%;" src="/media/images/logos/marchands/32.png" alt="Atlantic Superstore"></td><td><span itemprop="price">$3.99</span><span itemprop="eligibleQuantity" itemscope="" itemtype="http://schema.org/QuantitativeValue">/<span itemprop="unitText">1kg</span></span></td><td>$0.40/100g</td><td style="display: none;">2020-02-26</td><td style="display: none;"></td><td style="display: none;">Kraft</td><td style="display: none;"></td><td style="display: none;"></td><td style="display: none;"></td><td style="display: none;"></td><td style="display: none;">PC Optimum members only</td><td style="display: none;"><a class="recipeLink" href="/recipe_ingredient_search_results.php?query=(_QU5E__1__________144__[]_1_1)">Recipes with peanut butter</a></td></tr><tr role="row" class="even"><td tabindex="0"><i class="fas fa-hand-rock"></i></td><td class=" not_printable"><div class="addToGL" data-soscuisine-aisle="10" data-soscuisine-sip="3945087"><i class="fa fa-cart-plus" title="Add to My Grocery List"></i><div></div></div></td><td><img class="storeItemImage" alt="peanut butter" src="/media/images/store_item/blank.jpg"></td><td>peanut butter</td><td class="not_printable sorting_1">dry goods &amp; others</td><td><img style="width:50%;" src="/media/images/logos/marchands/32.png" alt="Atlantic Superstore"></td><td><span itemprop="price">$4.99</span><span itemprop="eligibleQuantity" itemscope="" itemtype="http://schema.org/QuantitativeValue">/<span itemprop="unitText">1kg</span></span></td><td>$0.50/100g</td><td style="display: none;">2020-02-26</td><td style="display: none;"></td><td style="display: none;">Kraft</td><td style="display: none;"></td><td style="display: none;"></td><td style="display: none;"></td><td style="display: none;"></td><td style="display: none;"></td><td style="display: none;"><a class="recipeLink" href="/recipe_ingredient_search_results.php?query=(_QU5E__1__________144__[]_1_1)">Recipes with peanut butter</a></td></tr><tr role="row" class="odd"><td tabindex="0"><i class="fa fa-thumbs-up"></i><i class="fa fa-thumbs-up"></i></td><td class=" not_printable"><div class="addToGL" data-soscuisine-aisle="10" data-soscuisine-sip="3943909"><i class="fa fa-cart-plus" title="Add to My Grocery List"></i><div></div></div></td><td><img class="storeItemImage" alt="peanut butter" src="/media/images/store_item/blank.jpg"></td><td>peanut butter</td><td class="not_printable sorting_1">dry goods &amp; others</td><td><img style="width:50%;" src="/media/images/logos/marchands/50.png" alt="Foodland"></td><td><span itemprop="price">$3.99</span><span itemprop="eligibleQuantity" itemscope="" itemtype="http://schema.org/QuantitativeValue">/<span itemprop="unitText">1kg</span></span></td><td>$0.40/100g</td><td style="display: none;">2020-02-26</td><td style="display: none;"></td><td style="display: none;">house brand</td><td style="display: none;"></td><td style="display: none;"></td><td style="display: none;"></td><td style="display: none;"></td><td style="display: none;"></td><td style="display: none;"><a class="recipeLink" href="/recipe_ingredient_search_results.php?query=(_QU5E__1__________144__[]_1_1)">Recipes with peanut butter</a></td></tr><tr role="row" class="even"><td tabindex="0"><i class="fas fa-hand-rock"></i></td><td class=" not_printable"><div class="addToGL" data-soscuisine-aisle="10" data-soscuisine-sip="3943881"><i class="fa fa-cart-plus" title="Add to My Grocery List"></i><div></div></div></td><td><img class="storeItemImage" alt="peanut butter" src="/media/images/store_item/blank.jpg"></td><td>peanut butter</td><td class="not_printable sorting_1">dry goods &amp; others</td><td><img style="width:50%;" src="/media/images/logos/marchands/50.png" alt="Foodland"></td><td><span itemprop="price">$9.99</span><span itemprop="eligibleQuantity" itemscope="" itemtype="http://schema.org/QuantitativeValue">/<span itemprop="unitText">4.4lb (2kg)</span></span></td><td>$0.50/100g</td><td style="display: none;">2020-02-26</td><td style="display: none;"></td><td style="display: none;">Kraft</td><td style="display: none;"></td><td style="display: none;"></td><td style="display: none;"></td><td style="display: none;"></td><td style="display: none;"></td><td style="display: none;"><a class="recipeLink" href="/recipe_ingredient_search_results.php?query=(_QU5E__1__________144__[]_1_1)">Recipes with peanut butter</a></td></tr><tr role="row" class="odd"><td tabindex="0"><i class="fa fa-thumbs-up"></i><i class="fa fa-thumbs-up"></i></td><td class=" not_printable"><div class="addToGL" data-soscuisine-aisle="10" data-soscuisine-sip="3946101"><i class="fa fa-cart-plus" title="Add to My Grocery List"></i><div></div></div></td><td><img class="storeItemImage" alt="peanut butter" src="/media/images/store_item/blank.jpg"></td><td>peanut butter</td><td class="not_printable sorting_1">dry goods &amp; others</td><td><img style="width:50%;" src="/media/images/logos/marchands/36.png" alt="Sobeys"></td><td><span itemprop="price">$7.97</span><span itemprop="eligibleQuantity" itemscope="" itemtype="http://schema.org/QuantitativeValue">/<span itemprop="unitText">4.4lb (2kg)</span></span></td><td>$0.40/100g</td><td style="display: none;">2020-02-26</td><td style="display: none;"></td><td style="display: none;">Kraft</td><td style="display: none;"></td><td style="display: none;"></td><td style="display: none;"></td><td style="display: none;"></td><td style="display: none;"></td><td style="display: none;"><a class="recipeLink" href="/recipe_ingredient_search_results.php?query=(_QU5E__1__________144__[]_1_1)">Recipes with peanut butter</a></td></tr><tr role="row" class="even"><td tabindex="0"><i class="fa fa-thumbs-down"></i></td><td class=" not_printable"><div class="addToGL" data-soscuisine-aisle="10" data-soscuisine-sip="3946413"><i class="fa fa-cart-plus" title="Add to My Grocery List"></i><div></div></div></td><td><img class="storeItemImage" alt="peanut butter" src="/media/images/store_item/blank.jpg"></td><td>peanut butter</td><td class="not_printable sorting_1">dry goods &amp; others</td><td><img style="width:50%;" src="/media/images/logos/marchands/36.png" alt="Sobeys"></td><td><span itemprop="price">$3.99</span><span itemprop="eligibleQuantity" itemscope="" itemtype="http://schema.org/QuantitativeValue">/<span itemprop="unitText">500g</span></span></td><td>$0.80/100g</td><td style="display: none;">2020-02-26</td><td style="display: none;"></td><td style="display: none;">Jif</td><td style="display: none;"></td><td style="display: none;"></td><td style="display: none;"></td><td style="display: none;"></td><td style="display: none;"></td><td style="display: none;"><a class="recipeLink" href="/recipe_ingredient_search_results.php?query=(_QU5E__1__________144__[]_1_1)">Recipes with peanut butter</a></td></tr><tr role="row" class="odd"><td tabindex="0"><i class="fa fa-thumbs-up"></i><i class="fa fa-thumbs-up"></i></td><td class=" not_printable"><div class="addToGL" data-soscuisine-aisle="10" data-soscuisine-sip="3946087"><i class="fa fa-cart-plus" title="Add to My Grocery List"></i><div></div></div></td><td><img class="storeItemImage" alt="sport drink" src="/media/images/store_item/blank.jpg"></td><td>sport drink</td><td class="not_printable sorting_1">dry goods &amp; others</td><td><img style="width:50%;" src="/media/images/logos/marchands/32.png" alt="Atlantic Superstore"></td><td><span itemprop="price">$14.99</span><span itemprop="eligibleQuantity" itemscope="" itemtype="http://schema.org/QuantitativeValue">/<span itemprop="value">24</span>x<span itemprop="unitText">20oz (591mL)</span></span></td><td>$0.11/100mL</td><td style="display: none;">2020-02-26</td><td style="display: none;"></td><td style="display: none;">Gatorade</td><td style="display: none;"></td><td style="display: none;"></td><td style="display: none;"></td><td style="display: none;"></td><td style="display: none;">or Powerade</td><td style="display: none;"><a class="recipeLink" href="/recipe_ingredient_search_results.php?query=(_QU5E__1__________1070__[]_1_1)">Recipes with sport drink</a></td></tr><tr role="row" class="even"><td tabindex="0"><i class="fas fa-hand-rock"></i></td><td class=" not_printable"><div class="addToGL" data-soscuisine-aisle="10" data-soscuisine-sip="3943857"><i class="fa fa-cart-plus" title="Add to My Grocery List"></i><div></div></div></td><td><img class="storeItemImage" alt="sport drink" src="/media/images/store_item/blank.jpg"></td><td>sport drink</td><td class="not_printable sorting_1">dry goods &amp; others</td><td><img style="width:50%;" src="/media/images/logos/marchands/50.png" alt="Foodland"></td><td><span itemprop="price">$1.25</span><span itemprop="eligibleQuantity" itemscope="" itemtype="http://schema.org/QuantitativeValue">/<span itemprop="unitText">710mL</span></span></td><td>$0.18/100mL</td><td style="display: none;">2020-02-26</td><td style="display: none;"></td><td style="display: none;">Gatorade</td><td style="display: none;"></td><td style="display: none;"></td><td style="display: none;"></td><td style="display: none;"></td><td style="display: none;"></td><td style="display: none;"><a class="recipeLink" href="/recipe_ingredient_search_results.php?query=(_QU5E__1__________1070__[]_1_1)">Recipes with sport drink</a></td></tr><tr role="row" class="odd"><td tabindex="0"><i class="fa fa-thumbs-up"></i><i class="fa fa-thumbs-up"></i></td><td class=" not_printable"><div class="addToGL" data-soscuisine-aisle="10" data-soscuisine-sip="3942513"><i class="fa fa-cart-plus" title="Add to My Grocery List"></i><div></div></div></td><td><img class="storeItemImage" alt="sport drink" src="/media/images/store_item/blank.jpg"></td><td>sport drink</td><td class="not_printable sorting_1">dry goods &amp; others</td><td><img style="width:50%;" src="/media/images/logos/marchands/97.png" alt="No Frills"></td><td><span itemprop="price">$1.00</span><span itemprop="eligibleQuantity" itemscope="" itemtype="http://schema.org/QuantitativeValue">/<span itemprop="unitText">950mL</span></span></td><td>$0.11/100mL</td><td style="display: none;">2020-02-26</td><td style="display: none;"></td><td style="display: none;">Gatorade</td><td style="display: none;"></td><td style="display: none;"></td><td style="display: none;"></td><td style="display: none;"></td><td style="display: none;"></td><td style="display: none;"><a class="recipeLink" href="/recipe_ingredient_search_results.php?query=(_QU5E__1__________1070__[]_1_1)">Recipes with sport drink</a></td></tr><tr role="row" class="even"><td tabindex="0"><i class="fa fa-thumbs-up"></i></td><td class=" not_printable"><div class="addToGL" data-soscuisine-aisle="10" data-soscuisine-sip="3946621"><i class="fa fa-cart-plus" title="Add to My Grocery List"></i><div></div></div></td><td><img class="storeItemImage" alt="sport drink" src="/media/images/store_item/blank.jpg"></td><td>sport drink</td><td class="not_printable sorting_1">dry goods &amp; others</td><td><img style="width:50%;" src="/media/images/logos/marchands/36.png" alt="Sobeys"></td><td><span itemprop="price">$4.99</span><span itemprop="eligibleQuantity" itemscope="" itemtype="http://schema.org/QuantitativeValue">/<span itemprop="value">6</span>x<span itemprop="unitText">20oz (591mL)</span></span></td><td>$0.14/100mL</td><td style="display: none;">2020-02-26</td><td style="display: none;"></td><td style="display: none;">Gatorade</td><td style="display: none;"></td><td style="display: none;"></td><td style="display: none;"></td><td style="display: none;"></td><td style="display: none;"></td><td style="display: none;"><a class="recipeLink" href="/recipe_ingredient_search_results.php?query=(_QU5E__1__________1070__[]_1_1)">Recipes with sport drink</a></td></tr><tr role="row" class="odd"><td tabindex="0"><i class="fas fa-hand-rock"></i></td><td class=" not_printable"><div class="addToGL" data-soscuisine-aisle="10" data-soscuisine-sip="3946627"><i class="fa fa-cart-plus" title="Add to My Grocery List"></i><div></div></div></td><td><img class="storeItemImage" alt="sport drink" src="/media/images/store_item/blank.jpg"></td><td>sport drink</td><td class="not_printable sorting_1">dry goods &amp; others</td><td><img style="width:50%;" src="/media/images/logos/marchands/36.png" alt="Sobeys"></td><td><span itemprop="price">$4.99</span><span itemprop="eligibleQuantity" itemscope="" itemtype="http://schema.org/QuantitativeValue">/<span itemprop="value">8</span>x<span itemprop="unitText">355mL</span></span></td><td>$0.18/100mL</td><td style="display: none;">2020-02-26</td><td style="display: none;"></td><td style="display: none;">Gatorade</td><td style="display: none;"></td><td style="display: none;"></td><td style="display: none;"></td><td style="display: none;"></td><td style="display: none;"></td><td style="display: none;"><a class="recipeLink" href="/recipe_ingredient_search_results.php?query=(_QU5E__1__________1070__[]_1_1)">Recipes with sport drink</a></td></tr><tr role="row" class="even"><td tabindex="0"><i class="fa fa-thumbs-up"></i></td><td class=" not_printable"><div class="addToGL" data-soscuisine-aisle="10" data-soscuisine-sip="3941093"><i class="fa fa-cart-plus" title="Add to My Grocery List"></i><div></div></div></td><td><img class="storeItemImage" alt="sport drink" src="/media/images/store_item/blank.jpg"></td><td>sport drink</td><td class="not_printable sorting_1">dry goods &amp; others</td><td><img style="width:50%;" src="/media/images/logos/marchands/76.png" alt="Walmart"></td><td><span itemprop="price">$10.00</span><span itemprop="eligibleQuantity" itemscope="" itemtype="http://schema.org/QuantitativeValue">/<span itemprop="value">12</span>x<span itemprop="unitText">20oz (591mL)</span></span></td><td>$0.14/100mL</td><td style="display: none;">2020-02-26</td><td style="display: none;"></td><td style="display: none;">Gatorade</td><td style="display: none;"></td><td style="display: none;"></td><td style="display: none;"></td><td style="display: none;"></td><td style="display: none;"></td><td style="display: none;"><a class="recipeLink" href="/recipe_ingredient_search_results.php?query=(_QU5E__1__________1070__[]_1_1)">Recipes with sport drink</a></td></tr><tr role="row" class="odd"><td tabindex="0"><i class="fas fa-hand-rock"></i></td><td class=" not_printable"><div class="addToGL" data-soscuisine-aisle="10" data-soscuisine-sip="3941091"><i class="fa fa-cart-plus" title="Add to My Grocery List"></i><div></div></div></td><td><img class="storeItemImage" alt="sport drink" src="/media/images/store_item/blank.jpg"></td><td>sport drink</td><td class="not_printable sorting_1">dry goods &amp; others</td><td><img style="width:50%;" src="/media/images/logos/marchands/76.png" alt="Walmart"></td><td><span itemprop="price">$5.97</span><span itemprop="eligibleQuantity" itemscope="" itemtype="http://schema.org/QuantitativeValue">/<span itemprop="value">6</span>x<span itemprop="unitText">20oz (591mL)</span></span></td><td>$0.17/100mL</td><td style="display: none;">2020-02-26</td><td style="display: none;"></td><td style="display: none;">Gatorade</td><td style="display: none;"></td><td style="display: none;"></td><td style="display: none;"></td><td style="display: none;"></td><td style="display: none;"></td><td style="display: none;"><a class="recipeLink" href="/recipe_ingredient_search_results.php?query=(_QU5E__1__________1070__[]_1_1)">Recipes with sport drink</a></td></tr><tr role="row" class="even"><td tabindex="0"><i class="fa fa-thumbs-up"></i></td><td class=" not_printable"><div class="addToGL" data-soscuisine-aisle="10" data-soscuisine-sip="3942907"><i class="fa fa-cart-plus" title="Add to My Grocery List"></i><div></div></div></td><td><img class="storeItemImage" alt="sport drink" src="/media/images/store_item/blank.jpg"></td><td>sport drink</td><td class="not_printable sorting_1">dry goods &amp; others</td><td><img style="width:50%;" src="/media/images/logos/marchands/100.png" alt="Your Independent Grocer"></td><td><span itemprop="price">$10.00</span><span itemprop="eligibleQuantity" itemscope="" itemtype="http://schema.org/QuantitativeValue">/<span itemprop="value">12</span>x<span itemprop="unitText">20oz (591mL)</span></span></td><td>$0.14/100mL</td><td style="display: none;">2020-02-26</td><td style="display: none;"></td><td style="display: none;">Gatorade</td><td style="display: none;"></td><td style="display: none;"></td><td style="display: none;"></td><td style="display: none;"></td><td style="display: none;">or Powerade</td><td style="display: none;"><a class="recipeLink" href="/recipe_ingredient_search_results.php?query=(_QU5E__1__________1070__[]_1_1)">Recipes with sport drink</a></td></tr><tr role="row" class="odd"><td tabindex="0"><i class="fa fa-thumbs-down"></i></td><td class=" not_printable"><div class="addToGL" data-soscuisine-aisle="10" data-soscuisine-sip="3942911"><i class="fa fa-cart-plus" title="Add to My Grocery List"></i><div></div></div></td><td><img class="storeItemImage" alt="sport drink" src="/media/images/store_item/blank.jpg"></td><td>sport drink</td><td class="not_printable sorting_1">dry goods &amp; others</td><td><img style="width:50%;" src="/media/images/logos/marchands/100.png" alt="Your Independent Grocer"></td><td><span itemprop="price">$5.99</span><span itemprop="eligibleQuantity" itemscope="" itemtype="http://schema.org/QuantitativeValue">/<span itemprop="unitText">20oz (591mL)</span></span></td><td>$1.01/100mL</td><td style="display: none;">2020-02-26</td><td style="display: none;"></td><td style="display: none;">Gatorade</td><td style="display: none;"></td><td style="display: none;"></td><td style="display: none;"></td><td style="display: none;"></td><td style="display: none;">or Powerade</td><td style="display: none;"><a class="recipeLink" href="/recipe_ingredient_search_results.php?query=(_QU5E__1__________1070__[]_1_1)">Recipes with sport drink</a></td></tr><tr role="row" class="even"><td tabindex="0"><i class="fa fa-thumbs-up"></i><i class="fa fa-thumbs-up"></i></td><td class=" not_printable"><div class="addToGL" data-soscuisine-aisle="26" data-soscuisine-sip="3942529"><i class="fa fa-cart-plus" title="Add to My Grocery List"></i><div></div></div></td><td><img class="storeItemImage" alt="crackers, gluten-free" src="/media/images/store_item/blank.jpg"></td><td>crackers, gluten-free</td><td class="not_printable sorting_1">gluten-free</td><td><img style="width:50%;" src="/media/images/logos/marchands/97.png" alt="No Frills"></td><td><span itemprop="price">$1.00</span><span itemprop="eligibleQuantity" itemscope="" itemtype="http://schema.org/QuantitativeValue">/<span itemprop="unitText">100g</span></span></td><td>$1.00/100g</td><td style="display: none;">2020-02-26</td><td style="display: none;"></td><td style="display: none;">house brand</td><td style="display: none;"></td><td style="display: none;">rice</td><td style="display: none;"></td><td style="display: none;"></td><td style="display: none;"></td><td style="display: none;"><a class="recipeLink" href="/recipe_ingredient_search_results.php?query=(_QU5E__1__________1164__[]_1_1)">Recipes with crackers, gluten-free</a></td></tr><tr role="row" class="odd"><td tabindex="0"><i class="fas fa-exclamation"></i></td><td class=" not_printable"><div class="addToGL" data-soscuisine-aisle="11" data-soscuisine-sip="3947181"><i class="fa fa-cart-plus" title="Add to My Grocery List"></i><div></div></div></td><td><img class="storeItemImage" alt="beer" src="/media/images/store_item/blank.jpg"></td><td>beer</td><td class="not_printable sorting_1">beer, wine &amp; spirits</td><td><img style="width:50%;" src="/media/images/logos/marchands/36.png" alt="Sobeys"></td><td><span itemprop="price">$3.25</span><span itemprop="eligibleQuantity" itemscope="" itemtype="http://schema.org/QuantitativeValue">/<span itemprop="unitText">16oz (473mL)</span></span></td><td>$0.69/100mL</td><td style="display: none;">2020-02-26</td><td style="display: none;"></td><td style="display: none;">Budweiser</td><td style="display: none;"></td><td style="display: none;"></td><td style="display: none;"></td><td style="display: none;"></td><td style="display: none;"></td><td style="display: none;"><a class="recipeLink" href="/recipe_ingredient_search_results.php?query=(_QU5E__1__________164__[]_1_1)">Recipes with beer</a></td></tr></tbody>
                </table><div class="dataTables_info" id="example_info" role="status" aria-live="polite">Showing 1 to 493 of 494 results</div><div class="dataTables_paginate paging_simple_numbers"><a class="paginate_button previous disabled" aria-controls="example" data-dt-idx="0" tabindex="0">&lt;&lt;</a><span><a class="paginate_button current" aria-controls="example" data-dt-idx="1" tabindex="0">1</a></span><a class="paginate_button next disabled" aria-controls="example" data-dt-idx="2" tabindex="0">&gt;&gt;</a></div></div>
            </div>
        </div>
    </div>
</div>
<script>
  var dataTableDeferLoading = 50;
</script>
<div class="row sios-legend" id="legend">
    <div class="col-xs-12 col-sm-12 col-md-12 col-lg-12" style="text-align: center;text-decoration: underline;">
        LEGEND:
    </div>
    <div class="col-xs-1 col-sm-1 col-md-1 col-lg-1"></div>
    <div class="col-xs-12 col-sm-2 col-md-2 col-lg-2">
        <div class="very-light-grey-bg legend-box">
            <b>Great bargain</b>
            <i class="fa fa-thumbs-up right"></i><i class="fa fa-thumbs-up right"></i><br>
            This product is very rarely cheaper at this time of year in your region - Stock up!        </div>
    </div>
    <div class="col-xs-12 col-sm-2 col-md-2 col-lg-2">
        <div class="very-light-grey-bg legend-box">
            <b>Bargain</b>
            <i class="fa fa-thumbs-up right"></i><br>
            This product is rarely cheaper at this time of year in your region - Stock up!        </div>
    </div>
    <div class="col-xs-12 col-sm-2 col-md-2 col-lg-2">
        <div class="very-light-grey-bg legend-box">
            <b>So-so</b>
            <i class="fas fa-hand-rock right"></i><br>
            The price is about average for this time of year in your region.        </div>
    </div>
    <div class="col-xs-12 col-sm-2 col-md-2 col-lg-2">
        <div class="very-light-grey-bg legend-box">
            <b>Pricey</b>
            <i class="fa fa-thumbs-down right"></i><br>
            This product is usually cheaper at this time of year in your region - Buy if quality is worth it or if really needed.        </div>
    </div>
    <div class="col-xs-12 col-sm-2 col-md-2 col-lg-2">
        <div class="very-light-grey-bg legend-box">
            <b>
                Not qualifiable            </b>
            <i class="fas fa-exclamation right"></i>
            <i class="fas fa-circle right" style="padding-right:5px"></i><br>
            The price cannot be qualified, due either to insufficient data provided by the merchant (<i class="fas fa-circle"></i>), or insufficient historical data (<i class="fas fa-exclamation"></i>).        </div>
    </div>
    <div class="col-xs-1 col-sm-1 col-md-1 col-lg-1"></div>
</div>
<script src="/wp-content/themes/soscuisinewp/js/sios-page.js?12=19"></script>
<!-- FIN TUTORIAL -->
<div id="newsletterPopup">
    <div class="popupContent">
        <div class="newsletterPopupContent">
            <p class="newsletterPopupSubtitle">
                Our weekly newsletter includes:            </p>
            <ul class="newsletterInclusion">
	            <li>Recipes, tips  and advice on healthy eating</li>
                         <li>Occasional promotions on products &amp; services from SOSCuisine and some trusted partners</li>
                         <li>Occasional invitations to help scientific research by answering surveys or participating in studies</li>
                         <li>Your email address will never be shared without your permission and you may unsubscribe at any time.</li></ul>
                         <div class="sosCuisineAddress">SOSCuisine, 3470 Stanley, Suite 1605, Montreal, QC, H3A 1R9, Canada.</div>            <form id="NLFooterForm" class="feedback-form" action="/" method="POST" name="NLFooterForm">
                <fieldset style="padding-bottom: 0px; padding-top: 0px;">
                    <input class="nLSubscriberEmail" type="email" placeholder="Enter your email" name="email">
                    <input class="nLLanguage" type="hidden" name="language" value="en">
                </fieldset>
                <div class="NLhidden emailExist">
                    <p>
                        This email exists already                    </p>
                </div>
                <div class="NLhidden alreadyMember">
                    <p>
                        You are already a member                    </p>
                </div>
                <div class="NLhidden randomError">
                    <p>
	                    Sorry an error occurred                    </p>
                </div>
                <div class="NLhidden newsletterInscriptionSuccess">
                    <p>
	                    You are now subscribed to our newsletter                    </p>
                </div>
                <div class="NLbuttons">
                    <a class="cancelButton" id="close">
                        Close                    </a>
                    <button class="validButton" value="send" type="submit" id="confirm">
	                    Confirm                    </button>
                </div>
            </form>
        </div>
    </div>
</div>
</main>
	</div><div id="_atssh" style="visibility: hidden; height: 1px; width: 1px; position: absolute; top: -9999px; z-index: 100000;"><iframe id="_atssh652" title="AddThis utility frame" style="height: 1px; width: 1px; position: absolute; top: 0px; z-index: 100000; border: 0px; left: 0px; overflow: hidden;" scrolling="no" src="https://s7.addthis.com/static/sh.f48a1a04fe8dbf021b4cda1d.html#rand=0.45764962857188807&amp;iit=1582343172764&amp;tmr=load%3D1582343172529%26core%3D1582343172540%26main%3D1582343172762%26ifr%3D1582343172765&amp;cb=0&amp;cdn=0&amp;md=0&amp;kw=&amp;ab=-&amp;dh=www.soscuisine.com&amp;dr=&amp;du=https%3A%2F%2Fwww.soscuisine.com%2Fgrocery-flyers%2F&amp;href=https%3A%2F%2Fwww.soscuisine.com%2Fgrocery-flyers%2F&amp;dt=Flyer%20Specials&amp;dbg=0&amp;cap=tc%3D0%26ab%3D0&amp;inst=1&amp;jsl=1&amp;prod=undefined&amp;lng=en&amp;ogt=site_name%2Curl%2Ctype%3Darticle%2Clocale%2Cimage&amp;pc=wpp&amp;pub=SOSCuisine&amp;ssl=1&amp;sid=5e50a4047bede74d&amp;srf=0.01&amp;ver=300&amp;xck=0&amp;xtr=0&amp;og=image%3D%26locale%3Den_US%26type%3Darticle%26url%3Dhttps%253A%252F%252Fwww.soscuisine.com%252Fgrocery-flyers%252F%26site_name%3DSOSCuisine&amp;csi=undefined&amp;rev=v8.28.3-wp&amp;ct=1&amp;xld=1&amp;xd=1"></iframe></div><style id="service-icons-0"></style>
	<div id="fb-root" class=" fb_reset"><div style="position: absolute; top: -10000px; width: 0px; height: 0px;"><div></div></div></div>
<script src="/wp-content/themes/soscuisinewp/js/bootstrap.min.js"></script>
<script src="/wp-content/themes/soscuisinewp/js/footer-enhanced.js"></script>
	<!-- include jQuery library -->
<script type="text/javascript" src="https://www.soscuisine.com/wp-content/themes/soscuisinewp/js/min/jquery-ui.min.js"></script>
<script src="//www.google-analytics.com/analytics.js"></script>
	<!-- include bootstrap JavaScript -->
	<script type="text/javascript" src="https://www.soscuisine.com/wp-content/themes/soscuisinewp/js/jquery.main.js?01=13"></script>
<script>(function(d, s, id) {
  var js, fjs = d.getElementsByTagName(s)[0];
  if (d.getElementById(id)) return;
  js = d.createElement(s); js.id = id;
  js.src = "//connect.facebook.net/en_US/sdk.js#xfbml=1&version=v2.5";
  fjs.parentNode.insertBefore(js, fjs);
}(document, 'script', 'facebook-jssdk'));</script>
 <!-- Instagram Feed JS -->
<script type="text/javascript">
var sbiajaxurl = "https://www.soscuisine.com/wp-admin/admin-ajax.php";
</script>
<script type="text/javascript" src="https://www.soscuisine.com/wp-content/plugins/wpsocialite/Socialite/socialite.min.js?ver=2.0"></script>
<script type="text/javascript" src="https://www.soscuisine.com/wp-content/plugins/wpsocialite/wpsocialite.js?ver=1.0"></script>
<script type="text/javascript" src="https://www.soscuisine.com/wp-content/plugins/zingtree/js/zt-popup-modal.js?ver=4.9.8"></script><div id="zt-modal" style="display: none; position: fixed; z-index: 1; top: 0px; right: 0px; bottom: 0px; left: 0px; width: 100%; height: 100%; overflow: auto scroll; background-color: rgba(0, 0, 0, 0.4); outline: 0px;">    <div id="zt-modal-content" style="background-color: rgb(254, 254, 254); margin: 3% auto; padding: 20px; border: 1px solid rgb(136, 136, 136); width: 66%;">        <a onclick="close_popup();"><span class="close" id="zt-popup-close" style="color: red; float: right; font-size: 28px; font-weight: bold;">×</span></a>        <iframe id="zt-popup" seamless="" frameborder="0" width="100%" height="1" scrolling="no" style="overflow: hidden;"></iframe>    </div></div>
<script type="text/javascript" src="https://www.soscuisine.com/wp-content/plugins/wp-jquery-lightbox/jquery.touchwipe.min.js?ver=1.4.6"></script>
<script type="text/javascript">
/* <![CDATA[ */
var JQLBSettings = {"showTitle":"1","showCaption":"0","showNumbers":"0","fitToScreen":"0","resizeSpeed":"400","showDownload":"0","navbarOnTop":"0","marginSize":"0","slideshowSpeed":"4000","prevLinkTitle":"previous image","nextLinkTitle":"next image","closeTitle":"close image gallery","image":"Image ","of":" of ","download":"Download","pause":"(pause slideshow)","play":"(play slideshow)"};
/* ]]> */
</script>
<script type="text/javascript" src="https://www.soscuisine.com/wp-content/plugins/wp-jquery-lightbox/jquery.lightbox.min.js?ver=1.4.6"></script>
<script type="text/javascript" src="https://www.soscuisine.com/wp-includes/js/wp-embed.min.js?ver=4.9.8"></script>
<script type="text/javascript">Socialite.setup({facebook:{lang:'en_US',appId:null},twitter:{lang:'en'},googleplus:{lang:'en'},vkontakte:{apiId:''}});</script>
     <footer id="footer" class="not_printable">
         <div class="footer-holder">
             <div class="topFooter">
                     <a href="/contact-us">
                         <div class="col-md-4 topFooterSection">
                             <h4>
					             Customer Service                             </h4>
                             <p class="topFooterContent">
                                 <i class="fa fa-question-circle helpIcon"></i>
					             Get Help or Contact Us                             </p>
                         </div>
                     </a>
	                                  <div class="col-md-4 topFooterSection"></div>
	                              <div class="col-md-4 topFooterSection">
                     <h4>Follow us</h4>
                     <p class="rsIcons">
                         <a href="http://www.facebook.com/soscuisine" class="rsIcon">
                             <i class="fab fa-facebook-square facebook"></i>
                         </a>
                         <a href="https://instagram.com/sos_cuisine/" class="rsIcon">
                            <i class="fab fa-instagram instagram"></i>
                         </a>
                         <a href="https://www.pinterest.com/soscuisine/" class="rsIcon">
                            <i class="fab fa-pinterest-square pinterest"></i>
                         </a>
                         <a href="https://twitter.com/SOSCuisine" class="rsIcon">
                            <i class="fab fa-twitter-square twitter"></i>
                         </a>
                         <a href="/en/blog" class="rsIcon">
                            <i class="fas fa-rss-square rss"></i>
                         </a>
                         <a href="https://www.youtube.com/channel/UCfOTFRJaJJdlj5ivtNuzlaw" class="rsIconYT">
                             <i class="fab fa-youtube youtube"></i>
                         </a>
                     </p>
                 </div>
             </div>
         </div>
         <div class="bottomFooter">
             <div class="footer-columns" data-url="/legacy-footer/">
                 <div class="col"><strong class="title">About</strong><div class="item-slide"><ul id="menu-about" class="list-links"><li id="menu-item-59559" class="menu-item menu-item-type-post_type menu-item-object-page menu-item-59559"><a href="https://www.soscuisine.com/company/">Company</a></li>
<li id="menu-item-59561" class="menu-item menu-item-type-post_type menu-item-object-page menu-item-59561"><a href="https://www.soscuisine.com/leadership-team/">Leadership</a></li>
<li id="menu-item-59563" class="menu-item menu-item-type-post_type menu-item-object-page menu-item-59563"><a href="https://www.soscuisine.com/nutrition-team/">Nutrition</a></li>
<li id="menu-item-59565" class="menu-item menu-item-type-post_type menu-item-object-page menu-item-59565"><a href="https://www.soscuisine.com/careers/">Careers</a></li>
<li id="menu-item-217" class="menu-item menu-item-type-custom menu-item-object-custom menu-item-217"><a href="/en/contact">Contact Us</a></li>
</ul></div></div><div class="col"><strong class="title">Offering</strong><div class="item-slide"><ul id="menu-offering" class="list-links"><li id="menu-item-59557" class="menu-item menu-item-type-post_type menu-item-object-page menu-item-59557"><a href="https://www.soscuisine.com/plans-pricing/">Pricing</a></li>
<li id="menu-item-59553" class="menu-item menu-item-type-post_type menu-item-object-page menu-item-59553"><a href="https://www.soscuisine.com/features/">Features</a></li>
<li id="menu-item-59555" class="menu-item menu-item-type-post_type menu-item-object-page menu-item-59555"><a href="https://www.soscuisine.com/testimonials/">Testimonials</a></li>
<li id="menu-item-221" class="menu-item menu-item-type-custom menu-item-object-custom menu-item-221"><a href="/en/faq">FAQ</a></li>
<li id="menu-item-55769" class="menu-item menu-item-type-post_type menu-item-object-page menu-item-55769"><a href="https://www.soscuisine.com/books/">Books</a></li>
</ul></div></div><div class="col"><strong class="title">Media</strong><div class="item-slide"><ul id="menu-media" class="list-links"><li id="menu-item-222" class="menu-item menu-item-type-custom menu-item-object-custom menu-item-222"><a href="/media-kit">Media Kit</a></li>
<li id="menu-item-223" class="menu-item menu-item-type-custom menu-item-object-custom menu-item-223"><a href="/media-coverage">Media Coverage</a></li>
<li id="menu-item-224" class="menu-item menu-item-type-custom menu-item-object-custom menu-item-224"><a href="/press-releases">Press Releases</a></li>
<li id="menu-item-225" class="menu-item menu-item-type-custom menu-item-object-custom menu-item-225"><a href="/advertise">Advertise</a></li>
</ul></div></div><div class="col"><strong class="title">Partners</strong><div class="item-slide"><ul id="menu-partners" class="list-links"><li id="menu-item-226" class="menu-item menu-item-type-custom menu-item-object-custom menu-item-226"><a href="/partners/">Our Partners</a></li>
<li id="menu-item-227" class="menu-item menu-item-type-custom menu-item-object-custom menu-item-227"><a href="/partners/become-partner/">Becoming a Partner</a></li>
<li id="menu-item-228" class="menu-item menu-item-type-custom menu-item-object-custom menu-item-228"><a href="/professionals/">Health Professionals</a></li>
</ul></div></div>                                                  </div>
             <p class="item-list copyrightSection" itemscope="" itemtype="https://schema.org/Organization">
                 © 2005-2020 <span itemprop="legalName">Sukha Technologies Inc</span>.
                 <span itemprop="brand" itemscope="" itemtype="https://schema.org/Brand">
                     <span itemprop="name">SOS Cuisine</span>. All rights reserved.                 </span>
                 <a href="/terms-and-conditions">
			         Terms &amp; Conditions                 </a>
                 <a href="/privacy-policy">
			         Privacy Policy                 </a>
             </p>
             <!-- Instagram Feed JS -->
<script type="text/javascript">
var sbiajaxurl = "https://www.soscuisine.com/wp-admin/admin-ajax.php";
</script>
<script type="text/javascript">Socialite.setup({facebook:{lang:'en_US',appId:null},twitter:{lang:'en'},googleplus:{lang:'en'},vkontakte:{apiId:''}});</script>         </div>
     </footer>
        


<div role="log" aria-live="assertive" aria-relevant="additions" class="ui-helper-hidden-accessible"></div><div role="log" aria-live="assertive" aria-relevant="additions" class="ui-helper-hidden-accessible"></div><div role="log" aria-live="assertive" aria-relevant="additions" class="ui-helper-hidden-accessible"></div><div role="log" aria-live="assertive" aria-relevant="additions" class="ui-helper-hidden-accessible"></div><div role="log" aria-live="assertive" aria-relevant="additions" class="ui-helper-hidden-accessible"></div><div role="log" aria-live="assertive" aria-relevant="additions" class="ui-helper-hidden-accessible"></div><div role="log" aria-live="assertive" aria-relevant="additions" class="ui-helper-hidden-accessible"></div><div role="log" aria-live="assertive" aria-relevant="additions" class="ui-helper-hidden-accessible"></div><div role="log" aria-live="assertive" aria-relevant="additions" class="ui-helper-hidden-accessible"></div><div role="log" aria-live="assertive" aria-relevant="additions" class="ui-helper-hidden-accessible"></div><div role="log" aria-live="assertive" aria-relevant="additions" class="ui-helper-hidden-accessible"></div><div role="log" aria-live="assertive" aria-relevant="additions" class="ui-helper-hidden-accessible"></div><div role="log" aria-live="assertive" aria-relevant="additions" class="ui-helper-hidden-accessible"></div><div role="log" aria-live="assertive" aria-relevant="additions" class="ui-helper-hidden-accessible"></div><div role="log" aria-live="assertive" aria-relevant="additions" class="ui-helper-hidden-accessible"></div><div role="log" aria-live="assertive" aria-relevant="additions" class="ui-helper-hidden-accessible"></div><div role="log" aria-live="assertive" aria-relevant="additions" class="ui-helper-hidden-accessible"></div><div role="log" aria-live="assertive" aria-relevant="additions" class="ui-helper-hidden-accessible"></div><div role="log" aria-live="assertive" aria-relevant="additions" class="ui-helper-hidden-accessible"></div><div role="log" aria-live="assertive" aria-relevant="additions" class="ui-helper-hidden-accessible"></div><div role="log" aria-live="assertive" aria-relevant="additions" class="ui-helper-hidden-accessible"></div><div role="log" aria-live="assertive" aria-relevant="additions" class="ui-helper-hidden-accessible"></div><div role="log" aria-live="assertive" aria-relevant="additions" class="ui-helper-hidden-accessible"></div><div role="log" aria-live="assertive" aria-relevant="additions" class="ui-helper-hidden-accessible"></div><div role="log" aria-live="assertive" aria-relevant="additions" class="ui-helper-hidden-accessible"></div></body></html>