<html lang="en-US" xmlns:fb="https://www.facebook.com/2008/fbml" xmlns:addthis="https://www.addthis.com/help/api-spec" prefix="og: http://ogp.me/ns#" class=""><head><script type="text/javascript" src="https://m.addthis.com/live/red_lojson/300lo.json?si=5e50a4b5b4814eea&amp;bkl=0&amp;bl=1&amp;pdt=1327&amp;sid=5e50a4b5b4814eea&amp;pub=SOSCuisine&amp;rev=v8.28.3-wp&amp;ln=en&amp;pc=wpp&amp;cb=0&amp;ab=-&amp;dp=www.soscuisine.com&amp;fp=speciaux-circulaires%2F%3Flang%3Dfr&amp;fr=&amp;of=0&amp;pd=0&amp;irt=1&amp;vcl=1&amp;md=0&amp;ct=1&amp;tct=0&amp;abt=0&amp;cdn=0&amp;pi=1&amp;rb=0&amp;gen=100&amp;chr=UTF-8&amp;colc=1582343349703&amp;wpv=wpp-6.1.7&amp;wpbv=4.9.8&amp;addthis_plugin_info=%7B%22info_status%22%3A%22enabled%22%2C%22cms_name%22%3A%22WordPress%22%2C%22plugin_name%22%3A%22Share%20Buttons%20by%20AddThis%22%2C%22plugin_version%22%3A%226.1.7%22%2C%22plugin_mode%22%3A%22WordPress%22%2C%22anonymous_profile_id%22%3A%22wp-9c7386656930881e2a47c81c3951069f%22%2C%22page_info%22%3A%7B%22template%22%3A%22pages%22%2C%22post_type%22%3A%22%22%7D%2C%22sharing_enabled_on_post_via_metabox%22%3Afalse%7D&amp;jsl=129&amp;uvs=5e50a2f5bd90d242026&amp;skipb=1&amp;callback=addthis.cbs.jsonp__37336482280699010"></script><script src="https://connect.facebook.net/fr_CA/sdk.js?hash=dc41e69b04ac66c45993c6323f864969&amp;ua=modern_es6" async="" crossorigin="anonymous"></script><script id="facebook-jssdk" src="//connect.facebook.net/fr_CA/sdk.js#xfbml=1&amp;version=v2.5"></script><script type="text/javascript" src="https://z.moatads.com/addthismoatframe568911941483/moatframe.js"></script>
		<!-- set the encoding of your site -->
	<meta charset="UTF-8">
	<!-- set the viewport width and initial-scale on mobile devices -->
	<meta name="viewport" content="width=device-width, initial-scale=1">
	<title>
		Comparateur des spéciaux des circulaires au Canada	</title>
	<meta property="og:image" content="">	<link rel="apple-touch-icon" href="https://www.soscuisine.com/wp-content/themes/soscuisinewp/images/favicon.ico">
	<!-- include the site stylesheet -->
	<link media="all" rel="stylesheet" type="text/css" href="https://www.soscuisine.com/wp-content/themes/soscuisinewp/css/all.css">
		<link media="all" rel="stylesheet" type="text/css" href="https://www.soscuisine.com/wp-content/themes/soscuisinewp/css/bootstrap.min.css">
	<link rel="stylesheet" href="https://use.fontawesome.com/releases/v5.6.3/css/all.css" integrity="sha384-UHRtZLI+pbxtHCWp1t77Bi1L4ZtiqrqD80Kn4Z8NTSRyMA2Fd33n5dQ8lWUE00s/" crossorigin="anonymous">
	<link media="all" rel="stylesheet" type="text/css" href="https://www.soscuisine.com/wp-content/themes/soscuisinewp/style.css">
	<link media="all" rel="stylesheet" type="text/css" href="https://www.soscuisine.com/wp-content/themes/soscuisinewp/soswpresponsive.css">
	<link media="all" rel="stylesheet" type="text/css" href="https://www.soscuisine.com/wp-content/themes/soscuisinewp/container.css">
	<link media="all" rel="stylesheet" type="text/css" href="https://www.soscuisine.com/wp-content/themes/soscuisinewp/hockey.css">
	<link href="https://fonts.googleapis.com/css?family=Source+Sans+Pro:400,200italic,200,300,300italic,400italic,600,600italic,700,700italic,900,900italic" rel="stylesheet" type="text/css">
	<link href="https://fonts.googleapis.com/css?family=Open+Sans" rel="stylesheet" type="text/css">
	<link rel="stylesheet" type="text/css" href="https://www.soscuisine.com/wp-content/themes/soscuisinewp/css/jquery-ui-1.10.4.custom.css">
	<link rel="apple-touch-icon" href="/media/images/tomato.png">
	<link rel="stylesheet" type="text/css" href="/wp-content/themes/soscuisinewp/css/header-enhanced.css">
	<link rel="stylesheet" type="text/css" href="/wp-content/themes/soscuisinewp/css/footer-enhanced.css">
	<script async="" src="//www.google-analytics.com/analytics.js"></script><script type="text/javascript">
        var pathInfo = {
            base: 'https://www.soscuisine.com/wp-content/themes/soscuisinewp/',
            css: 'css/',
            js: 'js/',
            swf: 'swf/'
        }
        document.addEventListener("DOMContentLoaded", function (event) {
            // Gets a reference to the form element, assuming
            // it contains the id attribute "signup-form".
            var form = document.getElementById('siteSearchForm');

            // Adds a listener for the "submit" event.
            form.addEventListener('submit', function(event) {

                // Prevents the browser from submiting the form
                // and thus unloading the current page.
                event.preventDefault();

                // Sends the event to Google Analytics and
                // resubmits the form once the hit is done.
                ga('send', 'event', 'Search', 'Main Search', {
                    hitCallback: function() {
                        form.submit();
                    }
                });
            });
        });
	</script>
		<link rel="alternate" hreflang="fr-fr" href="https://www.soscuisine.com/speciaux-circulaires/?lang=fr">
<link rel="alternate" hreflang="en-us" href="https://www.soscuisine.com/grocery-flyers/">

<!-- This site is optimized with the Yoast SEO plugin v8.4 - https://yoast.com/wordpress/plugins/seo/ -->
<meta name="description" content="SOSCuisine compile et analyse tous les spéciaux des circulaires des supermarchés au Québec et au Canada afin de dénicher pour vous les VRAIES aubaines !">
<link rel="canonical" href="https://www.soscuisine.com/speciaux-circulaires/?lang=fr">
<meta property="og:locale" content="fr_FR">
<meta property="og:type" content="article">
<meta property="og:url" content="https://www.soscuisine.com/speciaux-circulaires/?lang=fr">
<meta property="og:site_name" content="SOSCuisine">
<meta property="article:publisher" content="https://www.facebook.com/soscuisine/">
<meta property="fb:app_id" content="144645645559356">
<meta name="twitter:card" content="summary">
<meta name="twitter:title" content="Comparateur des spéciaux des circulaires au Canada">
<meta name="twitter:site" content="@SOSCuisine">
<meta name="twitter:creator" content="@SOSCuisine">
<script type="application/ld+json">{"@context":"https:\/\/schema.org","@type":"BreadcrumbList","itemListElement":[{"@type":"ListItem","position":1,"item":{"@id":"https:\/\/www.soscuisine.com\/?lang=fr","name":"Home"}},{"@type":"ListItem","position":2,"item":{"@id":"https:\/\/www.soscuisine.com\/speciaux-circulaires\/?lang=fr","name":"Sp\u00e9ciaux des circulaires des supermarch\u00e9s"}}]}</script>
<!-- / Yoast SEO plugin. -->

<link rel="dns-prefetch" href="//ajax.googleapis.com">
<link rel="dns-prefetch" href="//s.w.org">
<link rel="alternate" type="application/rss+xml" title="SOSCuisine » Flux" href="https://www.soscuisine.com/feed/?lang=fr">
<link rel="alternate" type="application/rss+xml" title="SOSCuisine » Flux des commentaires" href="https://www.soscuisine.com/comments/feed/?lang=fr">
		<script type="text/javascript">
			window._wpemojiSettings = {"baseUrl":"https:\/\/s.w.org\/images\/core\/emoji\/11\/72x72\/","ext":".png","svgUrl":"https:\/\/s.w.org\/images\/core\/emoji\/11\/svg\/","svgExt":".svg","source":{"concatemoji":"https:\/\/www.soscuisine.com\/wp-includes\/js\/wp-emoji-release.min.js?ver=4.9.8"}};
			!function(a,b,c){function d(a,b){var c=String.fromCharCode;l.clearRect(0,0,k.width,k.height),l.fillText(c.apply(this,a),0,0);var d=k.toDataURL();l.clearRect(0,0,k.width,k.height),l.fillText(c.apply(this,b),0,0);var e=k.toDataURL();return d===e}function e(a){var b;if(!l||!l.fillText)return!1;switch(l.textBaseline="top",l.font="600 32px Arial",a){case"flag":return!(b=d([55356,56826,55356,56819],[55356,56826,8203,55356,56819]))&&(b=d([55356,57332,56128,56423,56128,56418,56128,56421,56128,56430,56128,56423,56128,56447],[55356,57332,8203,56128,56423,8203,56128,56418,8203,56128,56421,8203,56128,56430,8203,56128,56423,8203,56128,56447]),!b);case"emoji":return b=d([55358,56760,9792,65039],[55358,56760,8203,9792,65039]),!b}return!1}function f(a){var c=b.createElement("script");c.src=a,c.defer=c.type="text/javascript",b.getElementsByTagName("head")[0].appendChild(c)}var g,h,i,j,k=b.createElement("canvas"),l=k.getContext&&k.getContext("2d");for(j=Array("flag","emoji"),c.supports={everything:!0,everythingExceptFlag:!0},i=0;i<j.length;i++)c.supports[j[i]]=e(j[i]),c.supports.everything=c.supports.everything&&c.supports[j[i]],"flag"!==j[i]&&(c.supports.everythingExceptFlag=c.supports.everythingExceptFlag&&c.supports[j[i]]);c.supports.everythingExceptFlag=c.supports.everythingExceptFlag&&!c.supports.flag,c.DOMReady=!1,c.readyCallback=function(){c.DOMReady=!0},c.supports.everything||(h=function(){c.readyCallback()},b.addEventListener?(b.addEventListener("DOMContentLoaded",h,!1),a.addEventListener("load",h,!1)):(a.attachEvent("onload",h),b.attachEvent("onreadystatechange",function(){"complete"===b.readyState&&c.readyCallback()})),g=c.source||{},g.concatemoji?f(g.concatemoji):g.wpemoji&&g.twemoji&&(f(g.twemoji),f(g.wpemoji)))}(window,document,window._wpemojiSettings);
		</script><script src="https://www.soscuisine.com/wp-includes/js/wp-emoji-release.min.js?ver=4.9.8" type="text/javascript" defer=""></script>
		<style type="text/css">
img.wp-smiley,
img.emoji {
	display: inline !important;
	border: none !important;
	box-shadow: none !important;
	height: 1em !important;
	width: 1em !important;
	margin: 0 .07em !important;
	vertical-align: -0.1em !important;
	background: none !important;
	padding: 0 !important;
}
</style>
<link rel="stylesheet" id="socialite-css-css" href="https://www.soscuisine.com/wp-content/plugins/wpsocialite/lib/wpsocialite.css?ver=4.9.8" type="text/css" media="all">
<link rel="stylesheet" id="sb_instagram_styles-css" href="https://www.soscuisine.com/wp-content/plugins/instagram-feed/css/sb-instagram-2-1.min.css?ver=2.1" type="text/css" media="all">
<link rel="stylesheet" id="ts_fab_css-css" href="https://www.soscuisine.com/wp-content/plugins/fancier-author-box/css/ts-fab.min.css?ver=1.4" type="text/css" media="all">
<link rel="stylesheet" id="dashicons-css" href="https://www.soscuisine.com/wp-includes/css/dashicons.min.css?ver=4.9.8" type="text/css" media="all">
<link rel="stylesheet" id="post-views-counter-frontend-css" href="https://www.soscuisine.com/wp-content/plugins/post-views-counter/css/frontend.css?ver=1.3.1" type="text/css" media="all">
<link rel="stylesheet" id="ewd-ufaq-style-css" href="https://www.soscuisine.com/wp-content/plugins/ultimate-faqs/css/ewd-ufaq-styles.css?ver=4.9.8" type="text/css" media="all">
<link rel="stylesheet" id="ewd-ufaq-rrssb-css" href="https://www.soscuisine.com/wp-content/plugins/ultimate-faqs/css/rrssb-min.css?ver=4.9.8" type="text/css" media="all">
<link rel="stylesheet" id="wpml-legacy-dropdown-0-css" href="//www.soscuisine.com/wp-content/plugins/sitepress-multilingual-cms/templates/language-switchers/legacy-dropdown/style.css?ver=1" type="text/css" media="all">
<style id="wpml-legacy-dropdown-0-inline-css" type="text/css">
.wpml-ls-statics-shortcode_actions, .wpml-ls-statics-shortcode_actions .wpml-ls-sub-menu, .wpml-ls-statics-shortcode_actions a {border-color:#cdcdcd;}.wpml-ls-statics-shortcode_actions a {color:#444444;background-color:#ffffff;}.wpml-ls-statics-shortcode_actions a:hover,.wpml-ls-statics-shortcode_actions a:focus {color:#000000;background-color:#eeeeee;}.wpml-ls-statics-shortcode_actions .wpml-ls-current-language>a {color:#444444;background-color:#ffffff;}.wpml-ls-statics-shortcode_actions .wpml-ls-current-language:hover>a, .wpml-ls-statics-shortcode_actions .wpml-ls-current-language>a:focus {color:#000000;background-color:#eeeeee;}
</style>
<link rel="stylesheet" id="if-menu-site-css-css" href="https://www.soscuisine.com/wp-content/plugins/if-menu/assets/if-menu-site.css?ver=4.9.8" type="text/css" media="all">
<link rel="stylesheet" id="msl-main-css" href="https://www.soscuisine.com/wp-content/plugins/master-slider/public/assets/css/masterslider.main.css?ver=3.5.1" type="text/css" media="all">
<link rel="stylesheet" id="msl-custom-css" href="https://www.soscuisine.com/wp-content/uploads/master-slider/custom.css?ver=24.5" type="text/css" media="all">
<link rel="stylesheet" id="addthis_all_pages-css" href="https://www.soscuisine.com/wp-content/plugins/addthis/frontend/build/addthis_wordpress_public.min.css?ver=4.9.8" type="text/css" media="all">
<link rel="stylesheet" id="jquery.lightbox.min.css-css" href="https://www.soscuisine.com/wp-content/plugins/wp-jquery-lightbox/styles/lightbox.min.css?ver=1.4.6" type="text/css" media="all">
<script type="text/javascript" src="https://ajax.googleapis.com/ajax/libs/jquery/2.1.4/jquery.min.js?ver=2.1.4"></script>
<script type="text/javascript" src="https://www.soscuisine.com/wp-content/themes/soscuisinewp/js/comment-reply.js?ver=4.9.8"></script>
<script type="text/javascript" src="https://www.soscuisine.com/wp-content/plugins/fancier-author-box/js/ts-fab.min.js?ver=1.4"></script>
<script type="text/javascript" src="https://www.soscuisine.com/wp-content/plugins/zingtree/js/iframeResizerSmart.js?ver=4.9.8"></script>
<script type="text/javascript" src="//www.soscuisine.com/wp-content/plugins/sitepress-multilingual-cms/templates/language-switchers/legacy-dropdown/script.js?ver=1"></script>
<link rel="https://api.w.org/" href="https://www.soscuisine.com/wp-json/?lang=fr">
<link rel="EditURI" type="application/rsd+xml" title="RSD" href="https://www.soscuisine.com/xmlrpc.php?rsd">
<link rel="wlwmanifest" type="application/wlwmanifest+xml" href="https://www.soscuisine.com/wp-includes/wlwmanifest.xml"> 
<link rel="shortlink" href="https://www.soscuisine.com/?p=37333&amp;lang=fr">
<link rel="alternate" type="application/json+oembed" href="https://www.soscuisine.com/wp-json/oembed/1.0/embed/?lang=fr&amp;url=https%3A%2F%2Fwww.soscuisine.com%2Fspeciaux-circulaires%2F%3Flang%3Dfr">
<link rel="alternate" type="text/xml+oembed" href="https://www.soscuisine.com/wp-json/oembed/1.0/embed/?lang=fr&amp;url=https%3A%2F%2Fwww.soscuisine.com%2Fspeciaux-circulaires%2F%3Flang%3Dfr&amp;format=xml">
<meta name="generator" content="WPML ver:4.0.7 stt:1,4,27;">
	<style>
	.ts-fab-list li a { background-color: #fff; border: 1px solid #fff; color: #666; }
	.ts-fab-list li.active a { background-color: #A0C963; border: 1px solid #fff; color: #fff; }
	.ts-fab-tab { background-color: #fff; border: 2px solid #fff; color: #555; }
	</style>
	<script>var ms_grabbing_curosr = 'https://www.soscuisine.com/wp-content/plugins/master-slider/public/assets/css/common/grabbing.cur', ms_grab_curosr = 'https://www.soscuisine.com/wp-content/plugins/master-slider/public/assets/css/common/grab.cur';</script>
<meta name="generator" content="MasterSlider 3.5.1 - Responsive Touch Image Slider | avt.li/msf">
    <script type="text/javascript">
        var ajaxurl = 'https://www.soscuisine.com/wp-admin/admin-ajax.php';
    </script>
<script data-cfasync="false" type="text/javascript">if (window.addthis_product === undefined) { window.addthis_product = "wpp"; } if (window.wp_product_version === undefined) { window.wp_product_version = "wpp-6.1.7"; } if (window.wp_blog_version === undefined) { window.wp_blog_version = "4.9.8"; } if (window.addthis_share === undefined) { window.addthis_share = {"passthrough":{"twitter":{"via":"soscuisine"}}}; } if (window.addthis_config === undefined) { window.addthis_config = {"data_track_clickback":true,"ignore_server_config":true,"data_ga_property":"145148","data_ga_social":true,"ui_atversion":"300"}; } if (window.addthis_layers === undefined) { window.addthis_layers = {}; } if (window.addthis_layers_tools === undefined) { window.addthis_layers_tools = []; } else {  } if (window.addthis_plugin_info === undefined) { window.addthis_plugin_info = {"info_status":"enabled","cms_name":"WordPress","plugin_name":"Share Buttons by AddThis","plugin_version":"6.1.7","plugin_mode":"WordPress","anonymous_profile_id":"wp-9c7386656930881e2a47c81c3951069f","page_info":{"template":"pages","post_type":""},"sharing_enabled_on_post_via_metabox":false}; } 
                    (function() {
                      var first_load_interval_id = setInterval(function () {
                        if (typeof window.addthis !== 'undefined') {
                          window.clearInterval(first_load_interval_id);
                          if (typeof window.addthis_layers !== 'undefined' && Object.getOwnPropertyNames(window.addthis_layers).length > 0) {
                            window.addthis.layers(window.addthis_layers);
                          }
                          if (Array.isArray(window.addthis_layers_tools)) {
                            for (i = 0; i < window.addthis_layers_tools.length; i++) {
                              window.addthis.layers(window.addthis_layers_tools[i]);
                            }
                          }
                        }
                     },1000)
                    }());
                </script> <script data-cfasync="false" type="text/javascript" src="https://s7.addthis.com/js/300/addthis_widget.js#pubid=SOSCuisine" async="async"></script>	<meta name="google-site-verification" content="8Z3jBrjszK4QtEDohvgF1XCjDffgF27XR07uEGsyMT4">
	<script>
        (function(i,s,o,g,r,a,m){i['GoogleAnalyticsObject']=r;i[r]=i[r]||function(){
            (i[r].q=i[r].q||[]).push(arguments)},i[r].l=1*new Date();a=s.createElement(o),
            m=s.getElementsByTagName(o)[0];a.async=1;a.src=g;m.parentNode.insertBefore(a,m)
        })(window,document,'script','//www.google-analytics.com/analytics.js','ga');
        ga('create', 'UA-145148-1', 'auto');
        ga('send', 'pageview');
	</script>
<style type="text/css">.at-icon{fill:#fff;border:0}.at-icon-wrapper{display:inline-block;overflow:hidden}a .at-icon-wrapper{cursor:pointer}.at-rounded,.at-rounded-element .at-icon-wrapper{border-radius:12%}.at-circular,.at-circular-element .at-icon-wrapper{border-radius:50%}.addthis_32x32_style .at-icon{width:2pc;height:2pc}.addthis_24x24_style .at-icon{width:24px;height:24px}.addthis_20x20_style .at-icon{width:20px;height:20px}.addthis_16x16_style .at-icon{width:1pc;height:1pc}#at16lb{display:none;position:absolute;top:0;left:0;width:100%;height:100%;z-index:1001;background-color:#000;opacity:.001}#at_complete,#at_error,#at_share,#at_success{position:static!important}.at15dn{display:none}#at15s,#at16p,#at16p form input,#at16p label,#at16p textarea,#at_share .at_item{font-family:arial,helvetica,tahoma,verdana,sans-serif!important;font-size:9pt!important;outline-style:none;outline-width:0;line-height:1em}* html #at15s.mmborder{position:absolute!important}#at15s.mmborder{position:fixed!important;width:250px!important}#at15s{background:url(data:image/png;base64,iVBORw0KGgoAAAANSUhEUgAAAAoAAAAKCAYAAACNMs+9AAAAGXRFWHRTb2Z0d2FyZQBBZG9iZSBJbWFnZVJlYWR5ccllPAAAABtJREFUeNpiZGBgaGAgAjAxEAlGFVJHIUCAAQDcngCUgqGMqwAAAABJRU5ErkJggg==);float:none;line-height:1em;margin:0;overflow:visible;padding:5px;text-align:left;position:absolute}#at15s a,#at15s span{outline:0;direction:ltr;text-transform:none}#at15s .at-label{margin-left:5px}#at15s .at-icon-wrapper{width:1pc;height:1pc;vertical-align:middle}#at15s .at-icon{width:1pc;height:1pc}.at4-icon{display:inline-block;background-repeat:no-repeat;background-position:top left;margin:0;overflow:hidden;cursor:pointer}.addthis_16x16_style .at4-icon,.addthis_default_style .at4-icon,.at4-icon,.at-16x16{width:1pc;height:1pc;line-height:1pc;background-size:1pc!important}.addthis_32x32_style .at4-icon,.at-32x32{width:2pc;height:2pc;line-height:2pc;background-size:2pc!important}.addthis_24x24_style .at4-icon,.at-24x24{width:24px;height:24px;line-height:24px;background-size:24px!important}.addthis_20x20_style .at4-icon,.at-20x20{width:20px;height:20px;line-height:20px;background-size:20px!important}.at4-icon.circular,.circular .at4-icon,.circular.aticon{border-radius:50%}.at4-icon.rounded,.rounded .at4-icon{border-radius:4px}.at4-icon-left{float:left}#at15s .at4-icon{text-indent:20px;padding:0;overflow:visible;white-space:nowrap;background-size:1pc;width:1pc;height:1pc;background-position:top left;display:inline-block;line-height:1pc}.addthis_vertical_style .at4-icon,.at4-follow-container .at4-icon{margin-right:5px}html>body #at15s{width:250px!important}#at15s.atm{background:none!important;padding:0!important;width:10pc!important}#at15s_inner{background:#fff;border:1px solid #fff;margin:0}#at15s_head{position:relative;background:#f2f2f2;padding:4px;cursor:default;border-bottom:1px solid #e5e5e5}.at15s_head_success{background:#cafd99!important;border-bottom:1px solid #a9d582!important}.at15s_head_success a,.at15s_head_success span{color:#000!important;text-decoration:none}#at15s_brand,#at15sptx,#at16_brand{position:absolute}#at15s_brand{top:4px;right:4px}.at15s_brandx{right:20px!important}a#at15sptx{top:4px;right:4px;text-decoration:none;color:#4c4c4c;font-weight:700}#at15sptx:hover{text-decoration:underline}#at16_brand{top:5px;right:30px;cursor:default}#at_hover{padding:4px}#at_hover .at_item,#at_share .at_item{background:#fff!important;float:left!important;color:#4c4c4c!important}#at_share .at_item .at-icon-wrapper{margin-right:5px}#at_hover .at_bold{font-weight:700;color:#000!important}#at_hover .at_item{width:7pc!important;padding:2px 3px!important;margin:1px;text-decoration:none!important}#at_hover .at_item.athov,#at_hover .at_item:focus,#at_hover .at_item:hover{margin:0!important}#at_hover .at_item.athov,#at_hover .at_item:focus,#at_hover .at_item:hover,#at_share .at_item.athov,#at_share .at_item:hover{background:#f2f2f2!important;border:1px solid #e5e5e5;color:#000!important;text-decoration:none}.ipad #at_hover .at_item:focus{background:#fff!important;border:1px solid #fff}.at15t{display:block!important;height:1pc!important;line-height:1pc!important;padding-left:20px!important;background-position:0 0;text-align:left}.addthis_button,.at15t{cursor:pointer}.addthis_toolbox a.at300b,.addthis_toolbox a.at300m{width:auto}.addthis_toolbox a{margin-bottom:5px;line-height:initial}.addthis_toolbox.addthis_vertical_style{width:200px}.addthis_button_facebook_like .fb_iframe_widget{line-height:100%}.addthis_button_facebook_like iframe.fb_iframe_widget_lift{max-width:none}.addthis_toolbox a.addthis_button_counter,.addthis_toolbox a.addthis_button_facebook_like,.addthis_toolbox a.addthis_button_facebook_send,.addthis_toolbox a.addthis_button_facebook_share,.addthis_toolbox a.addthis_button_foursquare,.addthis_toolbox a.addthis_button_linkedin_counter,.addthis_toolbox a.addthis_button_pinterest_pinit,.addthis_toolbox a.addthis_button_tweet{display:inline-block}.addthis_toolbox span.addthis_follow_label{display:none}.addthis_toolbox.addthis_vertical_style span.addthis_follow_label{display:block;white-space:nowrap}.addthis_toolbox.addthis_vertical_style a{display:block}.addthis_toolbox.addthis_vertical_style.addthis_32x32_style a{line-height:2pc;height:2pc}.addthis_toolbox.addthis_vertical_style .at300bs{margin-right:4px;float:left}.addthis_toolbox.addthis_20x20_style span{line-height:20px}.addthis_toolbox.addthis_32x32_style span{line-height:2pc}.addthis_toolbox.addthis_pill_combo_style .addthis_button_compact .at15t_compact,.addthis_toolbox.addthis_pill_combo_style a{float:left}.addthis_toolbox.addthis_pill_combo_style a.addthis_button_tweet{margin-top:-2px}.addthis_toolbox.addthis_pill_combo_style .addthis_button_compact .at15t_compact{margin-right:4px}.addthis_default_style .addthis_separator{margin:0 5px;display:inline}div.atclear{clear:both}.addthis_default_style .addthis_separator,.addthis_default_style .at4-icon,.addthis_default_style .at300b,.addthis_default_style .at300bo,.addthis_default_style .at300bs,.addthis_default_style .at300m{float:left}.at300b img,.at300bo img{border:0}a.at300b .at4-icon,a.at300m .at4-icon{display:block}.addthis_default_style .at300b,.addthis_default_style .at300bo,.addthis_default_style .at300m{padding:0 2px}.at300b,.at300bo,.at300bs,.at300m{cursor:pointer}.addthis_button_facebook_like.at300b:hover,.addthis_button_facebook_like.at300bs:hover,.addthis_button_facebook_send.at300b:hover,.addthis_button_facebook_send.at300bs:hover{opacity:1}.addthis_20x20_style .at15t,.addthis_20x20_style .at300bs{overflow:hidden;display:block;height:20px!important;width:20px!important;line-height:20px!important}.addthis_32x32_style .at15t,.addthis_32x32_style .at300bs{overflow:hidden;display:block;height:2pc!important;width:2pc!important;line-height:2pc!important}.at300bs{overflow:hidden;display:block;background-position:0 0;height:1pc;width:1pc;line-height:1pc!important}.addthis_default_style .at15t_compact,.addthis_default_style .at15t_expanded{margin-right:4px}#at_share .at_item{width:123px!important;padding:4px;margin-right:2px;border:1px solid #fff}#at16p{background:url(data:image/png;base64,iVBORw0KGgoAAAANSUhEUgAAAAoAAAAKCAYAAACNMs+9AAAAGXRFWHRTb2Z0d2FyZQBBZG9iZSBJbWFnZVJlYWR5ccllPAAAABtJREFUeNpiZGBgaGAgAjAxEAlGFVJHIUCAAQDcngCUgqGMqwAAAABJRU5ErkJggg==);z-index:10000001;position:absolute;top:50%;left:50%;width:300px;padding:10px;margin:0 auto;margin-top:-185px;margin-left:-155px;font-family:arial,helvetica,tahoma,verdana,sans-serif;font-size:9pt;color:#5e5e5e}#at_share{margin:0;padding:0}#at16pt{position:relative;background:#f2f2f2;height:13px;padding:5px 10px}#at16pt a,#at16pt h4{font-weight:700}#at16pt h4{display:inline;margin:0;padding:0;font-size:9pt;color:#4c4c4c;cursor:default}#at16pt a{position:absolute;top:5px;right:10px;color:#4c4c4c;text-decoration:none;padding:2px}#at15sptx:focus,#at16pt a:focus{outline:thin dotted}#at15s #at16pf a{top:1px}#_atssh{width:1px!important;height:1px!important;border:0!important}.atm{width:10pc!important;padding:0;margin:0;line-height:9pt;letter-spacing:normal;font-family:arial,helvetica,tahoma,verdana,sans-serif;font-size:9pt;color:#444;background:url(data:image/png;base64,iVBORw0KGgoAAAANSUhEUgAAAAoAAAAKCAYAAACNMs+9AAAAGXRFWHRTb2Z0d2FyZQBBZG9iZSBJbWFnZVJlYWR5ccllPAAAABtJREFUeNpiZGBgaGAgAjAxEAlGFVJHIUCAAQDcngCUgqGMqwAAAABJRU5ErkJggg==);padding:4px}.atm-f{text-align:right;border-top:1px solid #ddd;padding:5px 8px}.atm-i{background:#fff;border:1px solid #d5d6d6;padding:0;margin:0;box-shadow:1px 1px 5px rgba(0,0,0,.15)}.atm-s{margin:0!important;padding:0!important}.atm-s a:focus{border:transparent;outline:0;transition:none}#at_hover.atm-s a,.atm-s a{display:block;text-decoration:none;padding:4px 10px;color:#235dab!important;font-weight:400;font-style:normal;transition:none}#at_hover.atm-s .at_bold{color:#235dab!important}#at_hover.atm-s a:hover,.atm-s a:hover{background:#2095f0;text-decoration:none;color:#fff!important}#at_hover.atm-s .at_bold{font-weight:700}#at_hover.atm-s a:hover .at_bold{color:#fff!important}.atm-s a .at-label{vertical-align:middle;margin-left:5px;direction:ltr}.at_PinItButton{display:block;width:40px;height:20px;padding:0;margin:0;background-image:url(//s7.addthis.com/static/t00/pinit00.png);background-repeat:no-repeat}.at_PinItButton:hover{background-position:0 -20px}.addthis_toolbox .addthis_button_pinterest_pinit{position:relative}.at-share-tbx-element .fb_iframe_widget span{vertical-align:baseline!important}#at16pf{height:auto;text-align:right;padding:4px 8px}.at-privacy-info{position:absolute;left:7px;bottom:7px;cursor:pointer;text-decoration:none;font-family:helvetica,arial,sans-serif;font-size:10px;line-height:9pt;letter-spacing:.2px;color:#666}.at-privacy-info:hover{color:#000}.body .wsb-social-share .wsb-social-share-button-vert{padding-top:0;padding-bottom:0}.body .wsb-social-share.addthis_counter_style .addthis_button_tweet.wsb-social-share-button{padding-top:40px}.body .wsb-social-share.addthis_counter_style .addthis_button_facebook_like.wsb-social-share-button{padding-top:21px}@media print{#at4-follow,#at4-share,#at4-thankyou,#at4-whatsnext,#at4m-mobile,#at15s,.at4,.at4-recommended{display:none!important}}@media screen and (max-width:400px){.at4win{width:100%}}@media screen and (max-height:700px) and (max-width:400px){.at4-thankyou-inner .at4-recommended-container{height:122px;overflow:hidden}.at4-thankyou-inner .at4-recommended .at4-recommended-item:first-child{border-bottom:1px solid #c5c5c5}}</style><style type="text/css">.at-branding-logo{font-family:helvetica,arial,sans-serif;text-decoration:none;font-size:10px;display:inline-block;margin:2px 0;letter-spacing:.2px}.at-branding-logo .at-branding-icon{background-image:url("data:image/png;base64,iVBORw0KGgoAAAANSUhEUgAAAAoAAAAKCAMAAAC67D+PAAAAGXRFWHRTb2Z0d2FyZQBBZG9iZSBJbWFnZVJlYWR5ccllPAAAAAZQTFRF////+GlNUkcc1QAAAB1JREFUeNpiYIQDBjQmAwMmkwEM0JnY1WIxFyDAABGeAFEudiZsAAAAAElFTkSuQmCC")}.at-branding-logo .at-branding-icon,.at-branding-logo .at-privacy-icon{display:inline-block;height:10px;width:10px;margin-left:4px;margin-right:3px;margin-bottom:-1px;background-repeat:no-repeat}.at-branding-logo .at-privacy-icon{background-image:url("data:image/png;base64,iVBORw0KGgoAAAANSUhEUgAAAAkAAAAKCAMAAABR24SMAAAAGXRFWHRTb2Z0d2FyZQBBZG9iZSBJbWFnZVJlYWR5ccllPAAAABhQTFRF8fr9ot/xXcfn2/P5AKva////////AKTWodjhjAAAAAd0Uk5T////////ABpLA0YAAAA6SURBVHjaJMzBDQAwCAJAQaj7b9xifV0kUKJ9ciWxlzWEWI5gMF65KUTv0VKkjVeTerqE/x7+9BVgAEXbAWI8QDcfAAAAAElFTkSuQmCC")}.at-branding-logo span{text-decoration:none}.at-branding-logo .at-branding-addthis,.at-branding-logo .at-branding-powered-by{color:#666}.at-branding-logo .at-branding-addthis:hover{color:#333}.at-cv-with-image .at-branding-addthis,.at-cv-with-image .at-branding-addthis:hover{color:#fff}a.at-branding-logo:visited{color:initial}.at-branding-info{display:inline-block;padding:0 5px;color:#666;border:1px solid #666;border-radius:50%;font-size:10px;line-height:9pt;opacity:.7;transition:all .3s ease;text-decoration:none}.at-branding-info span{border:0;clip:rect(0 0 0 0);height:1px;margin:-1px;overflow:hidden;padding:0;position:absolute;width:1px}.at-branding-info:before{content:'i';font-family:Times New Roman}.at-branding-info:hover{color:#0780df;border-color:#0780df}</style><style type="text/css">.js-slide-hidden{position:absolute !important;left:-9999px !important;top:-9999px !important;display:block !important}</style><style type="text/css">.fb_hidden{position:absolute;top:-10000px;z-index:10001}.fb_reposition{overflow:hidden;position:relative}.fb_invisible{display:none}.fb_reset{background:none;border:0;border-spacing:0;color:#000;cursor:auto;direction:ltr;font-family:"lucida grande", tahoma, verdana, arial, sans-serif;font-size:11px;font-style:normal;font-variant:normal;font-weight:normal;letter-spacing:normal;line-height:1;margin:0;overflow:visible;padding:0;text-align:left;text-decoration:none;text-indent:0;text-shadow:none;text-transform:none;visibility:visible;white-space:normal;word-spacing:normal}.fb_reset>div{overflow:hidden}@keyframes fb_transform{from{opacity:0;transform:scale(.95)}to{opacity:1;transform:scale(1)}}.fb_animate{animation:fb_transform .3s forwards}
.fb_dialog{background:rgba(82, 82, 82, .7);position:absolute;top:-10000px;z-index:10001}.fb_dialog_advanced{border-radius:8px;padding:10px}.fb_dialog_content{background:#fff;color:#373737}.fb_dialog_close_icon{background:url(https://static.xx.fbcdn.net/rsrc.php/v3/yq/r/IE9JII6Z1Ys.png) no-repeat scroll 0 0 transparent;cursor:pointer;display:block;height:15px;position:absolute;right:18px;top:17px;width:15px}.fb_dialog_mobile .fb_dialog_close_icon{left:5px;right:auto;top:5px}.fb_dialog_padding{background-color:transparent;position:absolute;width:1px;z-index:-1}.fb_dialog_close_icon:hover{background:url(https://static.xx.fbcdn.net/rsrc.php/v3/yq/r/IE9JII6Z1Ys.png) no-repeat scroll 0 -15px transparent}.fb_dialog_close_icon:active{background:url(https://static.xx.fbcdn.net/rsrc.php/v3/yq/r/IE9JII6Z1Ys.png) no-repeat scroll 0 -30px transparent}.fb_dialog_iframe{line-height:0}.fb_dialog_content .dialog_title{background:#6d84b4;border:1px solid #365899;color:#fff;font-size:14px;font-weight:bold;margin:0}.fb_dialog_content .dialog_title>span{background:url(https://static.xx.fbcdn.net/rsrc.php/v3/yd/r/Cou7n-nqK52.gif) no-repeat 5px 50%;float:left;padding:5px 0 7px 26px}body.fb_hidden{height:100%;left:0;margin:0;overflow:visible;position:absolute;top:-10000px;transform:none;width:100%}.fb_dialog.fb_dialog_mobile.loading{background:url(https://static.xx.fbcdn.net/rsrc.php/v3/ya/r/3rhSv5V8j3o.gif) white no-repeat 50% 50%;min-height:100%;min-width:100%;overflow:hidden;position:absolute;top:0;z-index:10001}.fb_dialog.fb_dialog_mobile.loading.centered{background:none;height:auto;min-height:initial;min-width:initial;width:auto}.fb_dialog.fb_dialog_mobile.loading.centered #fb_dialog_loader_spinner{width:100%}.fb_dialog.fb_dialog_mobile.loading.centered .fb_dialog_content{background:none}.loading.centered #fb_dialog_loader_close{clear:both;color:#fff;display:block;font-size:18px;padding-top:20px}#fb-root #fb_dialog_ipad_overlay{background:rgba(0, 0, 0, .4);bottom:0;left:0;min-height:100%;position:absolute;right:0;top:0;width:100%;z-index:10000}#fb-root #fb_dialog_ipad_overlay.hidden{display:none}.fb_dialog.fb_dialog_mobile.loading iframe{visibility:hidden}.fb_dialog_mobile .fb_dialog_iframe{position:sticky;top:0}.fb_dialog_content .dialog_header{background:linear-gradient(from(#738aba), to(#2c4987));border-bottom:1px solid;border-color:#043b87;box-shadow:white 0 1px 1px -1px inset;color:#fff;font:bold 14px Helvetica, sans-serif;text-overflow:ellipsis;text-shadow:rgba(0, 30, 84, .296875) 0 -1px 0;vertical-align:middle;white-space:nowrap}.fb_dialog_content .dialog_header table{height:43px;width:100%}.fb_dialog_content .dialog_header td.header_left{font-size:12px;padding-left:5px;vertical-align:middle;width:60px}.fb_dialog_content .dialog_header td.header_right{font-size:12px;padding-right:5px;vertical-align:middle;width:60px}.fb_dialog_content .touchable_button{background:linear-gradient(from(#4267B2), to(#2a4887));background-clip:padding-box;border:1px solid #29487d;border-radius:3px;display:inline-block;line-height:18px;margin-top:3px;max-width:85px;padding:4px 12px;position:relative}.fb_dialog_content .dialog_header .touchable_button input{background:none;border:none;color:#fff;font:bold 12px Helvetica, sans-serif;margin:2px -12px;padding:2px 6px 3px 6px;text-shadow:rgba(0, 30, 84, .296875) 0 -1px 0}.fb_dialog_content .dialog_header .header_center{color:#fff;font-size:16px;font-weight:bold;line-height:18px;text-align:center;vertical-align:middle}.fb_dialog_content .dialog_content{background:url(https://static.xx.fbcdn.net/rsrc.php/v3/y9/r/jKEcVPZFk-2.gif) no-repeat 50% 50%;border:1px solid #4a4a4a;border-bottom:0;border-top:0;height:150px}.fb_dialog_content .dialog_footer{background:#f5f6f7;border:1px solid #4a4a4a;border-top-color:#ccc;height:40px}#fb_dialog_loader_close{float:left}.fb_dialog.fb_dialog_mobile .fb_dialog_close_button{text-shadow:rgba(0, 30, 84, .296875) 0 -1px 0}.fb_dialog.fb_dialog_mobile .fb_dialog_close_icon{visibility:hidden}#fb_dialog_loader_spinner{animation:rotateSpinner 1.2s linear infinite;background-color:transparent;background-image:url(https://static.xx.fbcdn.net/rsrc.php/v3/yD/r/t-wz8gw1xG1.png);background-position:50% 50%;background-repeat:no-repeat;height:24px;width:24px}@keyframes rotateSpinner{0%{transform:rotate(0deg)}100%{transform:rotate(360deg)}}
.fb_iframe_widget{display:inline-block;position:relative}.fb_iframe_widget span{display:inline-block;position:relative;text-align:justify}.fb_iframe_widget iframe{position:absolute}.fb_iframe_widget_fluid_desktop,.fb_iframe_widget_fluid_desktop span,.fb_iframe_widget_fluid_desktop iframe{max-width:100%}.fb_iframe_widget_fluid_desktop iframe{min-width:220px;position:relative}.fb_iframe_widget_lift{z-index:1}.fb_iframe_widget_fluid{display:inline}.fb_iframe_widget_fluid span{width:100%}</style></head>
<body>
<noscript>
	<div>
		Javascript must be enabled for the correct page display	</div>
</noscript>
<div id="overlay"></div>

<!-- main container of all the page elements -->
<div id="wrapper" onclick="void(0)" style="padding-top: 114px;">
	<div id="notification-wrapper" class="hide">
		<i class="fa fa-times pull-right" aria-hidden="true"></i>
		<p>The text of the notification</p>
	</div>
	<!-- allow a user to go to the main content of the page -->
	<a class="accessibility" href="#main">
		Sauter au Contenu	</a>
	<!-- header of the page -->
	<header id="mainHeader" class="not_printable header-fixed">
		<div class="header-holder">
			<div class="topHeader">
				<!-- logo -->
				<a href="https://www.soscuisine.com/?lang=fr" style="display: inline-block;">
					<div class="logo" tabindex="1" accesskey="1">
						<img src="/wp-content/uploads/2019/12/logo_SOSCuisine_com-1.jpg" alt="logo SOSCuisine" width="100%" height="auto">
					</div>
				</a>
				<!-- logo end -->
				<div class="mobileUserIcon">
                    <span class="connectedUserIcon">
                    						<i class="fas fa-user userIcon" tabindex="0" role="button" data-html="true" data-placement="bottom" data-content="
                            <span></span>
                            <div class=&quot;dropdown&quot; data-country=&quot;{{ country }}&quot; data-url=&quot;/menu-conn-legacy/?lang=fr&amp;country={{ country }}&quot;>
                        <ul id=&quot;menu-menu-usager&quot; class=&quot;&quot;><li id=&quot;menu-item-137059&quot; class=&quot;menu-item menu-item-type-post_type menu-item-object-page menu-item-has-children menu-item-137059&quot;><a href=&quot;https://www.soscuisine.com/bienvenue-page-succes/?lang=fr&quot;>[] Mon tableau de bord</a>
<ul class=&quot;sub-menu&quot;>
	<li id=&quot;menu-item-239&quot; class=&quot;menu-item menu-item-type-custom menu-item-object-custom menu-item-has-children menu-item-239&quot;><a href=&quot;/menu/&quot;>[] > Mon Menu</a>
	<ul class=&quot;sub-menu&quot;>
		<li id=&quot;menu-item-135667&quot; class=&quot;menu-item menu-item-type-custom menu-item-object-custom menu-item-135667&quot;><a href=&quot;/menu/liste-recettes&quot;>[] >> Liste de recettes</a></li>
		<li id=&quot;menu-item-241&quot; class=&quot;menu-item menu-item-type-custom menu-item-object-custom menu-item-241&quot;><a href=&quot;/menu/liste-epicerie/&quot;>[] >> Liste d’achats</a></li>
	</ul>
</li>
	<li id=&quot;menu-item-240&quot; class=&quot;menu-item menu-item-type-custom menu-item-object-custom menu-item-240&quot;><a href=&quot;/speciaux-circulaires/&quot;>[] > Mes spéciaux des circulaires</a></li>
	<li id=&quot;menu-item-242&quot; class=&quot;menu-item menu-item-type-custom menu-item-object-custom menu-item-242&quot;><a href=&quot;/rechercherecette/?lang=fr&amp;action=search&amp;inFavourites=1&quot;>[] > Mon livre de recettes</a></li>
	<li id=&quot;menu-item-136629&quot; class=&quot;menu-item menu-item-type-post_type menu-item-object-page menu-item-136629&quot;><a href=&quot;https://www.soscuisine.com/compte/?lang=fr&quot;>[] > Mon profil</a></li>
</ul>
</li>
<li id=&quot;menu-item-167&quot; class=&quot;deconnexionLink menu-item menu-item-type-custom menu-item-object-custom menu-item-167&quot;><a href=&quot;/logout?lang=fr&quot;>[] Me déconnecter</a></li>
</ul>                            </div>
                        " data-original-title="" title=""></i>
					                </span>
				</div>
				<div class="mobileUserIcon desktopHide">
					<div class="searchIcon">
						<i class="fas fa-search"></i>
					</div>
				</div>
				<!-- select country + Language -->
				<span class="mobileHide">
                        <a href="#changeRegion" class="changeRegion">
                            <div class="form-control country">
                                		                        <img style="height:28px;padding:3px;" src="/media/images/flag/QC.png">
		                        <i class="fas fa-sort-down"></i>
	                                                    </div>
                        </a>
                        					                        <select id="languageSelector" class="form-control" data-toggle="lang-dropdown">
                            <option value="https://www.soscuisine.com/grocery-flyers/" data-toggle="lang-dropdown">English</option><option selected="" value="https://www.soscuisine.com/speciaux-circulaires/?lang=fr" data-toggle="lang-dropdown">Français</option><option value="https://www.soscuisine.com/?lang=it" data-toggle="">Italiano</option>                        </select>

                                            </span>
				<!-- select country + Language end -->
				<!-- Sign In / Up button -->
								<!-- Signed in User Menu --->
				<!-- search form -->
                <form id="siteSearchForm" action="/recette/recherche/?lang=fr" method="get" class="searchForm mobileHide" accesskey="4">
                    <fieldset>
                        <legend class="hidden">search form</legend>
                        <input type="hidden" name="lang" value="fr">
                        <input type="hidden" name="action" value="search">
                        <div class="searchBox">
                            <input type="search" name="s" placeholder="Recherche" class="searchInput" title="feedback-form">
                            <button type="submit" class="fa-input" value=" Input send"></button>

                        </div>
                    </fieldset>
                </form>
				<!-- search form end -->
			</div>
			<div class="header-slide">
				<strong class="opener-title"></strong>
				<!-- Main nav -->
				<nav id="nav">
					<a href="#" class="opener">
						<span>Menu</span>
					</a>
										<div class="slide-nav js-slide-hidden" id="navHeader">
						<div class="slide js-slide-hidden">
							<div>
                                <span class="desktopHide">
                                        <select id="mobileLanguageSelector" onchange="this.options[this.selectedIndex].value &amp;&amp; (window.location = this.options[this.selectedIndex].value);" class="form-control" data-toggle="lang-dropdown">
                                            <option value="https://www.soscuisine.com/grocery-flyers/" data-toggle="lang-dropdown">English</option><option selected="" value="https://www.soscuisine.com/speciaux-circulaires/?lang=fr" data-toggle="lang-dropdown">Français</option><option value="https://www.soscuisine.com/?lang=it" data-toggle="">Italiano</option>                                        </select>
                                            <a href="#changeRegion" class="changeRegion">
                                                <div class="form-control country">
                                                    		                        <img style="height:28px;padding:3px;" src="/media/images/flag/QC.png">
		                        <i class="fas fa-sort-down"></i>
	                                                                        </div>
                                            </a>
                                    </span>
								<ul id="menu-menu-principal" class="nav"><li id="menu-item-59401" class="home menu-item menu-item-type-post_type menu-item-object-page menu-item-home menu-item-59401"><div class="item"><a href="https://www.soscuisine.com/?lang=fr">Accueil</a></div></li>
<li id="menu-item-49179" class="menu-item menu-item-type-post_type menu-item-object-page menu-item-49179"><div class="item"><a href="https://www.soscuisine.com/menus/?lang=fr">Nos Menus</a></div></li>
<li id="menu-item-141557" class="menu-item menu-item-type-post_type menu-item-object-page menu-item-has-children menu-item-141557"><div class="item"><a href="https://www.soscuisine.com/aubaines-circulaires-supermarches/?lang=fr">Vos aubaines</a></div><div class="drop-slide-wrapper" style="height: 425px; width: 885px; position: absolute; overflow: hidden; top: 43px; left: 0px; display: none;"><div class="nav-drop" style="position: static; display: block; top: auto; left: auto; margin-top: -425px;"><ul class="list-drop">	<li id="menu-item-37327" class="drop_img menu-item menu-item-type-custom menu-item-object-custom menu-item-37327"><div class="item"><a title="Comparateur de spéciaux" href="/speciaux-circulaires">Comparateur de spéciaux</a></div></li>
	<li id="menu-item-37341" class="drop_img menu-item menu-item-type-custom menu-item-object-custom menu-item-37341"><div class="item"><a title="Recettes en aubaine" href="/recette/recherche/?lang=fr&amp;action=search&amp;s=&amp;restrictDiet=1&amp;advantageousCost=1&amp;costPerServingQualifierId=0&amp;merchantId=0&amp;searchTraits%5B%5D=&amp;searchTraits%5B%5D=&amp;searchTraits%5B%5D=&amp;searchTraits%5B%5D=&amp;searchTraits%5B%5D=&amp;activeTimeQualifierId=0&amp;ingredientCountQualifierId=0&amp;difficultyQualifierId=0&amp;searchTraits%5B%5D=&amp;orderBy=savingPercent&amp;nbResultsToReturn=10&amp;pad=1">Recettes en aubaine</a></div></li>
	<li id="menu-item-37326" class="drop_img menu-item menu-item-type-custom menu-item-object-custom menu-item-37326"><div class="item"><a title="Évaluateur de prix" href="/evaluateur-prix-epicerie">Évaluateur de prix</a></div></li>
	<li id="menu-item-37340" class="drop_img menu-item menu-item-type-custom menu-item-object-custom menu-item-37340"><div class="item"><a title="Voir quels forfaits incluent ces outils" href="/forfaits-services">Voir quels forfaits incluent ces outils</a></div></li>
</ul><div class="drop-visual">
						<div class="frame">
							<div class="col">
								<a href="/speciaux-circulaires"><img width="347" height="139" src="https://www.soscuisine.com/wp-content/uploads/2017/05/flyers.jpg" class="attachment-full size-full" alt="" srcset="https://www.soscuisine.com/wp-content/uploads/2017/05/flyers.jpg 347w, https://www.soscuisine.com/wp-content/uploads/2017/05/flyers-150x60.jpg 150w" sizes="(max-width: 347px) 100vw, 347px"><br><strong class="title">Comparateur de spéciaux</strong>
								</a><br class="clear">
							</div><div class="col">
								<a href="/recette/recherche/?lang=fr&amp;action=search&amp;s=&amp;restrictDiet=1&amp;advantageousCost=1&amp;costPerServingQualifierId=0&amp;merchantId=0&amp;searchTraits%5B%5D=&amp;searchTraits%5B%5D=&amp;searchTraits%5B%5D=&amp;searchTraits%5B%5D=&amp;searchTraits%5B%5D=&amp;activeTimeQualifierId=0&amp;ingredientCountQualifierId=0&amp;difficultyQualifierId=0&amp;searchTraits%5B%5D=&amp;orderBy=savingPercent&amp;nbResultsToReturn=10&amp;pad=1"><img width="500" height="200" src="https://www.soscuisine.com/wp-content/uploads/2015/10/autopromo_648x180_plus_en.jpg" class="attachment-full size-full" alt="" srcset="https://www.soscuisine.com/wp-content/uploads/2015/10/autopromo_648x180_plus_en.jpg 500w, https://www.soscuisine.com/wp-content/uploads/2015/10/autopromo_648x180_plus_en-150x60.jpg 150w, https://www.soscuisine.com/wp-content/uploads/2015/10/autopromo_648x180_plus_en-300x120.jpg 300w" sizes="(max-width: 500px) 100vw, 500px"><br><strong class="title">Recettes en aubaine</strong>
								</a><br class="clear">
							</div><div class="col">
								<a href="/evaluateur-prix-epicerie"><img width="347" height="139" src="https://www.soscuisine.com/wp-content/uploads/2017/05/price-checker.jpg" class="attachment-full size-full" alt="" srcset="https://www.soscuisine.com/wp-content/uploads/2017/05/price-checker.jpg 347w, https://www.soscuisine.com/wp-content/uploads/2017/05/price-checker-150x60.jpg 150w" sizes="(max-width: 347px) 100vw, 347px"><br><strong class="title">Évaluateur de prix</strong>
								</a><br class="clear">
							</div><div class="col">
								<a href="/forfaits-services"><img width="347" height="139" src="https://www.soscuisine.com/wp-content/uploads/2017/05/sosplus-pricing.jpg" class="attachment-full size-full" alt="" srcset="https://www.soscuisine.com/wp-content/uploads/2017/05/sosplus-pricing.jpg 347w, https://www.soscuisine.com/wp-content/uploads/2017/05/sosplus-pricing-150x60.jpg 150w" sizes="(max-width: 347px) 100vw, 347px"><br><strong class="title">Voir quels forfaits incluent ces outils</strong>
								</a><br class="clear">
							</div>
						</div>
					</div>
				</div></div></li>
<li id="menu-item-40827" class="menu-item menu-item-type-post_type menu-item-object-page menu-item-has-children menu-item-40827"><div class="item"><a href="https://www.soscuisine.com/forfaits-services/?lang=fr">Forfaits</a></div><div class="drop-slide-wrapper" style="height: 401px; width: 885px; position: absolute; overflow: hidden; top: 43px; left: 0px; display: none;"><div class="nav-drop" style="position: static; display: block; top: auto; left: auto; margin-top: -401px;"><ul class="list-drop">	<li id="menu-item-177" class="drop_img menu-item menu-item-type-custom menu-item-object-custom menu-item-177"><div class="item"><a href="/fr/plus">PLUS</a></div></li>
	<li id="menu-item-40830" class="drop_img menu-item menu-item-type-post_type menu-item-object-page menu-item-40830"><div class="item"><a href="https://www.soscuisine.com/menus/?lang=fr">PREMIUM</a></div></li>
	<li id="menu-item-51781" class="drop_img menu-item menu-item-type-post_type menu-item-object-page menu-item-51781"><div class="item"><a title="drop-img" href="https://www.soscuisine.com/vip-nutritionniste/?lang=fr">VIP</a></div></li>
	<li id="menu-item-40828" class="drop_img menu-item menu-item-type-post_type menu-item-object-page menu-item-40828"><div class="item"><a href="https://www.soscuisine.com/forfaits-services/?lang=fr">Comparez les forfaits</a></div></li>
</ul><div class="drop-visual">
						<div class="frame">
							<div class="col">
								<a href="/fr/plus"><img width="347" height="139" src="https://www.soscuisine.com/wp-content/uploads/2017/05/flyers.jpg" class="attachment-full size-full" alt="" srcset="https://www.soscuisine.com/wp-content/uploads/2017/05/flyers.jpg 347w, https://www.soscuisine.com/wp-content/uploads/2017/05/flyers-150x60.jpg 150w" sizes="(max-width: 347px) 100vw, 347px"><br><strong class="title">PLUS</strong>
								</a><br class="clear">
							</div><div class="col">
								<a href="https://www.soscuisine.com/menus/?lang=fr"><img width="1078" height="432" src="https://www.soscuisine.com/wp-content/uploads/2018/12/coral-menu-pricing-premium-fr2.jpg" class="attachment-full size-full" alt="" srcset="https://www.soscuisine.com/wp-content/uploads/2018/12/coral-menu-pricing-premium-fr2.jpg 1078w, https://www.soscuisine.com/wp-content/uploads/2018/12/coral-menu-pricing-premium-fr2-150x60.jpg 150w, https://www.soscuisine.com/wp-content/uploads/2018/12/coral-menu-pricing-premium-fr2-768x308.jpg 768w" sizes="(max-width: 1078px) 100vw, 1078px"><br><strong class="title">PREMIUM</strong>
								</a><br class="clear">
							</div><div class="col">
								<a href="https://www.soscuisine.com/vip-nutritionniste/?lang=fr"><img width="347" height="139" src="https://www.soscuisine.com/wp-content/uploads/2018/12/coral-menu-pricing-vipn2.jpg" class="attachment-full size-full" alt="" srcset="https://www.soscuisine.com/wp-content/uploads/2018/12/coral-menu-pricing-vipn2.jpg 347w, https://www.soscuisine.com/wp-content/uploads/2018/12/coral-menu-pricing-vipn2-150x60.jpg 150w" sizes="(max-width: 347px) 100vw, 347px"><br><strong class="title">VIP</strong>
								</a><br class="clear">
							</div><div class="col">
								<a href="https://www.soscuisine.com/forfaits-services/?lang=fr"><img width="347" height="139" src="https://www.soscuisine.com/wp-content/uploads/2018/12/compare-plans.jpg" class="attachment-full size-full" alt="" srcset="https://www.soscuisine.com/wp-content/uploads/2018/12/compare-plans.jpg 347w, https://www.soscuisine.com/wp-content/uploads/2018/12/compare-plans-150x60.jpg 150w" sizes="(max-width: 347px) 100vw, 347px"><br><strong class="title">Comparez les forfaits</strong>
								</a><br class="clear">
							</div>
						</div>
					</div>
				</div></div></li>
<li id="menu-item-40223" class="menu-item menu-item-type-post_type menu-item-object-page menu-item-has-children menu-item-40223"><div class="item"><a href="https://www.soscuisine.com/professionnels/?lang=fr"><i class="fa fa-user-md" aria-hidden="true"></i>&nbsp;Professionnels</a></div><div class="drop-slide-wrapper" style="height: 401px; width: 885px; position: absolute; overflow: hidden; top: 43px; left: 0px; display: none;"><div class="nav-drop" style="position: static; display: block; top: auto; left: auto; margin-top: -401px;"><ul class="list-drop">	<li id="menu-item-40224" class="drop_img menu-item menu-item-type-post_type menu-item-object-page menu-item-40224"><div class="item"><a href="https://www.soscuisine.com/professionnels/medecins/?lang=fr">Médecins</a></div></li>
	<li id="menu-item-40225" class="drop_img menu-item menu-item-type-post_type menu-item-object-page menu-item-40225"><div class="item"><a href="https://www.soscuisine.com/professionnels/nutritionnistes/?lang=fr">Nutritionnistes</a></div></li>
	<li id="menu-item-40227" class="drop_img menu-item menu-item-type-post_type menu-item-object-page menu-item-40227"><div class="item"><a href="https://www.soscuisine.com/professionnels/sante-milieu-travail/?lang=fr">Entreprises (SMT)</a></div></li>
	<li id="menu-item-40226" class="drop_img menu-item menu-item-type-post_type menu-item-object-page menu-item-40226"><div class="item"><a href="https://www.soscuisine.com/professionnels/sante/?lang=fr">Professionnels de la santé</a></div></li>
	<li id="menu-item-138343" class="menu-item menu-item-type-post_type menu-item-object-page menu-item-138343"><div class="item"><a href="https://www.soscuisine.com/professionnels/formation-continue/?lang=fr">Formation continue DPC</a></div></li>
	<li id="menu-item-129913" class="menu-item menu-item-type-post_type menu-item-object-page menu-item-129913"><div class="item"><a href="https://www.soscuisine.com/professionnels/etudes-cliniques/etude-clinique-fodmap/?lang=fr">Études cliniques</a></div></li>
</ul><div class="drop-visual">
						<div class="frame">
							<div class="col">
								<a href="https://www.soscuisine.com/professionnels/medecins/?lang=fr"><img width="347" height="139" src="https://www.soscuisine.com/wp-content/uploads/2016/05/doctor-menu-tile.jpg" class="attachment-full size-full" alt="" srcset="https://www.soscuisine.com/wp-content/uploads/2016/05/doctor-menu-tile.jpg 347w, https://www.soscuisine.com/wp-content/uploads/2016/05/doctor-menu-tile-150x60.jpg 150w, https://www.soscuisine.com/wp-content/uploads/2016/05/doctor-menu-tile-300x120.jpg 300w" sizes="(max-width: 347px) 100vw, 347px"><br><strong class="title">Médecins</strong>
								</a><br class="clear">
							</div><div class="col">
								<a href="https://www.soscuisine.com/professionnels/nutritionnistes/?lang=fr"><img width="347" height="139" src="https://www.soscuisine.com/wp-content/uploads/2016/05/nutritionnist-tile.jpg" class="attachment-full size-full" alt="" srcset="https://www.soscuisine.com/wp-content/uploads/2016/05/nutritionnist-tile.jpg 347w, https://www.soscuisine.com/wp-content/uploads/2016/05/nutritionnist-tile-150x60.jpg 150w, https://www.soscuisine.com/wp-content/uploads/2016/05/nutritionnist-tile-300x120.jpg 300w" sizes="(max-width: 347px) 100vw, 347px"><br><strong class="title">Nutritionnistes</strong>
								</a><br class="clear">
							</div><div class="col">
								<a href="https://www.soscuisine.com/professionnels/sante-milieu-travail/?lang=fr"><img width="347" height="139" src="https://www.soscuisine.com/wp-content/uploads/2016/05/corporate-menu-tile.jpg" class="attachment-full size-full" alt="" srcset="https://www.soscuisine.com/wp-content/uploads/2016/05/corporate-menu-tile.jpg 347w, https://www.soscuisine.com/wp-content/uploads/2016/05/corporate-menu-tile-150x60.jpg 150w, https://www.soscuisine.com/wp-content/uploads/2016/05/corporate-menu-tile-300x120.jpg 300w" sizes="(max-width: 347px) 100vw, 347px"><br><strong class="title">Entreprises (SMT)</strong>
								</a><br class="clear">
							</div><div class="col">
								<a href="https://www.soscuisine.com/professionnels/sante/?lang=fr"><img width="347" height="139" src="https://www.soscuisine.com/wp-content/uploads/2016/05/health-professionals-tile.jpg" class="attachment-full size-full" alt="" srcset="https://www.soscuisine.com/wp-content/uploads/2016/05/health-professionals-tile.jpg 347w, https://www.soscuisine.com/wp-content/uploads/2016/05/health-professionals-tile-150x60.jpg 150w, https://www.soscuisine.com/wp-content/uploads/2016/05/health-professionals-tile-300x120.jpg 300w" sizes="(max-width: 347px) 100vw, 347px"><br><strong class="title">Professionnels de la santé</strong>
								</a><br class="clear">
							</div>
						</div>
					</div>
				</div></div></li>
<li id="menu-item-55767" class="menu-item menu-item-type-post_type menu-item-object-page menu-item-has-children menu-item-55767"><div class="item"><a href="https://www.soscuisine.com/livre/?lang=fr">Livres</a></div><div class="drop-slide-wrapper" style="height: 260px; width: 885px; position: absolute; overflow: hidden; top: 43px; left: 0px; display: none;"><div class="nav-drop" style="position: static; display: block; top: auto; left: auto; margin-top: -260px;"><ul class="list-drop">	<li id="menu-item-63215" class="drop_img menu-item menu-item-type-post_type menu-item-object-page menu-item-63215"><div class="item"><a href="https://www.soscuisine.com/livre/sport/?lang=fr">La cuisine efficace des familles actives</a></div></li>
	<li id="menu-item-56483" class="drop_img menu-item menu-item-type-post_type menu-item-object-page menu-item-56483"><div class="item"><a href="https://www.soscuisine.com/livre/fodmap/?lang=fr">La solution FODMAP: Pour en finir avec les maux de ventre</a></div></li>
</ul><div class="drop-visual">
						<div class="frame">
							<div class="col">
								<a href="https://www.soscuisine.com/livre/sport/?lang=fr"><img width="347" height="153" src="https://www.soscuisine.com/wp-content/uploads/2017/09/sport-famille-active-book-1.jpg" class="attachment-full size-full" alt="" srcset="https://www.soscuisine.com/wp-content/uploads/2017/09/sport-famille-active-book-1.jpg 347w, https://www.soscuisine.com/wp-content/uploads/2017/09/sport-famille-active-book-1-150x66.jpg 150w" sizes="(max-width: 347px) 100vw, 347px"><br><strong class="title">La cuisine efficace des familles actives</strong>
								</a><br class="clear">
							</div><div class="col">
								<a href="https://www.soscuisine.com/livre/fodmap/?lang=fr"><img width="347" height="153" src="https://www.soscuisine.com/wp-content/uploads/2017/05/solution-fodmap-book-1.jpg" class="attachment-full size-full" alt="" srcset="https://www.soscuisine.com/wp-content/uploads/2017/05/solution-fodmap-book-1.jpg 347w, https://www.soscuisine.com/wp-content/uploads/2017/05/solution-fodmap-book-1-150x66.jpg 150w" sizes="(max-width: 347px) 100vw, 347px"><br><strong class="title">La solution FODMAP: Pour en finir avec les maux de ventre</strong>
								</a><br class="clear">
							</div>
						</div>
					</div>
				</div></div></li>
<li id="menu-item-191" class="menu-item menu-item-type-custom menu-item-object-custom menu-item-has-children menu-item-191"><div class="item"><a href="/recette/categorie/?lang=fr">Recettes</a></div><div class="drop-slide-wrapper" style="height: 401px; width: 885px; position: absolute; overflow: hidden; top: 43px; left: 0px; display: none;"><div class="nav-drop" style="position: static; display: block; top: auto; left: auto; margin-top: -401px;"><ul class="list-drop">	<li id="menu-item-197" class="drop_img menu-item menu-item-type-custom menu-item-object-custom menu-item-197"><div class="item"><a title="Recherche" href="/recette/recherche/?lang=fr">Recherche</a></div></li>
	<li id="menu-item-33811" class="drop_img menu-item menu-item-type-custom menu-item-object-custom menu-item-33811"><div class="item"><a title="catégories de recettes" href="/recette/categorie/?lang=fr">Catégories de recettes</a></div></li>
	<li id="menu-item-194" class="menu-item menu-item-type-custom menu-item-object-custom menu-item-194"><div class="item"><a href="/recette/recherche/?lang=fr&amp;action=search&amp;inFavourites=1">Mon livre de recettes</a></div></li>
	<li id="menu-item-28509" class="drop_img menu-item menu-item-type-custom menu-item-object-custom menu-item-28509"><div class="item"><a href="/recette/recherche/?lang=fr&amp;action=search&amp;searchQuery=&amp;restrictDiet=1&amp;advantageousCost=1&amp;orderBy=savingPercent">Recettes en aubaine</a></div></li>
	<li id="menu-item-60275" class="menu-item menu-item-type-post_type menu-item-object-page menu-item-60275"><div class="item"><a href="https://www.soscuisine.com/glossaire-culinaire/?lang=fr">Glossaire culinaire</a></div></li>
	<li id="menu-item-144425" class="menu-item menu-item-type-post_type menu-item-object-page menu-item-144425"><div class="item"><a href="https://www.soscuisine.com/techniques-culinaires/?lang=fr">Techniques Culinaires</a></div></li>
	<li id="menu-item-37342" class="menu-item menu-item-type-custom menu-item-object-custom menu-item-37342"><div class="item"><a href="/produits-locaux-saison">Mangez Local</a></div></li>
	<li id="menu-item-54579" class="drop_img menu-item menu-item-type-post_type menu-item-object-post menu-item-54579"><div class="item"><a href="https://www.soscuisine.com/blog/top-10-repas-facile-longue-journee-travail/?lang=fr">TOP 10 : Repas faciles</a></div></li>
</ul><div class="drop-visual">
						<div class="frame">
							<div class="col">
								<a href="/recette/recherche/?lang=fr"><img width="347" height="139" src="https://www.soscuisine.com/wp-content/uploads/2016/09/categories-menu-img.jpg" class="attachment-full size-full" alt="" srcset="https://www.soscuisine.com/wp-content/uploads/2016/09/categories-menu-img.jpg 347w, https://www.soscuisine.com/wp-content/uploads/2016/09/categories-menu-img-150x60.jpg 150w, https://www.soscuisine.com/wp-content/uploads/2016/09/categories-menu-img-300x120.jpg 300w" sizes="(max-width: 347px) 100vw, 347px"><br><strong class="title">Recherche</strong>
								</a><br class="clear">
							</div><div class="col">
								<a href="/recette/categorie/?lang=fr"><img width="347" height="139" src="https://www.soscuisine.com/wp-content/uploads/2016/03/food-kitchen-cutting-board-cooking-e1457636805806.jpg" class="attachment-full size-full" alt="" srcset="https://www.soscuisine.com/wp-content/uploads/2016/03/food-kitchen-cutting-board-cooking-e1457636805806.jpg 347w, https://www.soscuisine.com/wp-content/uploads/2016/03/food-kitchen-cutting-board-cooking-e1457636805806-150x60.jpg 150w, https://www.soscuisine.com/wp-content/uploads/2016/03/food-kitchen-cutting-board-cooking-e1457636805806-300x120.jpg 300w" sizes="(max-width: 347px) 100vw, 347px"><br><strong class="title">Catégories de recettes</strong>
								</a><br class="clear">
							</div><div class="col">
								<a href="/recette/recherche/?lang=fr&amp;action=search&amp;searchQuery=&amp;restrictDiet=1&amp;advantageousCost=1&amp;orderBy=savingPercent"><img width="500" height="200" src="https://www.soscuisine.com/wp-content/uploads/2015/10/autopromo_648x180_plus_en.jpg" class="attachment-full size-full" alt="" srcset="https://www.soscuisine.com/wp-content/uploads/2015/10/autopromo_648x180_plus_en.jpg 500w, https://www.soscuisine.com/wp-content/uploads/2015/10/autopromo_648x180_plus_en-150x60.jpg 150w, https://www.soscuisine.com/wp-content/uploads/2015/10/autopromo_648x180_plus_en-300x120.jpg 300w" sizes="(max-width: 500px) 100vw, 500px"><br><strong class="title">Recettes en aubaine</strong>
								</a><br class="clear">
							</div><div class="col">
								<a href="https://www.soscuisine.com/blog/top-10-repas-facile-longue-journee-travail/?lang=fr"><img width="347" height="139" src="https://www.soscuisine.com/wp-content/uploads/2017/06/week-knight-meals.jpg" class="attachment-full size-full" alt="" srcset="https://www.soscuisine.com/wp-content/uploads/2017/06/week-knight-meals.jpg 347w, https://www.soscuisine.com/wp-content/uploads/2017/06/week-knight-meals-150x60.jpg 150w" sizes="(max-width: 347px) 100vw, 347px"><br><strong class="title">TOP 10 : Repas faciles</strong>
								</a><br class="clear">
							</div>
						</div>
					</div>
				</div></div></li>
<li id="menu-item-21736" class="menu-item menu-item-type-post_type menu-item-object-page menu-item-has-children menu-item-21736"><div class="item"><a href="https://www.soscuisine.com/blog/?lang=fr">Blogue</a></div><div class="drop-slide-wrapper" style="height: 401px; width: 885px; position: absolute; overflow: hidden; top: 43px; left: 0px; display: none;"><div class="nav-drop" style="position: static; display: block; top: auto; left: auto; margin-top: -401px;"><ul class="list-drop">	<li id="menu-item-26849" class="menu-item menu-item-type-taxonomy menu-item-object-category menu-item-26849"><div class="item"><a title="Qu’est ce qui mijote?" href="https://www.soscuisine.com/blog/category/quest-ce-qui-mijote/?lang=fr">Qu’est ce qui mijote?</a></div></li>
	<li id="menu-item-26850" class="menu-item menu-item-type-taxonomy menu-item-object-category menu-item-26850"><div class="item"><a href="https://www.soscuisine.com/blog/category/sante-nutrition/?lang=fr">Santé et nutrition</a></div></li>
	<li id="menu-item-28134" class="menu-item menu-item-type-taxonomy menu-item-object-category menu-item-28134"><div class="item"><a href="https://www.soscuisine.com/blog/category/economiser-all/?lang=fr">Économiser</a></div></li>
	<li id="menu-item-28135" class="menu-item menu-item-type-taxonomy menu-item-object-category menu-item-28135"><div class="item"><a href="https://www.soscuisine.com/blog/category/nos-trucs/?lang=fr">Nos trucs</a></div></li>
	<li id="menu-item-26843" class="menu-item menu-item-type-taxonomy menu-item-object-category menu-item-26843"><div class="item"><a href="https://www.soscuisine.com/blog/category/agenda/?lang=fr">À mettre à votre agenda</a></div></li>
	<li id="menu-item-28133" class="menu-item menu-item-type-taxonomy menu-item-object-category menu-item-28133"><div class="item"><a href="https://www.soscuisine.com/blog/category/dans-notre-bibliotheque/?lang=fr">Dans notre bibliothèque</a></div></li>
	<li id="menu-item-26844" class="menu-item menu-item-type-taxonomy menu-item-object-category menu-item-26844"><div class="item"><a href="https://www.soscuisine.com/blog/category/couverture-media/?lang=fr">Couverture média</a></div></li>
	<li id="menu-item-28112" class="drop_img menu-item menu-item-type-post_type menu-item-object-page menu-item-28112"><div class="item"><a href="https://www.soscuisine.com/a-propos/?lang=fr">À propos</a></div></li>
	<li id="menu-item-44794" class="drop_img menu-item menu-item-type-post_type menu-item-object-page menu-item-44794"><div class="item"><a href="https://www.soscuisine.com/dossiers/?lang=fr">Dossiers</a></div></li>
	<li id="menu-item-44795" class="drop_img menu-item menu-item-type-post_type menu-item-object-page menu-item-44795"><div class="item"><a href="https://www.soscuisine.com/dossiers/alimentation-mediterraneenne/?lang=fr">Alimentation méditerranéenne</a></div></li>
</ul><div class="drop-visual">
						<div class="frame">
							<div class="col">
								<a href="https://www.soscuisine.com/a-propos/?lang=fr"><img width="500" height="201" src="https://www.soscuisine.com/wp-content/uploads/2015/08/equipe-wide.jpg" class="attachment-full size-full" alt="" srcset="https://www.soscuisine.com/wp-content/uploads/2015/08/equipe-wide.jpg 500w, https://www.soscuisine.com/wp-content/uploads/2015/08/equipe-wide-150x60.jpg 150w, https://www.soscuisine.com/wp-content/uploads/2015/08/equipe-wide-300x121.jpg 300w" sizes="(max-width: 500px) 100vw, 500px"><br><strong class="title">À propos</strong>
								</a><br class="clear">
							</div><div class="col">
								<a href="https://www.soscuisine.com/dossiers/?lang=fr"><img width="347" height="139" src="https://www.soscuisine.com/wp-content/uploads/2016/10/inspiration-dossiers-menu-img.jpg" class="attachment-full size-full" alt="inspiration-dossiers-menu-img" srcset="https://www.soscuisine.com/wp-content/uploads/2016/10/inspiration-dossiers-menu-img.jpg 347w, https://www.soscuisine.com/wp-content/uploads/2016/10/inspiration-dossiers-menu-img-150x60.jpg 150w, https://www.soscuisine.com/wp-content/uploads/2016/10/inspiration-dossiers-menu-img-300x120.jpg 300w" sizes="(max-width: 347px) 100vw, 347px"><br><strong class="title">Dossiers</strong>
								</a><br class="clear">
							</div><div class="col">
								<a href="https://www.soscuisine.com/dossiers/alimentation-mediterraneenne/?lang=fr"><img width="347" height="139" src="https://www.soscuisine.com/wp-content/uploads/2017/06/medi-wide.jpg" class="attachment-full size-full" alt="" srcset="https://www.soscuisine.com/wp-content/uploads/2017/06/medi-wide.jpg 347w, https://www.soscuisine.com/wp-content/uploads/2017/06/medi-wide-150x60.jpg 150w" sizes="(max-width: 347px) 100vw, 347px"><br><strong class="title">Alimentation méditerranéenne</strong>
								</a><br class="clear">
							</div>
						</div>
					</div>
				</div></div></li>
</ul>							</div>
						</div>
					</div>
				</nav>
				<!-- main nav end -->
			</div>
		</div>
	</header>
	<!-- Change region popup -->
    <div id="changeRegion" class="changeRegion">
        <div class="countryPopup">
            <div class="popupContent">
                <a class="close" href="#">×</a>
                <div id="change-region-content">
                    <div id="main-areas-wrapper" class="row">
                        <div class="col-md-6 column">
                            <div class="single-area-wrapper">
                                <h3 class="single-area-title">
									AMÉRIQUE DU NORD                                </h3>
                                <div class="single-country singleCountryCanada">
                                    <h3 class="single-country-title canadaTitle">
                                        <img src="//d33wubrfki0l68.cloudfront.net/f4ced338a2b28fd1d5655d5400b332924f22d7a7/a68a9/assets/images/flags/countries/flag-of-canada.png" alt="Canada">
										Canada                                    </h3>
                                    <ul class="single-country-cities">
                                        <li>
                                            <a href="//www.soscuisine.com/?lang=fr&amp;sos_r=CA-AB">
                                                <h4>
                                                    <img src="/media/images/flag/AB.png" alt="Canada" class="provinceImg">
                                                    Alberta                                                </h4>
                                            </a>
                                        </li>
                                        <li>
                                            <a href="//www.soscuisine.com/?lang=fr&amp;sos_r=CA-BC">
                                                <h4>
                                                    <img src="/media/images/flag/BC.png" alt="Canada" class="provinceImg">
                                                    Colombie Britannique                                                </h4>
                                            </a>
                                        </li>
                                        <li>
                                            <a href="//www.soscuisine.com/?lang=fr&amp;sos_r=CA-MB">
                                                <h4>
                                                    <img src="/media/images/flag/MB.png" alt="Canada" class="provinceImg">
                                                    Manitoba                                                </h4>
                                            </a>
                                        </li>
                                        <li>
                                            <a href="//www.soscuisine.com/?lang=fr&amp;sos_r=CA-NB">
                                                <h4>
                                                    <img src="/media/images/flag/NB.png" alt="Canada" class="provinceImg">
                                                    Nouveau Brunswick                                                </h4>
                                            </a>
                                        </li>
                                        <li>
                                            <a href="//www.soscuisine.com/?lang=fr&amp;sos_r=CA-NL">
                                                <h4>
                                                    <img src="/media/images/flag/NL.png" alt="Canada" class="provinceImg">
                                                    Terre-Neuve et Labrador                                                 </h4>
                                            </a>
                                        </li>
                                        <li>
                                            <a href="//www.soscuisine.com/?lang=fr&amp;sos_r=CA-NS">
                                                <h4>
                                                    <img src="/media/images/flag/NS.png" alt="Canada" class="provinceImg">
                                                    Nouvelle Écosse                                                </h4>
                                            </a>
                                        </li>
                                        <li>
                                            <a href="//www.soscuisine.com/?lang=fr&amp;sos_r=CA-ON">
                                                <h4>
                                                    <img src="/media/images/flag/ON.png" alt="Canada" class="provinceImg">
                                                    Ontario                                                </h4>
                                            </a>
                                        </li>
                                        <li>
                                            <a href="//www.soscuisine.com/?lang=fr&amp;sos_r=CA-PE">
                                                <h4>
                                                    <img src="/media/images/flag/PE.png" alt="Canada" class="provinceImg">
                                                    Île-du-Prince-Édouard                                                </h4>
                                            </a>
                                        </li>
                                        <li>
                                            <a href="//www.soscuisine.com/?lang=fr&amp;sos_r=CA-QC">
                                                <h4>
                                                    <img src="/media/images/flag/QC.png" alt="Canada" class="provinceImg">
													Québec                                                </h4>
                                            </a>
                                        </li>
                                        <li>
                                            <a href="//www.soscuisine.com/?lang=fr&amp;sos_r=CA-SK">
                                                <h4>
                                                    <img src="/media/images/flag/SK.png" alt="Canada" class="provinceImg">
                                                    Saskatchewan                                                </h4>
                                            </a>
                                        </li>
                                    </ul>
                                </div>
                                <a href="//www.soscuisine.com/?lang=fr&amp;sos_r=US">
                                    <div class="single-country">
                                        <h3 class="single-country-title">
                                            <img src="//d33wubrfki0l68.cloudfront.net/575bc53a18e6edad6f149dd59e4d9bdbf51e2f90/2ad07/assets/images/flags/countries/flag-of-united-states-of-america.png" alt="United States">
											États-Unis                                        </h3>
                                    </div>
                                </a>
                            </div>
                        </div>
                        <div class="col-md-6 column">
                            <div class="single-area-wrapper">
                                <h3 class="single-area-title">
		                            Europe                                </h3>
                                <a href="//www.soscuisine.be/?lang=fr">
                                    <div class="single-country">
                                        <h3 class="single-country-title">
                                            <img src="//d33wubrfki0l68.cloudfront.net/110806a8ac19962e8cc3ba2d42c4f71c130cf8c0/9e9cd/assets/images/flags/countries/flag-of-belgium.png" alt="Belgium">
											Belgique                                            <span></span>
                                        </h3>
                                    </div>
                                </a>
                                <a href="//www.soscuisine.fr/?lang=fr">
                                    <div class="single-country">
                                        <h3 class="single-country-title">
                                            <img src="//d33wubrfki0l68.cloudfront.net/815586530c1527638811ce047a20f08a87c2cca3/e921f/assets/images/flags/countries/flag-of-france.png" alt="France">
											France                                        </h3>
                                    </div>
                                </a>
                                <a href="//www.soscuisine.it/?lang=fr">
                                    <div class="single-country">
                                        <h3 class="single-country-title">
                                            <img src="//d33wubrfki0l68.cloudfront.net/78540c8c719c9ee26710e6a8d1e8f25c0234710f/07123/assets/images/flags/countries/flag-of-italy.png" alt="Italy">
											Italie                                        </h3>
                                    </div>
                                </a>
                                <a href="//www.soscuisine.ch/?lang=fr">
                                    <div class="single-country">
                                        <h3 class="single-country-title">
                                            <img src="//d33wubrfki0l68.cloudfront.net/c935f6ad0ddf3a0510bbced2a4877237a78d1ff7/618dc/assets/images/flags/countries/flag-of-switzerland.png" alt="Switzerland">
											Suisse                                        </h3>
                                    </div>
                                </a>

                            </div>
                            <div class="single-area-wrapper">
                                <h3 class="single-area-title">
									Ailleurs                                </h3>
                                <a href="//www.soscuisine.com/?lang=fr&amp;sos_r=UNKNOWN">
                                    <div class="single-country">
                                        <h3 class="single-country-title">
                                            <img src="//i.imgur.com/qjrTYtt.png" alt="Elsewhere">
											Ailleurs                                            <span></span>
                                        </h3>
                                    </div>
                                </a>
                            </div>
                        </div>
                    </div>
                </div>
            </div>
        </div>
    </div>
	<!-- Change region popup end -->
	<main id="main-wide" role="main" class="AB0" data-lang="fr">
		
<script src="/wp-content/themes/soscuisinewp/js/cookies/js.cookie.js"></script>

<link rel="stylesheet" type="text/css" href="https://cdn.datatables.net/t/dt/dt-1.10.11,b-1.1.2,b-print-1.1.2,fh-3.1.1,r-2.0.2/datatables.min.css">

<script type="text/javascript" src="https://cdn.datatables.net/t/dt/dt-1.10.11,b-1.1.2,b-print-1.1.2,fh-3.1.1,r-2.0.2/datatables.min.js"></script>
<!--link rel="stylesheet" type="text/css" href="https://cdn.datatables.net/1.10.11/css/jquery.dataTables.min.css" /-->
<link media="all" rel="stylesheet" type="text/css" href="https://www.soscuisine.com/wp-content/themes/soscuisinewp/css/sios.css?07=19">
<link media="all" rel="stylesheet" type="text/css" href="https://www.soscuisine.com/wp-content/themes/soscuisinewp/css/powertour/powertour.min.3.1.0.css">
<link media="all" rel="stylesheet" type="text/css" href="https://www.soscuisine.com/wp-content/themes/soscuisinewp/css/powertour/powertour-style-clean.min.css">
<link media="all" rel="stylesheet" type="text/css" href="https://www.soscuisine.com/wp-content/themes/soscuisinewp/css/powertour/animate.min.css">
<link media="all" rel="stylesheet" type="text/css" href="https://www.soscuisine.com/wp-content/themes/soscuisinewp/css/powertour/powertour-mobile.css">
<style>
    td.details-control {cursor: pointer;}
    table.dataTable.dtr-inline.collapsed > tbody > tr > td:first-child::before, table.dataTable.dtr-inline.collapsed > tbody > tr > th:first-child::before {display: none;}
    table.dataTable.dtr-inline.collapsed.compact > tbody > tr > td:first-child, table.dataTable.dtr-inline.collapsed.compact > tbody > tr > th:first-child {padding-left: 4px;white-space: nowrap;}
    .fa-thumbs-up {color: #588a0f}
    .fa-thumbs-down {color: #CF0000}
    .dt-buttons {margin: 25px}
    .modalSOSPlus button.ui-button {outline: 1px solid #EBAD56 !important}
    table#example, input, .select-all, .select-none {cursor: pointer;}
    .menu-sub-link .right {font-style: normal}
    td.child ul {padding-left: 80px !important}
    </style>
<style media="print">
    .dataTables_length, .dataTables_filter, .dataTables_info, .dataTables_paginate, .dt-buttons {display: none !important;}
    .col-xs-12.col-sm-10.col-md-10.col-lg-10 {padding: 0;}
</style>
<script type="text/javascript">
    var currentWidth = window.innerWidth - 10;
    var maxWidth = currentWidth;
    if (maxWidth > 750) {
        maxWidth = 750;
    } else {
        maxWidth = currentWidth * 0.9;
    }
    var html = '<div class="modalSOSPlus"><a href="/fr/plus"><img src="/media/images/sosplus/go_sosplus_fr.jpg" style="max-width:' + maxWidth + '" /></a><b>D&#233;j&#224; membre PLUS, PREMIUM ou VIP? <a href="/membre_connexion.php?from=httphttp%3A%2F%2Fwww.soscuisine.com%2Fflyer_specials.php%3Fsos_l%3Dfr">Connectez-vous</a></b></div>';

    var canAddToGL = 1;
    var languageDataTable = {
        sProcessing: "<i class='fa fa-spinner fa-spin fa-5x'></i>",
        searchPlaceholder: "Recherche...",
        sSearch: "_INPUT_",
        sLengthMenu: "Afficher _MENU_ résultats",
        sInfo: "Affichage des résultats _START_ à _END_ sur un total de _TOTAL_",
        sInfoEmpty: "Aucun résultat",
        sInfoFiltered: "(filtré de _MAX_ résultats au total)",
        sLoadingRecords: "Chargement en cours...",
        sZeroRecords: "Aucun résultat à afficher",
        sEmptyTable: "Aucune donnée disponible dans le tableau",
        oPaginate: {
            sFirst: "Premier",
            sPrevious: "<<",
            sNext: ">>",
            sLast: "Dernier"
        }
    };

    var buttonsDataTable = [
        {
            text: '<i class="fa fa-print" title="Imprimer"></i>',
            action: function () {
                window.print();
            }
        },
        {
            text: '<i class="fas fa-redo"  title="Recharger"></i>',
            action: function () {
                location.reload(true);
            }
        },
        {
            text: '<i class="fa fa-expand"  title="Afficher les détails"></i>',
            action: function (e, dt) {
                $(dt.table().node()).find("tr:not(.parent)>td:first-child").trigger("click");
            }
        },
        {
            text: '<i class="fa fa-compress"  title="Masquer les détails"></i>',
            action: function (e, dt) {
                $(dt.table().node()).find("tr.parent>td:first-child").trigger("click");
            }
        },

                {
          text: '<i class="fa fa-table"  title="Vue par marchands"></i>&nbsp;Vue par marchands',
            action: function () {
                window.location = "/speciaux-circulaires-mosaique?ignoreMode=1"

       }
        },

        
        {
            text: '<i class="fa fa-question-circle" id="start-tutorial" title="Aide"></i>&nbsp;Aide ',
            action: function (event) {
                event.stopPropagation();
                var GAType = 'Free';
                if (canAddToGL){
                    GAType = 'Paid';
                }
                ga('send', 'event', 'SIOS', GAType, 'Help Button');
                if(window.location.hostname!= 'admin.soscuisine.com') {
                    $.powerTour('run', 1);
                }
            }
        }
    ];

    var language = 'fr';
    var regionCode = 'CA-QC';
    var regionId = '11';
    var appendURL = '?showFull=1';
    var dataKey = '61d011ee50cc644c0e08ba04c7e98cb6';

    var groceryListAdded = "L'item a été ajouté à votre liste";
    var groceryListContinue = "Continuer dans le tableau";
    var groceryListGoTo = "Aller à ma liste d'épicerie";
    var analyticTag = 'Paid';

$(document).ready(function () {
        if (window.innerWidth < 1026) {
            $('.toggle').removeClass('fa-minus-circle').addClass('fa-plus-circle');
        }
});
</script>
<div class="container-fluid">
    <div class="row">
        
            <div class="at-above-post-page addthis_tool" data-url="https://www.soscuisine.com/speciaux-circulaires/?lang=fr"></div><div class="container-fluid">
<div class="container set-width">
<div class="row left-text">
<div class="col-md-12">
<p id="breadcrumbs grey splashBigText"><strong><span><span><a href="https://www.soscuisine.com/?lang=fr">Home</a> » <span class="breadcrumb_last">Spéciaux des circulaires des supermarchés</span></span></span></strong></p>
<h1 class="bigGrey left-text" style="padding: 0; text-align: left; margin-top: 15px; margin-bottom: 15px;">Comparateur de spéciaux des circulaires</h1>
</div></div>
</div>
</div>
<p>    <!-- end of breadcrumbs--></p>
<div id="flyerSpecial"></div>
<!-- AddThis Advanced Settings above via filter on the_content --><!-- AddThis Advanced Settings below via filter on the_content --><!-- AddThis Advanced Settings generic via filter on the_content --><!-- AddThis Share Buttons above via filter on the_content --><!-- AddThis Share Buttons below via filter on the_content --><div class="at-below-post-page addthis_tool" data-url="https://www.soscuisine.com/speciaux-circulaires/?lang=fr"></div><!-- AddThis Share Buttons generic via filter on the_content -->                                </div>
    <div class="row menu-tuto-sios" data-link-grocery-list="/menu/liste-epicerie">
        <div class="col-xs-12 col-sm-12 col-md-3 col-lg-2 not_printable">
            <div class="menu" id="menu">
                <ul>
                    <li><span class="list-header">
                            <i class="fa fa-shopping-basket"></i>
                            Rayons                        </span>
                        <i class="fa right toggle fa-plus-circle"></i>
                        <div class="link-well">
                            <ul>
                                <li class="menu-sub-link">
                                    <input type="checkbox" name="aisle" value="16" id="aisle16" checked="checked">
                                    <label for="aisle16">
                                        Fruits                                    </label>
                                </li>
                                <li class="menu-sub-link">
                                    <input type="checkbox" name="aisle" value="17" id="aisle17" checked="checked">
                                    <label for="aisle17">
                                        Légumes                                    </label>
                                </li>
                                <li class="menu-sub-link">
                                    <input type="checkbox" name="aisle" value="15" id="aisle15" checked="checked">
                                    <label for="aisle15">
                                        Herbes Fraiches                                    </label>
                                </li>
                                <li class="menu-sub-link">
                                    <input type="checkbox" name="aisle" value="5" id="aisle5" checked="checked">
                                    <label for="aisle5">
                                        Produits Laitiers &amp; Oeufs                                    </label>
                                </li>
                                <li class="menu-sub-link">
                                    <input type="checkbox" name="aisle" value="6" id="aisle6" checked="checked">
                                    <label for="aisle6">
                                        Viandes &amp; Volailles                                    </label>
                                </li>
                                <li class="menu-sub-link">
                                    <input type="checkbox" name="aisle" value="7" id="aisle7" checked="checked">
                                    <label for="aisle7">
                                        Poissons &amp; Fruit De Mer                                    </label>
                                </li>
                                <li class="menu-sub-link">
                                    <input type="checkbox" name="aisle" value="13" id="aisle13" checked="checked">
                                    <label for="aisle13">
                                        Autres Produits Réfrigérés                                    </label>
                                </li>
                                <li class="menu-sub-link">
                                    <input type="checkbox" name="aisle" value="8" id="aisle8" checked="checked">
                                    <label for="aisle8">
                                        Produits Surgelés                                    </label>
                                </li>
                                <li class="menu-sub-link">
                                    <input type="checkbox" name="aisle" value="9" id="aisle9" checked="checked">
                                    <label for="aisle9">
                                        Pâtes, Riz &amp; Grains                                    </label>
                                </li>
                                <li class="menu-sub-link">
                                    <input type="checkbox" name="aisle" value="22" id="aisle22" checked="checked">
                                    <label for="aisle22">
                                        Boulangerie                                    </label>
                                </li>
                                <li class="menu-sub-link">
                                    <input type="checkbox" name="aisle" value="24" id="aisle24" checked="checked">
                                    <label for="aisle24">
                                        Produits Pour Cuisson                                    </label>
                                </li>
                                <li class="menu-sub-link">
                                    <input type="checkbox" name="aisle" value="18" id="aisle18" checked="checked">
                                    <label for="aisle18">
                                        Épices &amp; Herbes Séchées                                    </label>
                                </li>
                                <li class="menu-sub-link">
                                    <input type="checkbox" name="aisle" value="19" id="aisle19" checked="checked">
                                    <label for="aisle19">
                                        Huiles &amp; Vinaigres                                    </label>
                                </li>
                                <li class="menu-sub-link">
                                    <input type="checkbox" name="aisle" value="20" id="aisle20" checked="checked">
                                    <label for="aisle20">
                                        Condiments                                    </label>
                                </li>
                                <li class="menu-sub-link">
                                    <input type="checkbox" name="aisle" value="21" id="aisle21" checked="checked">
                                    <label for="aisle21">
                                        Noix &amp; Fruits Séchés                                    </label>
                                </li>
                                <li class="menu-sub-link">
                                    <input type="checkbox" name="aisle" value="23" id="aisle23" checked="checked">
                                    <label for="aisle23">
                                        Conserves                                    </label>
                                </li>
                                <li class="menu-sub-link">
                                    <input type="checkbox" name="aisle" value="10" id="aisle10" checked="checked">
                                    <label for="aisle10">
                                        Produits Secs &amp; Autres                                    </label>
                                </li>
                                <li class="menu-sub-link">
                                    <input type="checkbox" name="aisle" value="26" id="aisle26" checked="checked">
                                    <label for="aisle26">
                                        Sans Gluten                                    </label>
                                </li>
                                <li class="menu-sub-link">
                                    <input type="checkbox" name="aisle" value="11" id="aisle11" checked="checked">
                                    <label for="aisle11">
                                        Bières, Vins &amp; Spiritueux                                    </label>
                                </li>
                                <li class="menu-sub-link">
                                    <input type="checkbox" name="aisle" value="27" id="aisle27" checked="checked">
                                    <label for="aisle27">
                                        Non Alimentaire                                    </label>
                                </li>
                            </ul>
                            <b class="select-all">Sélectionner Tout</b> |
                            <b class="select-none">Désélectionner Tout</b>
                        </div>
                    </li>
                    <li>
                        <span class="list-header">
                            <i class="fa fa-shopping-cart"></i>
                            Marchands                        </span>
                        <i class="fa right toggle fa-plus-circle"></i>
                        <div class="link-well">
                            <ul id="merchantList" data-count="A19">
                                <li><input type="checkbox" checked="checked" style="display:none" name="merchant" value="0"></li>
                                <li class="menu-sub-link"><input type="checkbox" name="merchant" value="94" id="merchant94" checked="checked"><label for="merchant94">Avril</label></li><li class="menu-sub-link"><input type="checkbox" name="merchant" value="10" id="merchant10" checked="checked"><label for="merchant10">Bonichoix </label></li><li class="menu-sub-link"><input type="checkbox" name="merchant" value="75" id="merchant75" checked="checked"><label for="merchant75">Fruiterie 440</label></li><li class="menu-sub-link"><input type="checkbox" name="merchant" value="3" id="merchant3" checked="checked"><label for="merchant3">IGA</label></li><li class="menu-sub-link"><input type="checkbox" name="merchant" value="69" id="merchant69" checked="checked"><label for="merchant69">Intermarché (Provincial)</label></li><li class="menu-sub-link"><input type="checkbox" name="merchant" value="7" id="merchant7" checked="checked"><label for="merchant7">Intermarché (Saveurs intl.)</label></li><li class="menu-sub-link"><input type="checkbox" name="merchant" value="13" id="merchant13" checked="checked"><label for="merchant13">Jardin Mobile</label></li><li class="menu-sub-link"><input type="checkbox" name="merchant" value="63" id="merchant63" checked="checked"><label for="merchant63">Marché Adonis</label></li><li class="menu-sub-link"><input type="checkbox" name="merchant" value="95" id="merchant95" checked="checked"><label for="merchant95">Marchés Tau</label></li><li class="menu-sub-link"><input type="checkbox" name="merchant" value="6" id="merchant6" checked="checked"><label for="merchant6">Maxi</label></li><li class="menu-sub-link"><input type="checkbox" name="merchant" value="1" id="merchant1" checked="checked"><label for="merchant1">Metro</label></li><li class="menu-sub-link"><input type="checkbox" name="merchant" value="64" id="merchant64" checked="checked"><label for="merchant64">Mourelatos</label></li><li class="menu-sub-link"><input type="checkbox" name="merchant" value="2" id="merchant2" checked="checked"><label for="merchant2">Provigo</label></li><li class="menu-sub-link"><input type="checkbox" name="merchant" value="93" id="merchant93" checked="checked"><label for="merchant93">Rachelle Béry</label></li><li class="menu-sub-link"><input type="checkbox" name="merchant" value="12" id="merchant12" checked="checked"><label for="merchant12">Richelieu</label></li><li class="menu-sub-link"><input type="checkbox" name="merchant" value="5" id="merchant5" checked="checked"><label for="merchant5">Super C</label></li><li class="menu-sub-link"><input type="checkbox" name="merchant" value="62" id="merchant62" checked="checked"><label for="merchant62">Supermarché PA</label></li><li class="menu-sub-link"><input type="checkbox" name="merchant" value="11" id="merchant11" checked="checked"><label for="merchant11">Tradition</label></li><li class="menu-sub-link"><input type="checkbox" name="merchant" value="73" id="merchant73" checked="checked"><label for="merchant73">Walmart</label></li>                            </ul>
                            <b class="select-all">Sélectionner Tout</b> |
                            <b class="select-none">Désélectionner Tout</b>
                        </div>
                    </li>
                    <li>
                        <span class="list-header">
                            <i class="fa fa-thumbs-up" style="color: #000"></i>
                            Prix                        </span>
                        <i class="fa right toggle fa-plus-circle"></i>
                        <div class="link-well">
                            <ul>
                                <li class="menu-sub-link">
                                    <input type="checkbox" name="qualifier" value="GREAT_BARGAIN" id="GREAT_BARGAIN" checked="checked">
                                    <label for="GREAT_BARGAIN">
                                        Très Avantageux                                        <i class="fa fa-thumbs-up"></i> <i class="fa fa-thumbs-up"></i>
                                    </label>
                                </li>
                                <li class="menu-sub-link">
                                    <input type="checkbox" name="qualifier" value="BARGAIN" id="BARGAIN" checked="checked">
                                    <label for="BARGAIN">
                                        Avantageux                                        <i class="fa fa-thumbs-up"></i>
                                    </label>
                                </li>
                                <li class="menu-sub-link">
                                    <input type="checkbox" name="qualifier" value="NORMAL" id="NORMAL" checked="checked">
                                    <label for="NORMAL">
                                        Couci-Couça                                        <i class="fas fa-hand-rock"></i>
                                    </label>
                                </li>
                                <li class="menu-sub-link">
                                    <input type="checkbox" name="qualifier" value="BAD" id="BAD" checked="checked">
                                    <label for="BAD">
                                        Cher                                        <i class="fa fa-thumbs-down"></i>
                                    </label>
                                </li>
                                <li class="menu-sub-link">
                                    <input type="checkbox" name="qualifier" value="UNKNOWN" id="UNKNOWN" checked="checked">
                                    <label for="UNKNOWN">
                                        Non Qualifiable                                        <i class="fas fa-exclamation"></i>
                                        <i class="fas fa-circle" style="padding-right: 5px"></i>
                                    </label>
                                </li>
                            </ul>
                            <b class="select-all">Sélectionner Tout</b> |
                            <b class="select-none">Désélectionner Tout</b>
                        </div>
                    </li>
                </ul>
            </div>
        </div>
        <div class="col-xs-12 col-sm-12 col-md-9 col-lg-10">
            <div>
                <i class="fa fa-spinner fa-spin fa-5x" style="display: none;"></i>
                <div class="sios-click-note"><p><i class="fa fa-info-circle" aria-hidden="true"></i>Cliquez sur les lignes pour voir plus d'info</p></div><div id="example_wrapper" class="dataTables_wrapper no-footer" style="display: block;"><div class="dataTables_length" id="example_length"><label>Afficher <select name="example_length" aria-controls="example" class=""><option value="25">25</option><option value="50">50</option><option value="75">75</option><option value="100">100</option><option value="-1">ALL</option></select> résultats</label></div><div class="dt-buttons"><a class="dt-button" tabindex="0" aria-controls="example"><span><i class="fa fa-print" title="Imprimer"></i></span></a><a class="dt-button" tabindex="0" aria-controls="example"><span><i class="fas fa-redo" title="Recharger"></i></span></a><a class="dt-button" tabindex="0" aria-controls="example"><span><i class="fa fa-expand" title="Afficher les détails"></i></span></a><a class="dt-button" tabindex="0" aria-controls="example" style="display: none;"><span><i class="fa fa-compress" title="Masquer les détails"></i></span></a><a class="dt-button" tabindex="0" aria-controls="example"><span><i class="fa fa-table" title="Vue par marchands"></i>&nbsp;Vue par marchands</span></a><a class="dt-button" tabindex="0" aria-controls="example"><span><i class="fa fa-question-circle" id="start-tutorial" title="Aide"></i>&nbsp;Aide </span></a></div><div id="example_filter" class="dataTables_filter"><label><input type="search" class="" placeholder="Recherche..." aria-controls="example"></label></div><div id="example_processing" class="dataTables_processing" style="display: none;"><i class="fa fa-spinner fa-spin fa-5x" style="display: none;"></i></div><div class="dataTables_paginate paging_simple_numbers" id="example_paginate"><a class="paginate_button previous disabled" aria-controls="example" data-dt-idx="0" tabindex="0" id="example_previous">&lt;&lt;</a><span><a class="paginate_button current" aria-controls="example" data-dt-idx="1" tabindex="0">1</a></span><a class="paginate_button next disabled" aria-controls="example" data-dt-idx="2" tabindex="0" id="example_next">&gt;&gt;</a></div><table id="example" class="cell-border compact hover order-column dataTable no-footer dtr-inline collapsed" cellspacing="0" width="100%" role="grid" aria-describedby="example_info" style="width: 100%;">
                    <thead>
                        <tr role="row"><th class="all sorting" id="colThumbs" tabindex="0" aria-controls="example" rowspan="1" colspan="1" aria-label=": activate to sort column descending" style="width: 18px;"><i class="fa fa-thumbs-up" style="color: #000"></i></th><th class="sosmobile sostablet sosdesktop not_printable sorting_disabled" id="addToGroceryList" rowspan="1" colspan="1" aria-label="" style="width: 22px;"></th><th class="all sorting_disabled" rowspan="1" colspan="1" aria-label="" style="width: 46px;"></th><th class="all sorting" id="thItem" tabindex="0" aria-controls="example" rowspan="1" colspan="1" aria-label="
                                Article                            : activate to sort column ascending" style="width: 85px;">
                                Article                            </th><th class="sostablet sosdesktop not_printable sorting_asc" tabindex="0" aria-controls="example" rowspan="1" colspan="1" aria-sort="ascending" aria-label="
                                Rayon                            : activate to sort column descending" style="width: 50px;">
                                Rayon                            </th><th class="all sorting" tabindex="0" aria-controls="example" rowspan="1" colspan="1" aria-label="
                                Marchand                            : activate to sort column ascending" style="width: 161px;">
                                Marchand                            </th><th class="all sorting" tabindex="0" aria-controls="example" rowspan="1" colspan="1" aria-label="
                                Prix De Vente                            : activate to sort column ascending" style="width: 181px;">
                                Prix De Vente                            </th><th class="sostablet sosdesktop sorting" id="compPrice" tabindex="0" aria-controls="example" rowspan="1" colspan="1" aria-label="
                                Prix Comparatif                            : activate to sort column ascending" style="width: 122px;">
                                Prix Comparatif                            </th><th class="sosdesktop sorting" tabindex="0" aria-controls="example" rowspan="1" colspan="1" aria-label="
                                Valide jusqu'au                            : activate to sort column ascending" style="width: 0px; display: none;">
                                Valide jusqu'au                            </th><th class="sosdesktop sorting" tabindex="0" aria-controls="example" rowspan="1" colspan="1" aria-label="
                                Origine                            : activate to sort column ascending" style="width: 0px; display: none;">
                                Origine                            </th><th class="sosdesktop sorting" tabindex="0" aria-controls="example" rowspan="1" colspan="1" aria-label="
                                Marque                            : activate to sort column ascending" style="width: 0px; display: none;">
                                Marque                            </th><th class="sosdesktop sorting" tabindex="0" aria-controls="example" rowspan="1" colspan="1" aria-label="
                                Calibre                            : activate to sort column ascending" style="width: 0px; display: none;">
                                Calibre                            </th><th class="sosdesktop sorting" tabindex="0" aria-controls="example" rowspan="1" colspan="1" aria-label="
                                Type                            : activate to sort column ascending" style="width: 0px; display: none;">
                                Type                            </th><th class="sosdesktop sorting" tabindex="0" aria-controls="example" rowspan="1" colspan="1" aria-label="
                                Qualité                            : activate to sort column ascending" style="width: 0px; display: none;">
                                Qualité                            </th><th class="sosdesktop sorting" tabindex="0" aria-controls="example" rowspan="1" colspan="1" aria-label="
                                Condition                            : activate to sort column ascending" style="width: 0px; display: none;">
                                Condition                            </th><th class="none sorting" tabindex="0" aria-controls="example" rowspan="1" colspan="1" aria-label="
                                Notes                            : activate to sort column ascending" style="width: 0px; display: none;">
                                Notes                            </th><th class="none sorting" tabindex="0" aria-controls="example" rowspan="1" colspan="1" aria-label=": activate to sort column ascending" style="width: 0px; display: none;"></th></tr>
                    </thead>
                    <tbody>
                                            <tr role="row" class="odd"><td tabindex="0"><i class="fas fa-hand-rock"></i></td><td class=" not_printable"><div class="addToGL" data-soscuisine-aisle="16" data-soscuisine-sip="3939269"><i class="fa fa-cart-plus" title="Ajouter à ma liste d'épicerie"></i><div></div></div></td><td><img class="storeItemImage" itemprop="image" alt="ananas" src="/media/images/store_item/62.jpg"></td><td>ananas</td><td class="not_printable sorting_1">fruits</td><td><img style="width:50%;" src="/media/images/logos/marchands/3.png" alt="IGA"></td><td><span itemprop="price">3,99 $</span><span itemprop="eligibleQuantity" itemscope="" itemtype="http://schema.org/QuantitativeValue"> ch.</span></td><td>2,35 $/kg</td><td style="display: none;">2020-02-26</td><td style="display: none;">Am. centr.</td><td style="display: none;"></td><td style="display: none;">gr.6</td><td style="display: none;">Gold</td><td style="display: none;"></td><td style="display: none;"></td><td style="display: none;"></td><td style="display: none;"><a class="recipeLink" href="/recipe_ingredient_search_results.php?query=(_QU5E__1__________62__[]_1_1)&amp;sos_l=fr">Recettes avec ananas</a></td></tr><tr role="row" class="even"><td tabindex="0"><i class="fas fa-hand-rock"></i></td><td class=" not_printable"><div class="addToGL" data-soscuisine-aisle="16" data-soscuisine-sip="3938489"><i class="fa fa-cart-plus" title="Ajouter à ma liste d'épicerie"></i><div></div></div></td><td><img class="storeItemImage" itemprop="image" alt="ananas" src="/media/images/store_item/62.jpg"></td><td>ananas</td><td class="not_printable sorting_1">fruits</td><td><img style="width:50%;" src="/media/images/logos/marchands/7.png" alt="Intermarché (Saveurs intl.)"></td><td><span itemprop="price">2,50 $</span><span itemprop="eligibleQuantity" itemscope="" itemtype="http://schema.org/QuantitativeValue"> ch.</span></td><td>1,92 $/kg</td><td style="display: none;">2020-02-26</td><td style="display: none;">Costa Rica</td><td style="display: none;"></td><td style="display: none;">gr.8</td><td style="display: none;">Gold</td><td style="display: none;"></td><td style="display: none;"></td><td style="display: none;"></td><td style="display: none;"><a class="recipeLink" href="/recipe_ingredient_search_results.php?query=(_QU5E__1__________62__[]_1_1)&amp;sos_l=fr">Recettes avec ananas</a></td></tr><tr role="row" class="odd"><td tabindex="0"><i class="fas fa-circle"></i></td><td class=" not_printable"><div class="addToGL" data-soscuisine-aisle="16" data-soscuisine-sip="3937443"><i class="fa fa-cart-plus" title="Ajouter à ma liste d'épicerie"></i><div></div></div></td><td><img class="storeItemImage" itemprop="image" alt="ananas" src="/media/images/store_item/62.jpg"></td><td>ananas</td><td class="not_printable sorting_1">fruits</td><td><img style="width:50%;" src="/media/images/logos/marchands/6.png" alt="Maxi"></td><td><span itemprop="price">2,00 $</span><span itemprop="eligibleQuantity" itemscope="" itemtype="http://schema.org/QuantitativeValue"> ch.</span></td><td>N/A</td><td style="display: none;">2020-02-26</td><td style="display: none;">Costa Rica</td><td style="display: none;"></td><td style="display: none;">gr. n.d.</td><td style="display: none;"></td><td style="display: none;"></td><td style="display: none;"></td><td style="display: none;"></td><td style="display: none;"><a class="recipeLink" href="/recipe_ingredient_search_results.php?query=(_QU5E__1__________62__[]_1_1)&amp;sos_l=fr">Recettes avec ananas</a></td></tr><tr role="row" class="even"><td tabindex="0"><i class="fa fa-thumbs-up"></i><i class="fa fa-thumbs-up"></i></td><td class=" not_printable"><div class="addToGL" data-soscuisine-aisle="16" data-soscuisine-sip="3940385"><i class="fa fa-cart-plus" title="Ajouter à ma liste d'épicerie"></i><div></div></div></td><td><img class="storeItemImage" itemprop="image" alt="ananas" src="/media/images/store_item/62.jpg"></td><td>ananas</td><td class="not_printable sorting_1">fruits</td><td><img style="width:50%;" src="/media/images/logos/marchands/5.png" alt="Super C"></td><td><span itemprop="price">1,74 $</span><span itemprop="eligibleQuantity" itemscope="" itemtype="http://schema.org/QuantitativeValue"> ch.</span></td><td>1,34 $/kg</td><td style="display: none;">2020-02-26</td><td style="display: none;"></td><td style="display: none;"></td><td style="display: none;">gr.8</td><td style="display: none;">Gold</td><td style="display: none;"></td><td style="display: none;"></td><td style="display: none;"></td><td style="display: none;"><a class="recipeLink" href="/recipe_ingredient_search_results.php?query=(_QU5E__1__________62__[]_1_1)&amp;sos_l=fr">Recettes avec ananas</a></td></tr><tr role="row" class="odd"><td tabindex="0"><i class="fas fa-hand-rock"></i></td><td class=" not_printable"><div class="addToGL" data-soscuisine-aisle="16" data-soscuisine-sip="3940565"><i class="fa fa-cart-plus" title="Ajouter à ma liste d'épicerie"></i><div></div></div></td><td><img class="storeItemImage" itemprop="image" alt="ananas" src="/media/images/store_item/62.jpg"></td><td>ananas</td><td class="not_printable sorting_1">fruits</td><td><img style="width:50%;" src="/media/images/logos/marchands/11.png" alt="Tradition"></td><td><span itemprop="price">3,99 $</span><span itemprop="eligibleQuantity" itemscope="" itemtype="http://schema.org/QuantitativeValue"> ch.</span></td><td>2,35 $/kg</td><td style="display: none;">2020-02-26</td><td style="display: none;">Am. centr.</td><td style="display: none;"></td><td style="display: none;">gr.6</td><td style="display: none;">Gold</td><td style="display: none;"></td><td style="display: none;"></td><td style="display: none;"></td><td style="display: none;"><a class="recipeLink" href="/recipe_ingredient_search_results.php?query=(_QU5E__1__________62__[]_1_1)&amp;sos_l=fr">Recettes avec ananas</a></td></tr><tr role="row" class="even"><td tabindex="0"><i class="fas fa-exclamation"></i></td><td class=" not_printable"><div class="addToGL" data-soscuisine-aisle="16" data-soscuisine-sip="3939275"><i class="fa fa-cart-plus" title="Ajouter à ma liste d'épicerie"></i><div></div></div></td><td><img class="storeItemImage" itemprop="image" alt="ananas BIO" src="/media/images/store_item/855.jpg"></td><td>ananas BIO</td><td class="not_printable sorting_1">fruits</td><td><img style="width:50%;" src="/media/images/logos/marchands/3.png" alt="IGA"></td><td><span itemprop="price">5,99 $</span><span itemprop="eligibleQuantity" itemscope="" itemtype="http://schema.org/QuantitativeValue"> ch.</span></td><td>3,92 $/kg</td><td style="display: none;">2020-02-26</td><td style="display: none;">Am. centr.</td><td style="display: none;"></td><td style="display: none;">gr.6-8</td><td style="display: none;"></td><td style="display: none;"></td><td style="display: none;"></td><td style="display: none;"></td><td style="display: none;"><a class="recipeLink" href="/recipe_ingredient_search_results.php?query=(_QU5E__1__________855__[]_1_1)&amp;sos_l=fr">Recettes avec ananas BIO</a></td></tr><tr role="row" class="odd"><td tabindex="0"><i class="fas fa-hand-rock"></i></td><td class=" not_printable"><div class="addToGL" data-soscuisine-aisle="16" data-soscuisine-sip="3938867"><i class="fa fa-cart-plus" title="Ajouter à ma liste d'épicerie"></i><div></div></div></td><td><img class="storeItemImage" itemprop="image" alt="bananes" src="/media/images/store_item/63.jpg"></td><td>bananes</td><td class="not_printable sorting_1">fruits</td><td><img style="width:50%;" src="/media/images/logos/marchands/64.png" alt="Mourelatos"></td><td><span itemprop="price">0,57 $</span><span itemprop="eligibleQuantity" itemscope="" itemtype="http://schema.org/QuantitativeValue">/<span itemprop="unitText">lb</span></span></td><td>1,26 $/kg</td><td style="display: none;">2020-02-25</td><td style="display: none;"></td><td style="display: none;"></td><td style="display: none;"></td><td style="display: none;"></td><td style="display: none;"></td><td style="display: none;"></td><td style="display: none;"></td><td style="display: none;"><a class="recipeLink" href="/recipe_ingredient_search_results.php?query=(_QU5E__1__________63__[]_1_1)&amp;sos_l=fr">Recettes avec bananes</a></td></tr><tr role="row" class="even"><td tabindex="0"><i class="fas fa-hand-rock"></i></td><td class=" not_printable"><div class="addToGL" data-soscuisine-aisle="16" data-soscuisine-sip="3940449"><i class="fa fa-cart-plus" title="Ajouter à ma liste d'épicerie"></i><div></div></div></td><td><img class="storeItemImage" itemprop="image" alt="bananes" src="/media/images/store_item/63.jpg"></td><td>bananes</td><td class="not_printable sorting_1">fruits</td><td><img style="width:50%;" src="/media/images/logos/marchands/5.png" alt="Super C"></td><td><span itemprop="price">0,67 $</span><span itemprop="eligibleQuantity" itemscope="" itemtype="http://schema.org/QuantitativeValue">/<span itemprop="unitText">lb</span></span></td><td>1,48 $/kg</td><td style="display: none;">2020-02-26</td><td style="display: none;"></td><td style="display: none;">Dole</td><td style="display: none;"></td><td style="display: none;"></td><td style="display: none;"></td><td style="display: none;"></td><td style="display: none;"></td><td style="display: none;"><a class="recipeLink" href="/recipe_ingredient_search_results.php?query=(_QU5E__1__________63__[]_1_1)&amp;sos_l=fr">Recettes avec bananes</a></td></tr><tr role="row" class="odd"><td tabindex="0"><i class="fas fa-hand-rock"></i></td><td class=" not_printable"><div class="addToGL" data-soscuisine-aisle="16" data-soscuisine-sip="3939835"><i class="fa fa-cart-plus" title="Ajouter à ma liste d'épicerie"></i><div></div></div></td><td><img class="storeItemImage" itemprop="image" alt="bananes BIO" src="/media/images/store_item/691.jpg"></td><td>bananes BIO</td><td class="not_printable sorting_1">fruits</td><td><img style="width:50%;" src="/media/images/logos/marchands/10.png" alt="Bonichoix "></td><td><span itemprop="price">1,09 $</span><span itemprop="eligibleQuantity" itemscope="" itemtype="http://schema.org/QuantitativeValue">/<span itemprop="unitText">lb</span></span></td><td>2,40 $/kg</td><td style="display: none;">2020-02-26</td><td style="display: none;">Importé</td><td style="display: none;"></td><td style="display: none;"></td><td style="display: none;"></td><td style="display: none;">équitable</td><td style="display: none;"></td><td style="display: none;"></td><td style="display: none;"><a class="recipeLink" href="/recipe_ingredient_search_results.php?query=(_QU5E__1__________691__[]_1_1)&amp;sos_l=fr">Recettes avec bananes BIO</a></td></tr><tr role="row" class="even"><td tabindex="0"><i class="fas fa-hand-rock"></i></td><td class=" not_printable"><div class="addToGL" data-soscuisine-aisle="16" data-soscuisine-sip="3938195"><i class="fa fa-cart-plus" title="Ajouter à ma liste d'épicerie"></i><div></div></div></td><td><img class="storeItemImage" itemprop="image" alt="bananes BIO" src="/media/images/store_item/691.jpg"></td><td>bananes BIO</td><td class="not_printable sorting_1">fruits</td><td><img style="width:50%;" src="/media/images/logos/marchands/2.png" alt="Provigo"></td><td><span itemprop="price">1,29 $</span><span itemprop="eligibleQuantity" itemscope="" itemtype="http://schema.org/QuantitativeValue">/<span itemprop="unitText">lb</span></span></td><td>2,84 $/kg</td><td style="display: none;">2020-02-26</td><td style="display: none;">Équateur</td><td style="display: none;">marque maison</td><td style="display: none;"></td><td style="display: none;"></td><td style="display: none;"></td><td style="display: none;"></td><td style="display: none;">Perou, Colombie, ou Mexique</td><td style="display: none;"><a class="recipeLink" href="/recipe_ingredient_search_results.php?query=(_QU5E__1__________691__[]_1_1)&amp;sos_l=fr">Recettes avec bananes BIO</a></td></tr><tr role="row" class="odd"><td tabindex="0"><i class="fa fa-thumbs-up"></i></td><td class=" not_printable"><div class="addToGL" data-soscuisine-aisle="16" data-soscuisine-sip="3940911"><i class="fa fa-cart-plus" title="Ajouter à ma liste d'épicerie"></i><div></div></div></td><td><img class="storeItemImage" itemprop="image" alt="bananes BIO" src="/media/images/store_item/691.jpg"></td><td>bananes BIO</td><td class="not_printable sorting_1">fruits</td><td><img style="width:50%;" src="/media/images/logos/marchands/12.png" alt="Richelieu"></td><td><span itemprop="price">0,99 $</span><span itemprop="eligibleQuantity" itemscope="" itemtype="http://schema.org/QuantitativeValue">/<span itemprop="unitText">lb</span></span></td><td>2,18 $/kg</td><td style="display: none;">2020-02-26</td><td style="display: none;"></td><td style="display: none;"></td><td style="display: none;"></td><td style="display: none;"></td><td style="display: none;"></td><td style="display: none;"></td><td style="display: none;"></td><td style="display: none;"><a class="recipeLink" href="/recipe_ingredient_search_results.php?query=(_QU5E__1__________691__[]_1_1)&amp;sos_l=fr">Recettes avec bananes BIO</a></td></tr><tr role="row" class="even"><td tabindex="0"><i class="fas fa-hand-rock"></i></td><td class=" not_printable"><div class="addToGL" data-soscuisine-aisle="16" data-soscuisine-sip="3937455"><i class="fa fa-cart-plus" title="Ajouter à ma liste d'épicerie"></i><div></div></div></td><td><img class="storeItemImage" itemprop="image" alt="bleuets" src="/media/images/store_item/87.jpg"></td><td>bleuets</td><td class="not_printable sorting_1">fruits</td><td><img style="width:50%;" src="/media/images/logos/marchands/6.png" alt="Maxi"></td><td><span itemprop="price">2,00 $</span><span itemprop="eligibleQuantity" itemscope="" itemtype="http://schema.org/QuantitativeValue">/171g</span></td><td>11,70 $/kg</td><td style="display: none;">2020-02-26</td><td style="display: none;">USA</td><td style="display: none;"></td><td style="display: none;"></td><td style="display: none;"></td><td style="display: none;"></td><td style="display: none;"></td><td style="display: none;">ou Mexique</td><td style="display: none;"><a class="recipeLink" href="/recipe_ingredient_search_results.php?query=(_QU5E__1__________87__[]_1_1)&amp;sos_l=fr">Recettes avec bleuets</a></td></tr><tr role="row" class="odd"><td tabindex="0"><i class="fas fa-hand-rock"></i></td><td class=" not_printable"><div class="addToGL" data-soscuisine-aisle="16" data-soscuisine-sip="3938153"><i class="fa fa-cart-plus" title="Ajouter à ma liste d'épicerie"></i><div></div></div></td><td><img class="storeItemImage" itemprop="image" alt="bleuets" src="/media/images/store_item/87.jpg"></td><td>bleuets</td><td class="not_printable sorting_1">fruits</td><td><img style="width:50%;" src="/media/images/logos/marchands/2.png" alt="Provigo"></td><td><span itemprop="price">5,99 $</span><span itemprop="eligibleQuantity" itemscope="" itemtype="http://schema.org/QuantitativeValue">/<span itemprop="unitText">510g (18oz)</span></span></td><td>11,75 $/kg</td><td style="display: none;">2020-02-26</td><td style="display: none;">Argentine</td><td style="display: none;"></td><td style="display: none;"></td><td style="display: none;"></td><td style="display: none;"></td><td style="display: none;"></td><td style="display: none;">Chili, ou Perou</td><td style="display: none;"><a class="recipeLink" href="/recipe_ingredient_search_results.php?query=(_QU5E__1__________87__[]_1_1)&amp;sos_l=fr">Recettes avec bleuets</a></td></tr><tr role="row" class="even"><td tabindex="0"><i class="fas fa-hand-rock"></i></td><td class=" not_printable"><div class="addToGL" data-soscuisine-aisle="16" data-soscuisine-sip="3940567"><i class="fa fa-cart-plus" title="Ajouter à ma liste d'épicerie"></i><div></div></div></td><td><img class="storeItemImage" itemprop="image" alt="bleuets" src="/media/images/store_item/87.jpg"></td><td>bleuets</td><td class="not_printable sorting_1">fruits</td><td><img style="width:50%;" src="/media/images/logos/marchands/11.png" alt="Tradition"></td><td><span itemprop="price">3,99 $</span><span itemprop="eligibleQuantity" itemscope="" itemtype="http://schema.org/QuantitativeValue">/<span itemprop="unitText">chopine (US sèche)</span></span></td><td>11,74 $/kg</td><td style="display: none;">2020-02-26</td><td style="display: none;">Importé</td><td style="display: none;"></td><td style="display: none;"></td><td style="display: none;"></td><td style="display: none;"></td><td style="display: none;"></td><td style="display: none;"></td><td style="display: none;"><a class="recipeLink" href="/recipe_ingredient_search_results.php?query=(_QU5E__1__________87__[]_1_1)&amp;sos_l=fr">Recettes avec bleuets</a></td></tr><tr role="row" class="odd"><td tabindex="0"><i class="fas fa-hand-rock"></i></td><td class=" not_printable"><div class="addToGL" data-soscuisine-aisle="16" data-soscuisine-sip="3937687"><i class="fa fa-cart-plus" title="Ajouter à ma liste d'épicerie"></i><div></div></div></td><td><img class="storeItemImage" itemprop="image" alt="bleuets BIO" src="/media/images/store_item/717.jpg"></td><td>bleuets BIO</td><td class="not_printable sorting_1">fruits</td><td><img style="width:50%;" src="/media/images/logos/marchands/1.png" alt="Metro"></td><td><span itemprop="price">7,00 $</span><span itemprop="eligibleQuantity" itemscope="" itemtype="http://schema.org/QuantitativeValue">/<span itemprop="value">2</span>x171g</span></td><td>20,47 $/kg</td><td style="display: none;">2020-02-26</td><td style="display: none;">Chili</td><td style="display: none;"></td><td style="display: none;"></td><td style="display: none;"></td><td style="display: none;"></td><td style="display: none;"></td><td style="display: none;"></td><td style="display: none;"><a class="recipeLink" href="/recipe_ingredient_search_results.php?query=(_QU5E__1__________717__[]_1_1)&amp;sos_l=fr">Recettes avec bleuets BIO</a></td></tr><tr role="row" class="even"><td tabindex="0"><i class="fa fa-thumbs-up"></i><i class="fa fa-thumbs-up"></i></td><td class=" not_printable"><div class="addToGL" data-soscuisine-aisle="16" data-soscuisine-sip="3938947"><i class="fa fa-cart-plus" title="Ajouter à ma liste d'épicerie"></i><div></div></div></td><td><img class="storeItemImage" itemprop="image" alt="cantaloups" src="/media/images/store_item/74.jpg"></td><td>cantaloups</td><td class="not_printable sorting_1">fruits</td><td><img style="width:50%;" src="/media/images/logos/marchands/3.png" alt="IGA"></td><td><span itemprop="price">4,00 $</span><span itemprop="eligibleQuantity" itemscope="" itemtype="http://schema.org/QuantitativeValue">/<span itemprop="value">2</span></span></td><td>0,99 $/kg</td><td style="display: none;">2020-02-26</td><td style="display: none;">Am. centr.</td><td style="display: none;"></td><td style="display: none;">gr.9</td><td style="display: none;"></td><td style="display: none;"></td><td style="display: none;"></td><td style="display: none;"></td><td style="display: none;"><a class="recipeLink" href="/recipe_ingredient_search_results.php?query=(_QU5E__1__________74__[]_1_1)&amp;sos_l=fr">Recettes avec cantaloups</a></td></tr><tr role="row" class="odd"><td tabindex="0"><i class="fas fa-circle"></i></td><td class=" not_printable"><div class="addToGL" data-soscuisine-aisle="16" data-soscuisine-sip="3938575"><i class="fa fa-cart-plus" title="Ajouter à ma liste d'épicerie"></i><div></div></div></td><td><img class="storeItemImage" itemprop="image" alt="cantaloups" src="/media/images/store_item/74.jpg"></td><td>cantaloups</td><td class="not_printable sorting_1">fruits</td><td><img style="width:50%;" src="/media/images/logos/marchands/69.png" alt="Intermarché (Provincial)"></td><td><span itemprop="price">1,50 $</span><span itemprop="eligibleQuantity" itemscope="" itemtype="http://schema.org/QuantitativeValue"> ch.</span></td><td>N/A</td><td style="display: none;">2020-02-26</td><td style="display: none;">Guatemala</td><td style="display: none;"></td><td style="display: none;">gr. n.d.</td><td style="display: none;"></td><td style="display: none;"></td><td style="display: none;"></td><td style="display: none;">ou Honduras</td><td style="display: none;"><a class="recipeLink" href="/recipe_ingredient_search_results.php?query=(_QU5E__1__________74__[]_1_1)&amp;sos_l=fr">Recettes avec cantaloups</a></td></tr><tr role="row" class="even"><td tabindex="0"><i class="fas fa-circle"></i></td><td class=" not_printable"><div class="addToGL" data-soscuisine-aisle="16" data-soscuisine-sip="3938503"><i class="fa fa-cart-plus" title="Ajouter à ma liste d'épicerie"></i><div></div></div></td><td><img class="storeItemImage" itemprop="image" alt="cantaloups" src="/media/images/store_item/74.jpg"></td><td>cantaloups</td><td class="not_printable sorting_1">fruits</td><td><img style="width:50%;" src="/media/images/logos/marchands/7.png" alt="Intermarché (Saveurs intl.)"></td><td><span itemprop="price">1,67 $</span><span itemprop="eligibleQuantity" itemscope="" itemtype="http://schema.org/QuantitativeValue"> ch.</span></td><td>N/A</td><td style="display: none;">2020-02-26</td><td style="display: none;">Honduras</td><td style="display: none;"></td><td style="display: none;">gr. n.d.</td><td style="display: none;"></td><td style="display: none;"></td><td style="display: none;"></td><td style="display: none;">Mag</td><td style="display: none;"><a class="recipeLink" href="/recipe_ingredient_search_results.php?query=(_QU5E__1__________74__[]_1_1)&amp;sos_l=fr">Recettes avec cantaloups</a></td></tr><tr role="row" class="odd"><td tabindex="0"><i class="fas fa-circle"></i></td><td class=" not_printable"><div class="addToGL" data-soscuisine-aisle="16" data-soscuisine-sip="3942065"><i class="fa fa-cart-plus" title="Ajouter à ma liste d'épicerie"></i><div></div></div></td><td><img class="storeItemImage" itemprop="image" alt="cantaloups" src="/media/images/store_item/74.jpg"></td><td>cantaloups</td><td class="not_printable sorting_1">fruits</td><td><img style="width:50%;" src="/media/images/logos/marchands/13.png" alt="Jardin Mobile"></td><td><span itemprop="price">1,99 $</span><span itemprop="eligibleQuantity" itemscope="" itemtype="http://schema.org/QuantitativeValue"> ch.</span></td><td>N/A</td><td style="display: none;">2020-02-26</td><td style="display: none;">Importé</td><td style="display: none;"></td><td style="display: none;">gr. n.d.</td><td style="display: none;"></td><td style="display: none;"></td><td style="display: none;"></td><td style="display: none;"></td><td style="display: none;"><a class="recipeLink" href="/recipe_ingredient_search_results.php?query=(_QU5E__1__________74__[]_1_1)&amp;sos_l=fr">Recettes avec cantaloups</a></td></tr><tr role="row" class="even"><td tabindex="0"><i class="fas fa-hand-rock"></i></td><td class=" not_printable"><div class="addToGL" data-soscuisine-aisle="16" data-soscuisine-sip="3939179"><i class="fa fa-cart-plus" title="Ajouter à ma liste d'épicerie"></i><div></div></div></td><td><img class="storeItemImage" itemprop="image" alt="cantaloups" src="/media/images/store_item/74.jpg"></td><td>cantaloups</td><td class="not_printable sorting_1">fruits</td><td><img style="width:50%;" src="/media/images/logos/marchands/63.png" alt="Marché Adonis"></td><td><span itemprop="price">2,99 $</span><span itemprop="eligibleQuantity" itemscope="" itemtype="http://schema.org/QuantitativeValue"> ch.</span></td><td>1,48 $/kg</td><td style="display: none;">2020-02-26</td><td style="display: none;">Guatemala</td><td style="display: none;"></td><td style="display: none;">gr.9</td><td style="display: none;"></td><td style="display: none;"></td><td style="display: none;"></td><td style="display: none;"></td><td style="display: none;"><a class="recipeLink" href="/recipe_ingredient_search_results.php?query=(_QU5E__1__________74__[]_1_1)&amp;sos_l=fr">Recettes avec cantaloups</a></td></tr><tr role="row" class="odd"><td tabindex="0"><i class="fas fa-hand-rock"></i></td><td class=" not_printable"><div class="addToGL" data-soscuisine-aisle="16" data-soscuisine-sip="3937641"><i class="fa fa-cart-plus" title="Ajouter à ma liste d'épicerie"></i><div></div></div></td><td><img class="storeItemImage" itemprop="image" alt="cantaloups" src="/media/images/store_item/74.jpg"></td><td>cantaloups</td><td class="not_printable sorting_1">fruits</td><td><img style="width:50%;" src="/media/images/logos/marchands/1.png" alt="Metro"></td><td><span itemprop="price">2,99 $</span><span itemprop="eligibleQuantity" itemscope="" itemtype="http://schema.org/QuantitativeValue"> ch.</span></td><td>1,98 $/kg</td><td style="display: none;">2020-02-26</td><td style="display: none;">Guatemala</td><td style="display: none;"></td><td style="display: none;">gr.12</td><td style="display: none;"></td><td style="display: none;"></td><td style="display: none;"></td><td style="display: none;">ou Honduras</td><td style="display: none;"><a class="recipeLink" href="/recipe_ingredient_search_results.php?query=(_QU5E__1__________74__[]_1_1)&amp;sos_l=fr">Recettes avec cantaloups</a></td></tr><tr role="row" class="even"><td tabindex="0"><i class="fa fa-thumbs-up"></i><i class="fa fa-thumbs-up"></i></td><td class=" not_printable"><div class="addToGL" data-soscuisine-aisle="16" data-soscuisine-sip="3939053"><i class="fa fa-cart-plus" title="Ajouter à ma liste d'épicerie"></i><div></div></div></td><td><img class="storeItemImage" itemprop="image" alt="cantaloups" src="/media/images/store_item/74.jpg"></td><td>cantaloups</td><td class="not_printable sorting_1">fruits</td><td><img style="width:50%;" src="/media/images/logos/marchands/64.png" alt="Mourelatos"></td><td><span itemprop="price">1,99 $</span><span itemprop="eligibleQuantity" itemscope="" itemtype="http://schema.org/QuantitativeValue"> ch.</span></td><td>0,99 $/kg</td><td style="display: none;">2020-02-25</td><td style="display: none;"></td><td style="display: none;"></td><td style="display: none;">gr.9</td><td style="display: none;"></td><td style="display: none;"></td><td style="display: none;"></td><td style="display: none;"></td><td style="display: none;"><a class="recipeLink" href="/recipe_ingredient_search_results.php?query=(_QU5E__1__________74__[]_1_1)&amp;sos_l=fr">Recettes avec cantaloups</a></td></tr><tr role="row" class="odd"><td tabindex="0"><i class="fa fa-thumbs-down"></i></td><td class=" not_printable"><div class="addToGL" data-soscuisine-aisle="16" data-soscuisine-sip="3940895"><i class="fa fa-cart-plus" title="Ajouter à ma liste d'épicerie"></i><div></div></div></td><td><img class="storeItemImage" itemprop="image" alt="cantaloups" src="/media/images/store_item/74.jpg"></td><td>cantaloups</td><td class="not_printable sorting_1">fruits</td><td><img style="width:50%;" src="/media/images/logos/marchands/12.png" alt="Richelieu"></td><td><span itemprop="price">3,99 $</span><span itemprop="eligibleQuantity" itemscope="" itemtype="http://schema.org/QuantitativeValue"> ch.</span></td><td>2,64 $/kg</td><td style="display: none;">2020-02-26</td><td style="display: none;">Guatemala</td><td style="display: none;"></td><td style="display: none;">gr.12</td><td style="display: none;"></td><td style="display: none;"></td><td style="display: none;"></td><td style="display: none;"></td><td style="display: none;"><a class="recipeLink" href="/recipe_ingredient_search_results.php?query=(_QU5E__1__________74__[]_1_1)&amp;sos_l=fr">Recettes avec cantaloups</a></td></tr><tr role="row" class="even"><td tabindex="0"><i class="fas fa-circle"></i></td><td class=" not_printable"><div class="addToGL" data-soscuisine-aisle="16" data-soscuisine-sip="3937283"><i class="fa fa-cart-plus" title="Ajouter à ma liste d'épicerie"></i><div></div></div></td><td><img class="storeItemImage" itemprop="image" alt="citrons" src="/media/images/store_item/372.jpg"></td><td>citrons</td><td class="not_printable sorting_1">fruits</td><td><img style="width:50%;" src="/media/images/logos/marchands/75.png" alt="Fruiterie 440"></td><td><span itemprop="price">0,99 $</span><span itemprop="eligibleQuantity" itemscope="" itemtype="http://schema.org/QuantitativeValue">/<span itemprop="value">3</span></span></td><td>N/A</td><td style="display: none;">2020-02-23</td><td style="display: none;">Importé</td><td style="display: none;"></td><td style="display: none;">gr. n.d.</td><td style="display: none;"></td><td style="display: none;"></td><td style="display: none;"></td><td style="display: none;"></td><td style="display: none;"><a class="recipeLink" href="/recipe_ingredient_search_results.php?query=(_QU5E__1__________372__[]_1_1)&amp;sos_l=fr">Recettes avec citrons</a></td></tr><tr role="row" class="odd"><td tabindex="0"><i class="fas fa-circle"></i></td><td class=" not_printable"><div class="addToGL" data-soscuisine-aisle="16" data-soscuisine-sip="3937279"><i class="fa fa-cart-plus" title="Ajouter à ma liste d'épicerie"></i><div></div></div></td><td><img class="storeItemImage" itemprop="image" alt="citrons" src="/media/images/store_item/372.jpg"></td><td>citrons</td><td class="not_printable sorting_1">fruits</td><td><img style="width:50%;" src="/media/images/logos/marchands/75.png" alt="Fruiterie 440"></td><td><span itemprop="price">2,00 $</span><span itemprop="eligibleQuantity" itemscope="" itemtype="http://schema.org/QuantitativeValue">/<span itemprop="value">7</span></span></td><td>N/A</td><td style="display: none;">2020-02-23</td><td style="display: none;">Importé</td><td style="display: none;"></td><td style="display: none;">gr. n.d.</td><td style="display: none;"></td><td style="display: none;"></td><td style="display: none;"></td><td style="display: none;"></td><td style="display: none;"><a class="recipeLink" href="/recipe_ingredient_search_results.php?query=(_QU5E__1__________372__[]_1_1)&amp;sos_l=fr">Recettes avec citrons</a></td></tr><tr role="row" class="even"><td tabindex="0"><i class="fa fa-thumbs-up"></i></td><td class=" not_printable"><div class="addToGL" data-soscuisine-aisle="16" data-soscuisine-sip="3938535"><i class="fa fa-cart-plus" title="Ajouter à ma liste d'épicerie"></i><div></div></div></td><td><img class="storeItemImage" itemprop="image" alt="citrons" src="/media/images/store_item/372.jpg"></td><td>citrons</td><td class="not_printable sorting_1">fruits</td><td><img style="width:50%;" src="/media/images/logos/marchands/7.png" alt="Intermarché (Saveurs intl.)"></td><td><span itemprop="price">0,33 $</span><span itemprop="eligibleQuantity" itemscope="" itemtype="http://schema.org/QuantitativeValue"> ch.</span></td><td>2,54 $/kg</td><td style="display: none;">2020-02-26</td><td style="display: none;">USA</td><td style="display: none;"></td><td style="display: none;">gr.140</td><td style="display: none;"></td><td style="display: none;"></td><td style="display: none;"></td><td style="display: none;"></td><td style="display: none;"><a class="recipeLink" href="/recipe_ingredient_search_results.php?query=(_QU5E__1__________372__[]_1_1)&amp;sos_l=fr">Recettes avec citrons</a></td></tr><tr role="row" class="odd"><td tabindex="0"><i class="fas fa-circle"></i></td><td class=" not_printable"><div class="addToGL" data-soscuisine-aisle="16" data-soscuisine-sip="3937483"><i class="fa fa-cart-plus" title="Ajouter à ma liste d'épicerie"></i><div></div></div></td><td><img class="storeItemImage" itemprop="image" alt="citrons" src="/media/images/store_item/372.jpg"></td><td>citrons</td><td class="not_printable sorting_1">fruits</td><td><img style="width:50%;" src="/media/images/logos/marchands/6.png" alt="Maxi"></td><td><span itemprop="price">0,50 $</span><span itemprop="eligibleQuantity" itemscope="" itemtype="http://schema.org/QuantitativeValue"> ch.</span></td><td>N/A</td><td style="display: none;">2020-02-26</td><td style="display: none;">Espagne</td><td style="display: none;"></td><td style="display: none;">gr. n.d.</td><td style="display: none;"></td><td style="display: none;"></td><td style="display: none;"></td><td style="display: none;"></td><td style="display: none;"><a class="recipeLink" href="/recipe_ingredient_search_results.php?query=(_QU5E__1__________372__[]_1_1)&amp;sos_l=fr">Recettes avec citrons</a></td></tr><tr role="row" class="even"><td tabindex="0"><i class="fas fa-hand-rock"></i></td><td class=" not_printable"><div class="addToGL" data-soscuisine-aisle="16" data-soscuisine-sip="3937647"><i class="fa fa-cart-plus" title="Ajouter à ma liste d'épicerie"></i><div></div></div></td><td><img class="storeItemImage" itemprop="image" alt="citrons" src="/media/images/store_item/372.jpg"></td><td>citrons</td><td class="not_printable sorting_1">fruits</td><td><img style="width:50%;" src="/media/images/logos/marchands/1.png" alt="Metro"></td><td><span itemprop="price">2,99 $</span><span itemprop="eligibleQuantity" itemscope="" itemtype="http://schema.org/QuantitativeValue">/<span itemprop="value">5</span></span></td><td>3,72 $/kg</td><td style="display: none;">2020-02-26</td><td style="display: none;"></td><td style="display: none;"></td><td style="display: none;">gr.113</td><td style="display: none;"></td><td style="display: none;"></td><td style="display: none;"></td><td style="display: none;"></td><td style="display: none;"><a class="recipeLink" href="/recipe_ingredient_search_results.php?query=(_QU5E__1__________372__[]_1_1)&amp;sos_l=fr">Recettes avec citrons</a></td></tr><tr role="row" class="odd"><td tabindex="0"><i class="fa fa-thumbs-down"></i></td><td class=" not_printable"><div class="addToGL" data-soscuisine-aisle="16" data-soscuisine-sip="3940491"><i class="fa fa-cart-plus" title="Ajouter à ma liste d'épicerie"></i><div></div></div></td><td><img class="storeItemImage" itemprop="image" alt="citrons" src="/media/images/store_item/372.jpg"></td><td>citrons</td><td class="not_printable sorting_1">fruits</td><td><img style="width:50%;" src="/media/images/logos/marchands/5.png" alt="Super C"></td><td><span itemprop="price">3,99 $</span><span itemprop="eligibleQuantity" itemscope="" itemtype="http://schema.org/QuantitativeValue">/<span itemprop="unitText">2lb (907g)</span></span></td><td>4,40 $/kg</td><td style="display: none;">2020-02-26</td><td style="display: none;"></td><td style="display: none;"></td><td style="display: none;"></td><td style="display: none;"></td><td style="display: none;"></td><td style="display: none;"></td><td style="display: none;"></td><td style="display: none;"><a class="recipeLink" href="/recipe_ingredient_search_results.php?query=(_QU5E__1__________372__[]_1_1)&amp;sos_l=fr">Recettes avec citrons</a></td></tr><tr role="row" class="even"><td tabindex="0"><i class="fas fa-circle"></i></td><td class=" not_printable"><div class="addToGL" data-soscuisine-aisle="16" data-soscuisine-sip="3936033"><i class="fa fa-cart-plus" title="Ajouter à ma liste d'épicerie"></i><div></div></div></td><td><img class="storeItemImage" itemprop="image" alt="citrons" src="/media/images/store_item/372.jpg"></td><td>citrons</td><td class="not_printable sorting_1">fruits</td><td><img style="width:50%;" src="/media/images/logos/marchands/62.png" alt="Supermarché PA"></td><td><span itemprop="price">2,99 $</span><span itemprop="eligibleQuantity" itemscope="" itemtype="http://schema.org/QuantitativeValue">/<span itemprop="value">10</span></span></td><td>N/A</td><td style="display: none;">2020-02-23</td><td style="display: none;"></td><td style="display: none;"></td><td style="display: none;">gr. n.d.</td><td style="display: none;"></td><td style="display: none;"></td><td style="display: none;"></td><td style="display: none;"></td><td style="display: none;"><a class="recipeLink" href="/recipe_ingredient_search_results.php?query=(_QU5E__1__________372__[]_1_1)&amp;sos_l=fr">Recettes avec citrons</a></td></tr><tr role="row" class="odd"><td tabindex="0"><i class="fas fa-hand-rock"></i></td><td class=" not_printable"><div class="addToGL" data-soscuisine-aisle="16" data-soscuisine-sip="3940605"><i class="fa fa-cart-plus" title="Ajouter à ma liste d'épicerie"></i><div></div></div></td><td><img class="storeItemImage" itemprop="image" alt="citrons" src="/media/images/store_item/372.jpg"></td><td>citrons</td><td class="not_printable sorting_1">fruits</td><td><img style="width:50%;" src="/media/images/logos/marchands/11.png" alt="Tradition"></td><td><span itemprop="price">7,00 $</span><span itemprop="eligibleQuantity" itemscope="" itemtype="http://schema.org/QuantitativeValue">/<span itemprop="value">2</span>x<span itemprop="unitText">2lb (907g)</span></span></td><td>3,86 $/kg</td><td style="display: none;">2020-02-26</td><td style="display: none;">Importé</td><td style="display: none;"></td><td style="display: none;"></td><td style="display: none;"></td><td style="display: none;"></td><td style="display: none;"></td><td style="display: none;"></td><td style="display: none;"><a class="recipeLink" href="/recipe_ingredient_search_results.php?query=(_QU5E__1__________372__[]_1_1)&amp;sos_l=fr">Recettes avec citrons</a></td></tr><tr role="row" class="even"><td tabindex="0"><i class="fa fa-thumbs-up"></i><i class="fa fa-thumbs-up"></i></td><td class=" not_printable"><div class="addToGL" data-soscuisine-aisle="16" data-soscuisine-sip="3942009"><i class="fa fa-cart-plus" title="Ajouter à ma liste d'épicerie"></i><div></div></div></td><td><img class="storeItemImage" itemprop="image" alt="clémentines" src="/media/images/store_item/72.jpg"></td><td>clémentines</td><td class="not_printable sorting_1">fruits</td><td><img style="width:50%;" src="/media/images/logos/marchands/13.png" alt="Jardin Mobile"></td><td><span itemprop="price">0,99 $</span><span itemprop="eligibleQuantity" itemscope="" itemtype="http://schema.org/QuantitativeValue">/<span itemprop="unitText">lb</span></span></td><td>2,18 $/kg</td><td style="display: none;">2020-02-26</td><td style="display: none;">Maroc</td><td style="display: none;"></td><td style="display: none;"></td><td style="display: none;"></td><td style="display: none;"></td><td style="display: none;"></td><td style="display: none;"></td><td style="display: none;"><a class="recipeLink" href="/recipe_ingredient_search_results.php?query=(_QU5E__1__________72__[]_1_1)&amp;sos_l=fr">Recettes avec clémentines</a></td></tr><tr role="row" class="odd"><td tabindex="0"><i class="fa fa-thumbs-up"></i></td><td class=" not_printable"><div class="addToGL" data-soscuisine-aisle="16" data-soscuisine-sip="3937583"><i class="fa fa-cart-plus" title="Ajouter à ma liste d'épicerie"></i><div></div></div></td><td><img class="storeItemImage" itemprop="image" alt="clémentines" src="/media/images/store_item/72.jpg"></td><td>clémentines</td><td class="not_printable sorting_1">fruits</td><td><img style="width:50%;" src="/media/images/logos/marchands/1.png" alt="Metro"></td><td><span itemprop="price">3,99 $</span><span itemprop="eligibleQuantity" itemscope="" itemtype="http://schema.org/QuantitativeValue">/<span itemprop="unitText">4lb (1,81kg)</span></span></td><td>2,20 $/kg</td><td style="display: none;">2020-02-26</td><td style="display: none;">Maroc</td><td style="display: none;"></td><td style="display: none;"></td><td style="display: none;"></td><td style="display: none;"></td><td style="display: none;"></td><td style="display: none;"></td><td style="display: none;"><a class="recipeLink" href="/recipe_ingredient_search_results.php?query=(_QU5E__1__________72__[]_1_1)&amp;sos_l=fr">Recettes avec clémentines</a></td></tr><tr role="row" class="even"><td tabindex="0"><i class="fas fa-hand-rock"></i></td><td class=" not_printable"><div class="addToGL" data-soscuisine-aisle="16" data-soscuisine-sip="3940893"><i class="fa fa-cart-plus" title="Ajouter à ma liste d'épicerie"></i><div></div></div></td><td><img class="storeItemImage" itemprop="image" alt="clémentines" src="/media/images/store_item/72.jpg"></td><td>clémentines</td><td class="not_printable sorting_1">fruits</td><td><img style="width:50%;" src="/media/images/logos/marchands/12.png" alt="Richelieu"></td><td><span itemprop="price">5,99 $</span><span itemprop="eligibleQuantity" itemscope="" itemtype="http://schema.org/QuantitativeValue">/<span itemprop="unitText">4lb (1,81kg)</span></span></td><td>3,30 $/kg</td><td style="display: none;">2020-02-26</td><td style="display: none;">Maroc</td><td style="display: none;"></td><td style="display: none;"></td><td style="display: none;">Nardocott</td><td style="display: none;"></td><td style="display: none;"></td><td style="display: none;"></td><td style="display: none;"><a class="recipeLink" href="/recipe_ingredient_search_results.php?query=(_QU5E__1__________72__[]_1_1)&amp;sos_l=fr">Recettes avec clémentines</a></td></tr><tr role="row" class="odd"><td tabindex="0"><i class="fa fa-thumbs-down"></i></td><td class=" not_printable"><div class="addToGL" data-soscuisine-aisle="16" data-soscuisine-sip="3940473"><i class="fa fa-cart-plus" title="Ajouter à ma liste d'épicerie"></i><div></div></div></td><td><img class="storeItemImage" itemprop="image" alt="clémentines" src="/media/images/store_item/72.jpg"></td><td>clémentines</td><td class="not_printable sorting_1">fruits</td><td><img style="width:50%;" src="/media/images/logos/marchands/5.png" alt="Super C"></td><td><span itemprop="price">1,99 $</span><span itemprop="eligibleQuantity" itemscope="" itemtype="http://schema.org/QuantitativeValue">/<span itemprop="unitText">lb</span></span></td><td>4,39 $/kg</td><td style="display: none;">2020-02-26</td><td style="display: none;"></td><td style="display: none;"></td><td style="display: none;"></td><td style="display: none;"></td><td style="display: none;"></td><td style="display: none;"></td><td style="display: none;"></td><td style="display: none;"><a class="recipeLink" href="/recipe_ingredient_search_results.php?query=(_QU5E__1__________72__[]_1_1)&amp;sos_l=fr">Recettes avec clémentines</a></td></tr><tr role="row" class="even"><td tabindex="0"><i class="fa fa-thumbs-up"></i><i class="fa fa-thumbs-up"></i></td><td class=" not_printable"><div class="addToGL" data-soscuisine-aisle="16" data-soscuisine-sip="3938949"><i class="fa fa-cart-plus" title="Ajouter à ma liste d'épicerie"></i><div></div></div></td><td><img class="storeItemImage" itemprop="image" alt="fraises" src="/media/images/store_item/83.jpg"></td><td>fraises</td><td class="not_printable sorting_1">fruits</td><td><img style="width:50%;" src="/media/images/logos/marchands/3.png" alt="IGA"></td><td><span itemprop="price">4,00 $</span><span itemprop="eligibleQuantity" itemscope="" itemtype="http://schema.org/QuantitativeValue">/<span itemprop="value">2</span>x<span itemprop="unitText">454g (1lb)</span></span></td><td>4,41 $/kg</td><td style="display: none;">2020-02-26</td><td style="display: none;">USA</td><td style="display: none;"></td><td style="display: none;"></td><td style="display: none;"></td><td style="display: none;"></td><td style="display: none;"></td><td style="display: none;">ou Mexique</td><td style="display: none;"><a class="recipeLink" href="/recipe_ingredient_search_results.php?query=(_QU5E__1__________83__[]_1_1)&amp;sos_l=fr">Recettes avec fraises</a></td></tr><tr role="row" class="odd"><td tabindex="0"><i class="fa fa-thumbs-up"></i></td><td class=" not_printable"><div class="addToGL" data-soscuisine-aisle="16" data-soscuisine-sip="3938049"><i class="fa fa-cart-plus" title="Ajouter à ma liste d'épicerie"></i><div></div></div></td><td><img class="storeItemImage" itemprop="image" alt="fraises" src="/media/images/store_item/83.jpg"></td><td>fraises</td><td class="not_printable sorting_1">fruits</td><td><img style="width:50%;" src="/media/images/logos/marchands/7.png" alt="Intermarché (Saveurs intl.)"></td><td><span itemprop="price">2,50 $</span><span itemprop="eligibleQuantity" itemscope="" itemtype="http://schema.org/QuantitativeValue">/<span itemprop="unitText">454g (1lb)</span></span></td><td>5,51 $/kg</td><td style="display: none;">2020-02-26</td><td style="display: none;">USA</td><td style="display: none;"></td><td style="display: none;"></td><td style="display: none;"></td><td style="display: none;"></td><td style="display: none;"></td><td style="display: none;"></td><td style="display: none;"><a class="recipeLink" href="/recipe_ingredient_search_results.php?query=(_QU5E__1__________83__[]_1_1)&amp;sos_l=fr">Recettes avec fraises</a></td></tr><tr role="row" class="even"><td tabindex="0"><i class="fa fa-thumbs-up"></i></td><td class=" not_printable"><div class="addToGL" data-soscuisine-aisle="16" data-soscuisine-sip="3942021"><i class="fa fa-cart-plus" title="Ajouter à ma liste d'épicerie"></i><div></div></div></td><td><img class="storeItemImage" itemprop="image" alt="fraises" src="/media/images/store_item/83.jpg"></td><td>fraises</td><td class="not_printable sorting_1">fruits</td><td><img style="width:50%;" src="/media/images/logos/marchands/13.png" alt="Jardin Mobile"></td><td><span itemprop="price">5,00 $</span><span itemprop="eligibleQuantity" itemscope="" itemtype="http://schema.org/QuantitativeValue">/<span itemprop="value">2</span>x<span itemprop="unitText">454g (1lb)</span></span></td><td>5,51 $/kg</td><td style="display: none;">2020-02-26</td><td style="display: none;">USA</td><td style="display: none;"></td><td style="display: none;"></td><td style="display: none;"></td><td style="display: none;"></td><td style="display: none;"></td><td style="display: none;"></td><td style="display: none;"><a class="recipeLink" href="/recipe_ingredient_search_results.php?query=(_QU5E__1__________83__[]_1_1)&amp;sos_l=fr">Recettes avec fraises</a></td></tr><tr role="row" class="odd"><td tabindex="0"><i class="fa fa-thumbs-up"></i><i class="fa fa-thumbs-up"></i></td><td class=" not_printable"><div class="addToGL" data-soscuisine-aisle="16" data-soscuisine-sip="3937581"><i class="fa fa-cart-plus" title="Ajouter à ma liste d'épicerie"></i><div></div></div></td><td><img class="storeItemImage" itemprop="image" alt="fraises" src="/media/images/store_item/83.jpg"></td><td>fraises</td><td class="not_printable sorting_1">fruits</td><td><img style="width:50%;" src="/media/images/logos/marchands/1.png" alt="Metro"></td><td><span itemprop="price">4,00 $</span><span itemprop="eligibleQuantity" itemscope="" itemtype="http://schema.org/QuantitativeValue">/<span itemprop="value">2</span>x<span itemprop="unitText">454g (1lb)</span></span></td><td>4,41 $/kg</td><td style="display: none;">2020-02-26</td><td style="display: none;">USA</td><td style="display: none;"></td><td style="display: none;"></td><td style="display: none;"></td><td style="display: none;">Cat. no.1</td><td style="display: none;"></td><td style="display: none;">ou Mexique</td><td style="display: none;"><a class="recipeLink" href="/recipe_ingredient_search_results.php?query=(_QU5E__1__________83__[]_1_1)&amp;sos_l=fr">Recettes avec fraises</a></td></tr><tr role="row" class="even"><td tabindex="0"><i class="fas fa-circle"></i></td><td class=" not_printable"><div class="addToGL" data-soscuisine-aisle="16" data-soscuisine-sip="3938865"><i class="fa fa-cart-plus" title="Ajouter à ma liste d'épicerie"></i><div></div></div></td><td><img class="storeItemImage" itemprop="image" alt="fraises" src="/media/images/store_item/83.jpg"></td><td>fraises</td><td class="not_printable sorting_1">fruits</td><td><img style="width:50%;" src="/media/images/logos/marchands/64.png" alt="Mourelatos"></td><td><span itemprop="price">1,97 $</span><span itemprop="eligibleQuantity" itemscope="" itemtype="http://schema.org/QuantitativeValue">/<span itemprop="unitText">paquet</span></span></td><td>N/A</td><td style="display: none;">2020-02-25</td><td style="display: none;"></td><td style="display: none;"></td><td style="display: none;">standard</td><td style="display: none;"></td><td style="display: none;"></td><td style="display: none;"></td><td style="display: none;"></td><td style="display: none;"><a class="recipeLink" href="/recipe_ingredient_search_results.php?query=(_QU5E__1__________83__[]_1_1)&amp;sos_l=fr">Recettes avec fraises</a></td></tr><tr role="row" class="odd"><td tabindex="0"><i class="fa fa-thumbs-up"></i><i class="fa fa-thumbs-up"></i></td><td class=" not_printable"><div class="addToGL" data-soscuisine-aisle="16" data-soscuisine-sip="3940853"><i class="fa fa-cart-plus" title="Ajouter à ma liste d'épicerie"></i><div></div></div></td><td><img class="storeItemImage" itemprop="image" alt="fraises" src="/media/images/store_item/83.jpg"></td><td>fraises</td><td class="not_printable sorting_1">fruits</td><td><img style="width:50%;" src="/media/images/logos/marchands/12.png" alt="Richelieu"></td><td><span itemprop="price">4,00 $</span><span itemprop="eligibleQuantity" itemscope="" itemtype="http://schema.org/QuantitativeValue">/<span itemprop="value">2</span>x<span itemprop="unitText">454g (1lb)</span></span></td><td>4,41 $/kg</td><td style="display: none;">2020-02-26</td><td style="display: none;">USA</td><td style="display: none;"></td><td style="display: none;"></td><td style="display: none;"></td><td style="display: none;">Cat. no.1</td><td style="display: none;"></td><td style="display: none;"></td><td style="display: none;"><a class="recipeLink" href="/recipe_ingredient_search_results.php?query=(_QU5E__1__________83__[]_1_1)&amp;sos_l=fr">Recettes avec fraises</a></td></tr><tr role="row" class="even"><td tabindex="0"><i class="fas fa-hand-rock"></i></td><td class=" not_printable"><div class="addToGL" data-soscuisine-aisle="16" data-soscuisine-sip="3940467"><i class="fa fa-cart-plus" title="Ajouter à ma liste d'épicerie"></i><div></div></div></td><td><img class="storeItemImage" itemprop="image" alt="fraises" src="/media/images/store_item/83.jpg"></td><td>fraises</td><td class="not_printable sorting_1">fruits</td><td><img style="width:50%;" src="/media/images/logos/marchands/5.png" alt="Super C"></td><td><span itemprop="price">2,99 $</span><span itemprop="eligibleQuantity" itemscope="" itemtype="http://schema.org/QuantitativeValue">/<span itemprop="unitText">454g (1lb)</span></span></td><td>6,59 $/kg</td><td style="display: none;">2020-02-26</td><td style="display: none;">USA</td><td style="display: none;"></td><td style="display: none;"></td><td style="display: none;"></td><td style="display: none;"></td><td style="display: none;"></td><td style="display: none;">ou Mexique</td><td style="display: none;"><a class="recipeLink" href="/recipe_ingredient_search_results.php?query=(_QU5E__1__________83__[]_1_1)&amp;sos_l=fr">Recettes avec fraises</a></td></tr><tr role="row" class="odd"><td tabindex="0"><i class="fas fa-circle"></i></td><td class=" not_printable"><div class="addToGL" data-soscuisine-aisle="16" data-soscuisine-sip="3935899"><i class="fa fa-cart-plus" title="Ajouter à ma liste d'épicerie"></i><div></div></div></td><td><img class="storeItemImage" itemprop="image" alt="fraises" src="/media/images/store_item/83.jpg"></td><td>fraises</td><td class="not_printable sorting_1">fruits</td><td><img style="width:50%;" src="/media/images/logos/marchands/62.png" alt="Supermarché PA"></td><td><span itemprop="price">5,00 $</span><span itemprop="eligibleQuantity" itemscope="" itemtype="http://schema.org/QuantitativeValue">/<span itemprop="value">2</span>x <span itemprop="unitText">paquet</span></span>s</td><td>N/A</td><td style="display: none;">2020-02-23</td><td style="display: none;"></td><td style="display: none;"></td><td style="display: none;">standard</td><td style="display: none;"></td><td style="display: none;"></td><td style="display: none;"></td><td style="display: none;"></td><td style="display: none;"><a class="recipeLink" href="/recipe_ingredient_search_results.php?query=(_QU5E__1__________83__[]_1_1)&amp;sos_l=fr">Recettes avec fraises</a></td></tr><tr role="row" class="even"><td tabindex="0"><i class="fas fa-hand-rock"></i></td><td class=" not_printable"><div class="addToGL" data-soscuisine-aisle="16" data-soscuisine-sip="3940569"><i class="fa fa-cart-plus" title="Ajouter à ma liste d'épicerie"></i><div></div></div></td><td><img class="storeItemImage" itemprop="image" alt="fraises" src="/media/images/store_item/83.jpg"></td><td>fraises</td><td class="not_printable sorting_1">fruits</td><td><img style="width:50%;" src="/media/images/logos/marchands/11.png" alt="Tradition"></td><td><span itemprop="price">3,99 $</span><span itemprop="eligibleQuantity" itemscope="" itemtype="http://schema.org/QuantitativeValue">/<span itemprop="unitText">454g (1lb)</span></span></td><td>8,80 $/kg</td><td style="display: none;">2020-02-26</td><td style="display: none;">USA</td><td style="display: none;"></td><td style="display: none;"></td><td style="display: none;"></td><td style="display: none;"></td><td style="display: none;"></td><td style="display: none;">ou Mexique</td><td style="display: none;"><a class="recipeLink" href="/recipe_ingredient_search_results.php?query=(_QU5E__1__________83__[]_1_1)&amp;sos_l=fr">Recettes avec fraises</a></td></tr><tr role="row" class="odd"><td tabindex="0"><i class="fas fa-hand-rock"></i></td><td class=" not_printable"><div class="addToGL" data-soscuisine-aisle="16" data-soscuisine-sip="3938767"><i class="fa fa-cart-plus" title="Ajouter à ma liste d'épicerie"></i><div></div></div></td><td><img class="storeItemImage" itemprop="image" alt="fraises BIO" src="/media/images/store_item/716.jpg"></td><td>fraises BIO</td><td class="not_printable sorting_1">fruits</td><td><img style="width:50%;" src="/media/images/logos/marchands/93.png" alt="Rachelle Béry"></td><td><span itemprop="price">4,99 $</span><span itemprop="eligibleQuantity" itemscope="" itemtype="http://schema.org/QuantitativeValue">/<span itemprop="unitText">454g (1lb)</span></span></td><td>11,00 $/kg</td><td style="display: none;">2020-03-04</td><td style="display: none;">USA</td><td style="display: none;"></td><td style="display: none;"></td><td style="display: none;"></td><td style="display: none;"></td><td style="display: none;"></td><td style="display: none;"></td><td style="display: none;"><a class="recipeLink" href="/recipe_ingredient_search_results.php?query=(_QU5E__1__________716__[]_1_1)&amp;sos_l=fr">Recettes avec fraises BIO</a></td></tr><tr role="row" class="even"><td tabindex="0"><i class="fa fa-thumbs-down"></i></td><td class=" not_printable"><div class="addToGL" data-soscuisine-aisle="16" data-soscuisine-sip="3939827"><i class="fa fa-cart-plus" title="Ajouter à ma liste d'épicerie"></i><div></div></div></td><td><img class="storeItemImage" itemprop="image" alt="framboises" src="/media/images/store_item/84.jpg"></td><td>framboises</td><td class="not_printable sorting_1">fruits</td><td><img style="width:50%;" src="/media/images/logos/marchands/10.png" alt="Bonichoix "></td><td><span itemprop="price">3,99 $</span><span itemprop="eligibleQuantity" itemscope="" itemtype="http://schema.org/QuantitativeValue">/<span itemprop="unitText">170g</span></span></td><td>23,47 $/kg</td><td style="display: none;">2020-02-26</td><td style="display: none;">Mexique</td><td style="display: none;"></td><td style="display: none;"></td><td style="display: none;"></td><td style="display: none;"></td><td style="display: none;"></td><td style="display: none;"></td><td style="display: none;"><a class="recipeLink" href="/recipe_ingredient_search_results.php?query=(_QU5E__1__________84__[]_1_1)&amp;sos_l=fr">Recettes avec framboises</a></td></tr><tr role="row" class="odd"><td tabindex="0"><i class="fas fa-hand-rock"></i></td><td class=" not_printable"><div class="addToGL" data-soscuisine-aisle="16" data-soscuisine-sip="3937993"><i class="fa fa-cart-plus" title="Ajouter à ma liste d'épicerie"></i><div></div></div></td><td><img class="storeItemImage" itemprop="image" alt="framboises" src="/media/images/store_item/84.jpg"></td><td>framboises</td><td class="not_printable sorting_1">fruits</td><td><img style="width:50%;" src="/media/images/logos/marchands/2.png" alt="Provigo"></td><td><span itemprop="price">2,49 $</span><span itemprop="eligibleQuantity" itemscope="" itemtype="http://schema.org/QuantitativeValue">/<span itemprop="unitText">170g</span></span></td><td>14,65 $/kg</td><td style="display: none;">2020-02-26</td><td style="display: none;">USA</td><td style="display: none;"></td><td style="display: none;"></td><td style="display: none;"></td><td style="display: none;"></td><td style="display: none;"></td><td style="display: none;">ou Mexique</td><td style="display: none;"><a class="recipeLink" href="/recipe_ingredient_search_results.php?query=(_QU5E__1__________84__[]_1_1)&amp;sos_l=fr">Recettes avec framboises</a></td></tr><tr role="row" class="even"><td tabindex="0"><i class="fas fa-circle"></i></td><td class=" not_printable"><div class="addToGL" data-soscuisine-aisle="16" data-soscuisine-sip="3939229"><i class="fa fa-cart-plus" title="Ajouter à ma liste d'épicerie"></i><div></div></div></td><td><img class="storeItemImage" itemprop="image" alt="kiwis" src="/media/images/store_item/108.jpg"></td><td>kiwis</td><td class="not_printable sorting_1">fruits</td><td><img style="width:50%;" src="/media/images/logos/marchands/3.png" alt="IGA"></td><td><span itemprop="price">4,00 $</span><span itemprop="eligibleQuantity" itemscope="" itemtype="http://schema.org/QuantitativeValue">/<span itemprop="value">4</span></span></td><td>N/A</td><td style="display: none;">2020-02-26</td><td style="display: none;">Italie</td><td style="display: none;">Zespri</td><td style="display: none;">gr. n.d.</td><td style="display: none;"></td><td style="display: none;"></td><td style="display: none;"></td><td style="display: none;"></td><td style="display: none;"><a class="recipeLink" href="/recipe_ingredient_search_results.php?query=(_QU5E__1__________108__[]_1_1)&amp;sos_l=fr">Recettes avec kiwis</a></td></tr><tr role="row" class="odd"><td tabindex="0"><i class="fa fa-thumbs-down"></i></td><td class=" not_printable"><div class="addToGL" data-soscuisine-aisle="16" data-soscuisine-sip="3938539"><i class="fa fa-cart-plus" title="Ajouter à ma liste d'épicerie"></i><div></div></div></td><td><img class="storeItemImage" itemprop="image" alt="kiwis" src="/media/images/store_item/108.jpg"></td><td>kiwis</td><td class="not_printable sorting_1">fruits</td><td><img style="width:50%;" src="/media/images/logos/marchands/7.png" alt="Intermarché (Saveurs intl.)"></td><td><span itemprop="price">0,60 $</span><span itemprop="eligibleQuantity" itemscope="" itemtype="http://schema.org/QuantitativeValue"> ch.</span></td><td>5,68 $/kg</td><td style="display: none;">2020-02-26</td><td style="display: none;">Italie</td><td style="display: none;"></td><td style="display: none;">gr.27</td><td style="display: none;"></td><td style="display: none;"></td><td style="display: none;"></td><td style="display: none;"></td><td style="display: none;"><a class="recipeLink" href="/recipe_ingredient_search_results.php?query=(_QU5E__1__________108__[]_1_1)&amp;sos_l=fr">Recettes avec kiwis</a></td></tr><tr role="row" class="even"><td tabindex="0"><i class="fas fa-circle"></i></td><td class=" not_printable"><div class="addToGL" data-soscuisine-aisle="16" data-soscuisine-sip="3937475"><i class="fa fa-cart-plus" title="Ajouter à ma liste d'épicerie"></i><div></div></div></td><td><img class="storeItemImage" itemprop="image" alt="kiwis" src="/media/images/store_item/108.jpg"></td><td>kiwis</td><td class="not_printable sorting_1">fruits</td><td><img style="width:50%;" src="/media/images/logos/marchands/6.png" alt="Maxi"></td><td><span itemprop="price">0,40 $</span><span itemprop="eligibleQuantity" itemscope="" itemtype="http://schema.org/QuantitativeValue"> ch.</span></td><td>N/A</td><td style="display: none;">2020-02-26</td><td style="display: none;">Italie</td><td style="display: none;"></td><td style="display: none;">gr. n.d.</td><td style="display: none;"></td><td style="display: none;"></td><td style="display: none;"></td><td style="display: none;"></td><td style="display: none;"><a class="recipeLink" href="/recipe_ingredient_search_results.php?query=(_QU5E__1__________108__[]_1_1)&amp;sos_l=fr">Recettes avec kiwis</a></td></tr><tr role="row" class="odd"><td tabindex="0"><i class="fas fa-circle"></i></td><td class=" not_printable"><div class="addToGL" data-soscuisine-aisle="16" data-soscuisine-sip="3938629"><i class="fa fa-cart-plus" title="Ajouter à ma liste d'épicerie"></i><div></div></div></td><td><img class="storeItemImage" itemprop="image" alt="limes/citrons verts" src="/media/images/store_item/373.jpg"></td><td>limes/citrons verts</td><td class="not_printable sorting_1">fruits</td><td><img style="width:50%;" src="/media/images/logos/marchands/69.png" alt="Intermarché (Provincial)"></td><td><span itemprop="price">0,40 $</span><span itemprop="eligibleQuantity" itemscope="" itemtype="http://schema.org/QuantitativeValue"> ch.</span></td><td>N/A</td><td style="display: none;">2020-02-26</td><td style="display: none;">Mexique</td><td style="display: none;"></td><td style="display: none;">gr. n.d.</td><td style="display: none;"></td><td style="display: none;"></td><td style="display: none;"></td><td style="display: none;"></td><td style="display: none;"><a class="recipeLink" href="/recipe_ingredient_search_results.php?query=(_QU5E__1__________373__[]_1_1)&amp;sos_l=fr">Recettes avec limes/citrons verts</a></td></tr><tr role="row" class="even"><td tabindex="0"><i class="fa fa-thumbs-up"></i><i class="fa fa-thumbs-up"></i></td><td class=" not_printable"><div class="addToGL" data-soscuisine-aisle="16" data-soscuisine-sip="3938543"><i class="fa fa-cart-plus" title="Ajouter à ma liste d'épicerie"></i><div></div></div></td><td><img class="storeItemImage" itemprop="image" alt="limes/citrons verts" src="/media/images/store_item/373.jpg"></td><td>limes/citrons verts</td><td class="not_printable sorting_1">fruits</td><td><img style="width:50%;" src="/media/images/logos/marchands/7.png" alt="Intermarché (Saveurs intl.)"></td><td><span itemprop="price">0,14 $</span><span itemprop="eligibleQuantity" itemscope="" itemtype="http://schema.org/QuantitativeValue"> ch.</span></td><td>1,75 $/kg</td><td style="display: none;">2020-02-26</td><td style="display: none;">Mexique</td><td style="display: none;"></td><td style="display: none;">gr.230</td><td style="display: none;"></td><td style="display: none;"></td><td style="display: none;"></td><td style="display: none;"></td><td style="display: none;"><a class="recipeLink" href="/recipe_ingredient_search_results.php?query=(_QU5E__1__________373__[]_1_1)&amp;sos_l=fr">Recettes avec limes/citrons verts</a></td></tr><tr role="row" class="odd"><td tabindex="0"><i class="fas fa-circle"></i></td><td class=" not_printable"><div class="addToGL" data-soscuisine-aisle="16" data-soscuisine-sip="3937479"><i class="fa fa-cart-plus" title="Ajouter à ma liste d'épicerie"></i><div></div></div></td><td><img class="storeItemImage" itemprop="image" alt="limes/citrons verts" src="/media/images/store_item/373.jpg"></td><td>limes/citrons verts</td><td class="not_printable sorting_1">fruits</td><td><img style="width:50%;" src="/media/images/logos/marchands/6.png" alt="Maxi"></td><td><span itemprop="price">0,40 $</span><span itemprop="eligibleQuantity" itemscope="" itemtype="http://schema.org/QuantitativeValue"> ch.</span></td><td>N/A</td><td style="display: none;">2020-02-26</td><td style="display: none;">Mexique</td><td style="display: none;"></td><td style="display: none;">gr. n.d.</td><td style="display: none;"></td><td style="display: none;"></td><td style="display: none;"></td><td style="display: none;"></td><td style="display: none;"><a class="recipeLink" href="/recipe_ingredient_search_results.php?query=(_QU5E__1__________373__[]_1_1)&amp;sos_l=fr">Recettes avec limes/citrons verts</a></td></tr><tr role="row" class="even"><td tabindex="0"><i class="fas fa-hand-rock"></i></td><td class=" not_printable"><div class="addToGL" data-soscuisine-aisle="16" data-soscuisine-sip="3940923"><i class="fa fa-cart-plus" title="Ajouter à ma liste d'épicerie"></i><div></div></div></td><td><img class="storeItemImage" itemprop="image" alt="limes/citrons verts" src="/media/images/store_item/373.jpg"></td><td>limes/citrons verts</td><td class="not_printable sorting_1">fruits</td><td><img style="width:50%;" src="/media/images/logos/marchands/12.png" alt="Richelieu"></td><td><span itemprop="price">1,99 $</span><span itemprop="eligibleQuantity" itemscope="" itemtype="http://schema.org/QuantitativeValue">/<span itemprop="value">4</span></span></td><td>5,24 $/kg</td><td style="display: none;">2020-02-26</td><td style="display: none;"></td><td style="display: none;"></td><td style="display: none;">gr.175-182</td><td style="display: none;"></td><td style="display: none;"></td><td style="display: none;"></td><td style="display: none;"></td><td style="display: none;"><a class="recipeLink" href="/recipe_ingredient_search_results.php?query=(_QU5E__1__________373__[]_1_1)&amp;sos_l=fr">Recettes avec limes/citrons verts</a></td></tr><tr role="row" class="odd"><td tabindex="0"><i class="fa fa-thumbs-up"></i></td><td class=" not_printable"><div class="addToGL" data-soscuisine-aisle="16" data-soscuisine-sip="3940483"><i class="fa fa-cart-plus" title="Ajouter à ma liste d'épicerie"></i><div></div></div></td><td><img class="storeItemImage" itemprop="image" alt="limes/citrons verts" src="/media/images/store_item/373.jpg"></td><td>limes/citrons verts</td><td class="not_printable sorting_1">fruits</td><td><img style="width:50%;" src="/media/images/logos/marchands/5.png" alt="Super C"></td><td><span itemprop="price">2,99 $</span><span itemprop="eligibleQuantity" itemscope="" itemtype="http://schema.org/QuantitativeValue">/<span itemprop="value">8</span></span></td><td>3,93 $/kg</td><td style="display: none;">2020-02-26</td><td style="display: none;"></td><td style="display: none;"></td><td style="display: none;">gr.175-182</td><td style="display: none;"></td><td style="display: none;"></td><td style="display: none;"></td><td style="display: none;"></td><td style="display: none;"><a class="recipeLink" href="/recipe_ingredient_search_results.php?query=(_QU5E__1__________373__[]_1_1)&amp;sos_l=fr">Recettes avec limes/citrons verts</a></td></tr><tr role="row" class="even"><td tabindex="0"><i class="fas fa-hand-rock"></i></td><td class=" not_printable"><div class="addToGL" data-soscuisine-aisle="16" data-soscuisine-sip="3939815"><i class="fa fa-cart-plus" title="Ajouter à ma liste d'épicerie"></i><div></div></div></td><td><img class="storeItemImage" itemprop="image" alt="mandarines" src="/media/images/store_item/71.jpg"></td><td>mandarines</td><td class="not_printable sorting_1">fruits</td><td><img style="width:50%;" src="/media/images/logos/marchands/10.png" alt="Bonichoix "></td><td><span itemprop="price">4,99 $</span><span itemprop="eligibleQuantity" itemscope="" itemtype="http://schema.org/QuantitativeValue">/<span itemprop="unitText">2lb (907g)</span></span></td><td>5,50 $/kg</td><td style="display: none;">2020-02-26</td><td style="display: none;">USA</td><td style="display: none;">Halos</td><td style="display: none;"></td><td style="display: none;"></td><td style="display: none;"></td><td style="display: none;"></td><td style="display: none;"></td><td style="display: none;"><a class="recipeLink" href="/recipe_ingredient_search_results.php?query=(_QU5E__1__________71__[]_1_1)&amp;sos_l=fr">Recettes avec mandarines</a></td></tr><tr role="row" class="odd"><td tabindex="0"><i class="fas fa-hand-rock"></i></td><td class=" not_printable"><div class="addToGL" data-soscuisine-aisle="16" data-soscuisine-sip="3939279"><i class="fa fa-cart-plus" title="Ajouter à ma liste d'épicerie"></i><div></div></div></td><td><img class="storeItemImage" itemprop="image" alt="mandarines" src="/media/images/store_item/71.jpg"></td><td>mandarines</td><td class="not_printable sorting_1">fruits</td><td><img style="width:50%;" src="/media/images/logos/marchands/3.png" alt="IGA"></td><td><span itemprop="price">4,99 $</span><span itemprop="eligibleQuantity" itemscope="" itemtype="http://schema.org/QuantitativeValue">/<span itemprop="unitText">2lb (907g)</span></span></td><td>5,50 $/kg</td><td style="display: none;">2020-02-26</td><td style="display: none;">USA</td><td style="display: none;">Halos</td><td style="display: none;"></td><td style="display: none;"></td><td style="display: none;"></td><td style="display: none;"></td><td style="display: none;"></td><td style="display: none;"><a class="recipeLink" href="/recipe_ingredient_search_results.php?query=(_QU5E__1__________71__[]_1_1)&amp;sos_l=fr">Recettes avec mandarines</a></td></tr><tr role="row" class="even"><td tabindex="0"><i class="fa fa-thumbs-down"></i></td><td class=" not_printable"><div class="addToGL" data-soscuisine-aisle="16" data-soscuisine-sip="3938147"><i class="fa fa-cart-plus" title="Ajouter à ma liste d'épicerie"></i><div></div></div></td><td><img class="storeItemImage" itemprop="image" alt="mandarines" src="/media/images/store_item/71.jpg"></td><td>mandarines</td><td class="not_printable sorting_1">fruits</td><td><img style="width:50%;" src="/media/images/logos/marchands/2.png" alt="Provigo"></td><td><span itemprop="price">5,99 $</span><span itemprop="eligibleQuantity" itemscope="" itemtype="http://schema.org/QuantitativeValue">/<span itemprop="unitText">2lb (907g)</span></span></td><td>6,60 $/kg</td><td style="display: none;">2020-02-26</td><td style="display: none;">Israël</td><td style="display: none;">marque maison</td><td style="display: none;"></td><td style="display: none;">Orri</td><td style="display: none;"></td><td style="display: none;"></td><td style="display: none;"></td><td style="display: none;"><a class="recipeLink" href="/recipe_ingredient_search_results.php?query=(_QU5E__1__________71__[]_1_1)&amp;sos_l=fr">Recettes avec mandarines</a></td></tr><tr role="row" class="odd"><td tabindex="0"><i class="fas fa-hand-rock"></i></td><td class=" not_printable"><div class="addToGL" data-soscuisine-aisle="16" data-soscuisine-sip="3940601"><i class="fa fa-cart-plus" title="Ajouter à ma liste d'épicerie"></i><div></div></div></td><td><img class="storeItemImage" itemprop="image" alt="mandarines" src="/media/images/store_item/71.jpg"></td><td>mandarines</td><td class="not_printable sorting_1">fruits</td><td><img style="width:50%;" src="/media/images/logos/marchands/11.png" alt="Tradition"></td><td><span itemprop="price">4,99 $</span><span itemprop="eligibleQuantity" itemscope="" itemtype="http://schema.org/QuantitativeValue">/<span itemprop="unitText">2lb (907g)</span></span></td><td>5,50 $/kg</td><td style="display: none;">2020-02-26</td><td style="display: none;">USA</td><td style="display: none;">Halos</td><td style="display: none;"></td><td style="display: none;"></td><td style="display: none;"></td><td style="display: none;"></td><td style="display: none;"></td><td style="display: none;"><a class="recipeLink" href="/recipe_ingredient_search_results.php?query=(_QU5E__1__________71__[]_1_1)&amp;sos_l=fr">Recettes avec mandarines</a></td></tr><tr role="row" class="even"><td tabindex="0"><i class="fas fa-circle"></i></td><td class=" not_printable"><div class="addToGL" data-soscuisine-aisle="16" data-soscuisine-sip="3939811"><i class="fa fa-cart-plus" title="Ajouter à ma liste d'épicerie"></i><div></div></div></td><td><img class="storeItemImage" itemprop="image" alt="mangues" src="/media/images/store_item/59.jpg"></td><td>mangues</td><td class="not_printable sorting_1">fruits</td><td><img style="width:50%;" src="/media/images/logos/marchands/10.png" alt="Bonichoix "></td><td><span itemprop="price">4,00 $</span><span itemprop="eligibleQuantity" itemscope="" itemtype="http://schema.org/QuantitativeValue">/<span itemprop="value">2</span></span></td><td>N/A</td><td style="display: none;">2020-02-26</td><td style="display: none;">Importé</td><td style="display: none;"></td><td style="display: none;">gr. n.d.</td><td style="display: none;"></td><td style="display: none;"></td><td style="display: none;"></td><td style="display: none;"></td><td style="display: none;"><a class="recipeLink" href="/recipe_ingredient_search_results.php?query=(_QU5E__1__________59__[]_1_1)&amp;sos_l=fr">Recettes avec mangues</a></td></tr><tr role="row" class="odd"><td tabindex="0"><i class="fas fa-circle"></i></td><td class=" not_printable"><div class="addToGL" data-soscuisine-aisle="16" data-soscuisine-sip="3937291"><i class="fa fa-cart-plus" title="Ajouter à ma liste d'épicerie"></i><div></div></div></td><td><img class="storeItemImage" itemprop="image" alt="mangues" src="/media/images/store_item/59.jpg"></td><td>mangues</td><td class="not_printable sorting_1">fruits</td><td><img style="width:50%;" src="/media/images/logos/marchands/75.png" alt="Fruiterie 440"></td><td><span itemprop="price">2,49 $</span><span itemprop="eligibleQuantity" itemscope="" itemtype="http://schema.org/QuantitativeValue">/<span itemprop="value">3</span></span></td><td>N/A</td><td style="display: none;">2020-02-23</td><td style="display: none;">Importé</td><td style="display: none;"></td><td style="display: none;">gr. n.d.</td><td style="display: none;">rouge</td><td style="display: none;"></td><td style="display: none;"></td><td style="display: none;"></td><td style="display: none;"><a class="recipeLink" href="/recipe_ingredient_search_results.php?query=(_QU5E__1__________59__[]_1_1)&amp;sos_l=fr">Recettes avec mangues</a></td></tr><tr role="row" class="even"><td tabindex="0"><i class="fas fa-circle"></i></td><td class=" not_printable"><div class="addToGL" data-soscuisine-aisle="16" data-soscuisine-sip="3937295"><i class="fa fa-cart-plus" title="Ajouter à ma liste d'épicerie"></i><div></div></div></td><td><img class="storeItemImage" itemprop="image" alt="mangues" src="/media/images/store_item/59.jpg"></td><td>mangues</td><td class="not_printable sorting_1">fruits</td><td><img style="width:50%;" src="/media/images/logos/marchands/75.png" alt="Fruiterie 440"></td><td><span itemprop="price">0,99 $</span><span itemprop="eligibleQuantity" itemscope="" itemtype="http://schema.org/QuantitativeValue"> ch.</span></td><td>N/A</td><td style="display: none;">2020-02-23</td><td style="display: none;">Importé</td><td style="display: none;"></td><td style="display: none;">gr. n.d.</td><td style="display: none;"></td><td style="display: none;"></td><td style="display: none;"></td><td style="display: none;"></td><td style="display: none;"><a class="recipeLink" href="/recipe_ingredient_search_results.php?query=(_QU5E__1__________59__[]_1_1)&amp;sos_l=fr">Recettes avec mangues</a></td></tr><tr role="row" class="odd"><td tabindex="0"><i class="fas fa-circle"></i></td><td class=" not_printable"><div class="addToGL" data-soscuisine-aisle="16" data-soscuisine-sip="3939221"><i class="fa fa-cart-plus" title="Ajouter à ma liste d'épicerie"></i><div></div></div></td><td><img class="storeItemImage" itemprop="image" alt="mangues" src="/media/images/store_item/59.jpg"></td><td>mangues</td><td class="not_printable sorting_1">fruits</td><td><img style="width:50%;" src="/media/images/logos/marchands/3.png" alt="IGA"></td><td><span itemprop="price">4,00 $</span><span itemprop="eligibleQuantity" itemscope="" itemtype="http://schema.org/QuantitativeValue">/<span itemprop="value">2</span></span></td><td>N/A</td><td style="display: none;">2020-02-26</td><td style="display: none;">Mexique</td><td style="display: none;"></td><td style="display: none;">gr. n.d.</td><td style="display: none;">Ataulfo</td><td style="display: none;"></td><td style="display: none;"></td><td style="display: none;"></td><td style="display: none;"><a class="recipeLink" href="/recipe_ingredient_search_results.php?query=(_QU5E__1__________59__[]_1_1)&amp;sos_l=fr">Recettes avec mangues</a></td></tr><tr role="row" class="even"><td tabindex="0"><i class="fas fa-circle"></i></td><td class=" not_printable"><div class="addToGL" data-soscuisine-aisle="16" data-soscuisine-sip="3938641"><i class="fa fa-cart-plus" title="Ajouter à ma liste d'épicerie"></i><div></div></div></td><td><img class="storeItemImage" itemprop="image" alt="mangues" src="/media/images/store_item/59.jpg"></td><td>mangues</td><td class="not_printable sorting_1">fruits</td><td><img style="width:50%;" src="/media/images/logos/marchands/69.png" alt="Intermarché (Provincial)"></td><td><span itemprop="price">1,49 $</span><span itemprop="eligibleQuantity" itemscope="" itemtype="http://schema.org/QuantitativeValue"> ch.</span></td><td>N/A</td><td style="display: none;">2020-02-26</td><td style="display: none;">Pérou</td><td style="display: none;"></td><td style="display: none;">gr. n.d.</td><td style="display: none;">rouge</td><td style="display: none;"></td><td style="display: none;"></td><td style="display: none;"></td><td style="display: none;"><a class="recipeLink" href="/recipe_ingredient_search_results.php?query=(_QU5E__1__________59__[]_1_1)&amp;sos_l=fr">Recettes avec mangues</a></td></tr><tr role="row" class="odd"><td tabindex="0"><i class="fas fa-circle"></i></td><td class=" not_printable"><div class="addToGL" data-soscuisine-aisle="16" data-soscuisine-sip="3942045"><i class="fa fa-cart-plus" title="Ajouter à ma liste d'épicerie"></i><div></div></div></td><td><img class="storeItemImage" itemprop="image" alt="mangues" src="/media/images/store_item/59.jpg"></td><td>mangues</td><td class="not_printable sorting_1">fruits</td><td><img style="width:50%;" src="/media/images/logos/marchands/13.png" alt="Jardin Mobile"></td><td><span itemprop="price">3,00 $</span><span itemprop="eligibleQuantity" itemscope="" itemtype="http://schema.org/QuantitativeValue">/<span itemprop="value">2</span></span></td><td>N/A</td><td style="display: none;">2020-02-26</td><td style="display: none;">Importé</td><td style="display: none;"></td><td style="display: none;">gr. n.d.</td><td style="display: none;">Ataulfo</td><td style="display: none;"></td><td style="display: none;"></td><td style="display: none;">ou rouges</td><td style="display: none;"><a class="recipeLink" href="/recipe_ingredient_search_results.php?query=(_QU5E__1__________59__[]_1_1)&amp;sos_l=fr">Recettes avec mangues</a></td></tr><tr role="row" class="even"><td tabindex="0"><i class="fa fa-thumbs-up"></i></td><td class=" not_printable"><div class="addToGL" data-soscuisine-aisle="16" data-soscuisine-sip="3939191"><i class="fa fa-cart-plus" title="Ajouter à ma liste d'épicerie"></i><div></div></div></td><td><img class="storeItemImage" itemprop="image" alt="mangues" src="/media/images/store_item/59.jpg"></td><td>mangues</td><td class="not_printable sorting_1">fruits</td><td><img style="width:50%;" src="/media/images/logos/marchands/63.png" alt="Marché Adonis"></td><td><span itemprop="price">5,00 $</span><span itemprop="eligibleQuantity" itemscope="" itemtype="http://schema.org/QuantitativeValue">/<span itemprop="value">4</span></span></td><td>3,47 $/kg</td><td style="display: none;">2020-02-26</td><td style="display: none;">Pérou</td><td style="display: none;"></td><td style="display: none;">gr.10</td><td style="display: none;"></td><td style="display: none;"></td><td style="display: none;"></td><td style="display: none;"></td><td style="display: none;"><a class="recipeLink" href="/recipe_ingredient_search_results.php?query=(_QU5E__1__________59__[]_1_1)&amp;sos_l=fr">Recettes avec mangues</a></td></tr><tr role="row" class="odd"><td tabindex="0"><i class="fa fa-thumbs-down"></i></td><td class=" not_printable"><div class="addToGL" data-soscuisine-aisle="16" data-soscuisine-sip="3937657"><i class="fa fa-cart-plus" title="Ajouter à ma liste d'épicerie"></i><div></div></div></td><td><img class="storeItemImage" itemprop="image" alt="mangues" src="/media/images/store_item/59.jpg"></td><td>mangues</td><td class="not_printable sorting_1">fruits</td><td><img style="width:50%;" src="/media/images/logos/marchands/1.png" alt="Metro"></td><td><span itemprop="price">5,00 $</span><span itemprop="eligibleQuantity" itemscope="" itemtype="http://schema.org/QuantitativeValue">/<span itemprop="value">3</span></span></td><td>6,94 $/kg</td><td style="display: none;">2020-02-26</td><td style="display: none;"></td><td style="display: none;"></td><td style="display: none;">gr.14-16</td><td style="display: none;">Ataulfo</td><td style="display: none;"></td><td style="display: none;"></td><td style="display: none;"></td><td style="display: none;"><a class="recipeLink" href="/recipe_ingredient_search_results.php?query=(_QU5E__1__________59__[]_1_1)&amp;sos_l=fr">Recettes avec mangues</a></td></tr><tr role="row" class="even"><td tabindex="0"><i class="fa fa-thumbs-up"></i><i class="fa fa-thumbs-up"></i></td><td class=" not_printable"><div class="addToGL" data-soscuisine-aisle="16" data-soscuisine-sip="3939049"><i class="fa fa-cart-plus" title="Ajouter à ma liste d'épicerie"></i><div></div></div></td><td><img class="storeItemImage" itemprop="image" alt="mangues" src="/media/images/store_item/59.jpg"></td><td>mangues</td><td class="not_printable sorting_1">fruits</td><td><img style="width:50%;" src="/media/images/logos/marchands/64.png" alt="Mourelatos"></td><td><span itemprop="price">0,99 $</span><span itemprop="eligibleQuantity" itemscope="" itemtype="http://schema.org/QuantitativeValue"> ch.</span></td><td>3,30 $/kg</td><td style="display: none;">2020-02-25</td><td style="display: none;"></td><td style="display: none;"></td><td style="display: none;">gr.12</td><td style="display: none;"></td><td style="display: none;"></td><td style="display: none;"></td><td style="display: none;"></td><td style="display: none;"><a class="recipeLink" href="/recipe_ingredient_search_results.php?query=(_QU5E__1__________59__[]_1_1)&amp;sos_l=fr">Recettes avec mangues</a></td></tr><tr role="row" class="odd"><td tabindex="0"><i class="fas fa-hand-rock"></i></td><td class=" not_printable"><div class="addToGL" data-soscuisine-aisle="16" data-soscuisine-sip="3940905"><i class="fa fa-cart-plus" title="Ajouter à ma liste d'épicerie"></i><div></div></div></td><td><img class="storeItemImage" itemprop="image" alt="mangues" src="/media/images/store_item/59.jpg"></td><td>mangues</td><td class="not_printable sorting_1">fruits</td><td><img style="width:50%;" src="/media/images/logos/marchands/12.png" alt="Richelieu"></td><td><span itemprop="price">3,00 $</span><span itemprop="eligibleQuantity" itemscope="" itemtype="http://schema.org/QuantitativeValue">/<span itemprop="value">2</span></span></td><td>5,00 $/kg</td><td style="display: none;">2020-02-26</td><td style="display: none;"></td><td style="display: none;"></td><td style="display: none;">gr.12</td><td style="display: none;">rouge</td><td style="display: none;"></td><td style="display: none;"></td><td style="display: none;"></td><td style="display: none;"><a class="recipeLink" href="/recipe_ingredient_search_results.php?query=(_QU5E__1__________59__[]_1_1)&amp;sos_l=fr">Recettes avec mangues</a></td></tr><tr role="row" class="even"><td tabindex="0"><i class="fa fa-thumbs-down"></i></td><td class=" not_printable"><div class="addToGL" data-soscuisine-aisle="16" data-soscuisine-sip="3940909"><i class="fa fa-cart-plus" title="Ajouter à ma liste d'épicerie"></i><div></div></div></td><td><img class="storeItemImage" itemprop="image" alt="mangues" src="/media/images/store_item/59.jpg"></td><td>mangues</td><td class="not_printable sorting_1">fruits</td><td><img style="width:50%;" src="/media/images/logos/marchands/12.png" alt="Richelieu"></td><td><span itemprop="price">3,00 $</span><span itemprop="eligibleQuantity" itemscope="" itemtype="http://schema.org/QuantitativeValue">/<span itemprop="value">2</span></span></td><td>7,92 $/kg</td><td style="display: none;">2020-02-26</td><td style="display: none;"></td><td style="display: none;"></td><td style="display: none;">gr.18-20</td><td style="display: none;">Ataulfo</td><td style="display: none;"></td><td style="display: none;"></td><td style="display: none;"></td><td style="display: none;"><a class="recipeLink" href="/recipe_ingredient_search_results.php?query=(_QU5E__1__________59__[]_1_1)&amp;sos_l=fr">Recettes avec mangues</a></td></tr><tr role="row" class="odd"><td tabindex="0"><i class="fa fa-thumbs-up"></i><i class="fa fa-thumbs-up"></i></td><td class=" not_printable"><div class="addToGL" data-soscuisine-aisle="16" data-soscuisine-sip="3940379"><i class="fa fa-cart-plus" title="Ajouter à ma liste d'épicerie"></i><div></div></div></td><td><img class="storeItemImage" itemprop="image" alt="mangues" src="/media/images/store_item/59.jpg"></td><td>mangues</td><td class="not_printable sorting_1">fruits</td><td><img style="width:50%;" src="/media/images/logos/marchands/5.png" alt="Super C"></td><td><span itemprop="price">0,88 $</span><span itemprop="eligibleQuantity" itemscope="" itemtype="http://schema.org/QuantitativeValue"> ch.</span></td><td>2,93 $/kg</td><td style="display: none;">2020-02-26</td><td style="display: none;"></td><td style="display: none;"></td><td style="display: none;">gr.12</td><td style="display: none;">rouge</td><td style="display: none;"></td><td style="display: none;"></td><td style="display: none;"></td><td style="display: none;"><a class="recipeLink" href="/recipe_ingredient_search_results.php?query=(_QU5E__1__________59__[]_1_1)&amp;sos_l=fr">Recettes avec mangues</a></td></tr><tr role="row" class="even"><td tabindex="0"><i class="fas fa-circle"></i></td><td class=" not_printable"><div class="addToGL" data-soscuisine-aisle="16" data-soscuisine-sip="3936045"><i class="fa fa-cart-plus" title="Ajouter à ma liste d'épicerie"></i><div></div></div></td><td><img class="storeItemImage" itemprop="image" alt="mangues" src="/media/images/store_item/59.jpg"></td><td>mangues</td><td class="not_printable sorting_1">fruits</td><td><img style="width:50%;" src="/media/images/logos/marchands/62.png" alt="Supermarché PA"></td><td><span itemprop="price">0,89 $</span><span itemprop="eligibleQuantity" itemscope="" itemtype="http://schema.org/QuantitativeValue"> ch.</span></td><td>N/A</td><td style="display: none;">2020-02-23</td><td style="display: none;"></td><td style="display: none;"></td><td style="display: none;">gr. n.d.</td><td style="display: none;">Ataulfo</td><td style="display: none;"></td><td style="display: none;"></td><td style="display: none;"></td><td style="display: none;"><a class="recipeLink" href="/recipe_ingredient_search_results.php?query=(_QU5E__1__________59__[]_1_1)&amp;sos_l=fr">Recettes avec mangues</a></td></tr><tr role="row" class="odd"><td tabindex="0"><i class="fas fa-circle"></i></td><td class=" not_printable"><div class="addToGL" data-soscuisine-aisle="16" data-soscuisine-sip="3941003"><i class="fa fa-cart-plus" title="Ajouter à ma liste d'épicerie"></i><div></div></div></td><td><img class="storeItemImage" itemprop="image" alt="mangues" src="/media/images/store_item/59.jpg"></td><td>mangues</td><td class="not_printable sorting_1">fruits</td><td><img style="width:50%;" src="/media/images/logos/marchands/73.png" alt="Walmart"></td><td><span itemprop="price">1,27 $</span><span itemprop="eligibleQuantity" itemscope="" itemtype="http://schema.org/QuantitativeValue"> ch.</span></td><td>N/A</td><td style="display: none;">2020-02-26</td><td style="display: none;">Mexique</td><td style="display: none;"></td><td style="display: none;">gr. n.d.</td><td style="display: none;">Ataulfo</td><td style="display: none;"></td><td style="display: none;"></td><td style="display: none;">ou rouges, Perou, seulement aux supercentres</td><td style="display: none;"><a class="recipeLink" href="/recipe_ingredient_search_results.php?query=(_QU5E__1__________59__[]_1_1)&amp;sos_l=fr">Recettes avec mangues</a></td></tr><tr role="row" class="even"><td tabindex="0"><i class="fa fa-thumbs-up"></i><i class="fa fa-thumbs-up"></i></td><td class=" not_printable"><div class="addToGL" data-soscuisine-aisle="16" data-soscuisine-sip="3938365"><i class="fa fa-cart-plus" title="Ajouter à ma liste d'épicerie"></i><div></div></div></td><td><img class="storeItemImage" itemprop="image" alt="mangues BIO" src="/media/images/store_item/688.jpg"></td><td>mangues BIO</td><td class="not_printable sorting_1">fruits</td><td><img style="width:50%;" src="/media/images/logos/marchands/7.png" alt="Intermarché (Saveurs intl.)"></td><td><span itemprop="price">0,99 $</span><span itemprop="eligibleQuantity" itemscope="" itemtype="http://schema.org/QuantitativeValue"> ch.</span></td><td>2,75 $/kg</td><td style="display: none;">2020-02-26</td><td style="display: none;">Pérou</td><td style="display: none;"></td><td style="display: none;">gr.10</td><td style="display: none;"></td><td style="display: none;"></td><td style="display: none;"></td><td style="display: none;"></td><td style="display: none;"><a class="recipeLink" href="/recipe_ingredient_search_results.php?query=(_QU5E__1__________688__[]_1_1)&amp;sos_l=fr">Recettes avec mangues BIO</a></td></tr><tr role="row" class="odd"><td tabindex="0"><i class="fa fa-thumbs-up"></i><i class="fa fa-thumbs-up"></i></td><td class=" not_printable"><div class="addToGL" data-soscuisine-aisle="16" data-soscuisine-sip="3939051"><i class="fa fa-cart-plus" title="Ajouter à ma liste d'épicerie"></i><div></div></div></td><td><img class="storeItemImage" itemprop="image" alt="melons" src="/media/images/store_item/392.jpg"></td><td>melons</td><td class="not_printable sorting_1">fruits</td><td><img style="width:50%;" src="/media/images/logos/marchands/64.png" alt="Mourelatos"></td><td><span itemprop="price">1,99 $</span><span itemprop="eligibleQuantity" itemscope="" itemtype="http://schema.org/QuantitativeValue"> ch.</span></td><td>1,17 $/kg</td><td style="display: none;">2020-02-25</td><td style="display: none;"></td><td style="display: none;"></td><td style="display: none;">gr.8</td><td style="display: none;">Juan Canary</td><td style="display: none;"></td><td style="display: none;"></td><td style="display: none;">ou de miel</td><td style="display: none;"><a class="recipeLink" href="/recipe_ingredient_search_results.php?query=(_QU5E__1__________392__[]_1_1)&amp;sos_l=fr">Recettes avec melons</a></td></tr><tr role="row" class="even"><td tabindex="0"><i class="fas fa-hand-rock"></i></td><td class=" not_printable"><div class="addToGL" data-soscuisine-aisle="16" data-soscuisine-sip="3940489"><i class="fa fa-cart-plus" title="Ajouter à ma liste d'épicerie"></i><div></div></div></td><td><img class="storeItemImage" itemprop="image" alt="melons" src="/media/images/store_item/392.jpg"></td><td>melons</td><td class="not_printable sorting_1">fruits</td><td><img style="width:50%;" src="/media/images/logos/marchands/5.png" alt="Super C"></td><td><span itemprop="price">3,99 $</span><span itemprop="eligibleQuantity" itemscope="" itemtype="http://schema.org/QuantitativeValue"> ch.</span></td><td>2,05 $/kg</td><td style="display: none;">2020-02-26</td><td style="display: none;"></td><td style="display: none;"></td><td style="display: none;">gr.6-8</td><td style="display: none;">miel</td><td style="display: none;"></td><td style="display: none;"></td><td style="display: none;">ou Santa Claus, Canari</td><td style="display: none;"><a class="recipeLink" href="/recipe_ingredient_search_results.php?query=(_QU5E__1__________392__[]_1_1)&amp;sos_l=fr">Recettes avec melons</a></td></tr><tr role="row" class="odd"><td tabindex="0"><i class="fas fa-circle"></i></td><td class=" not_printable"><div class="addToGL" data-soscuisine-aisle="16" data-soscuisine-sip="3936039"><i class="fa fa-cart-plus" title="Ajouter à ma liste d'épicerie"></i><div></div></div></td><td><img class="storeItemImage" itemprop="image" alt="melons" src="/media/images/store_item/392.jpg"></td><td>melons</td><td class="not_printable sorting_1">fruits</td><td><img style="width:50%;" src="/media/images/logos/marchands/62.png" alt="Supermarché PA"></td><td><span itemprop="price">5,00 $</span><span itemprop="eligibleQuantity" itemscope="" itemtype="http://schema.org/QuantitativeValue">/<span itemprop="value">3</span></span></td><td>N/A</td><td style="display: none;">2020-02-23</td><td style="display: none;"></td><td style="display: none;"></td><td style="display: none;">gr. n.d.</td><td style="display: none;"></td><td style="display: none;"></td><td style="display: none;"></td><td style="display: none;">magnificent</td><td style="display: none;"><a class="recipeLink" href="/recipe_ingredient_search_results.php?query=(_QU5E__1__________392__[]_1_1)&amp;sos_l=fr">Recettes avec melons</a></td></tr><tr role="row" class="even"><td tabindex="0"><i class="fas fa-hand-rock"></i></td><td class=" not_printable"><div class="addToGL" data-soscuisine-aisle="16" data-soscuisine-sip="3940571"><i class="fa fa-cart-plus" title="Ajouter à ma liste d'épicerie"></i><div></div></div></td><td><img class="storeItemImage" itemprop="image" alt="melons" src="/media/images/store_item/392.jpg"></td><td>melons</td><td class="not_printable sorting_1">fruits</td><td><img style="width:50%;" src="/media/images/logos/marchands/11.png" alt="Tradition"></td><td><span itemprop="price">4,99 $</span><span itemprop="eligibleQuantity" itemscope="" itemtype="http://schema.org/QuantitativeValue"> ch.</span></td><td>2,20 $/kg</td><td style="display: none;">2020-02-26</td><td style="display: none;">Am. centr.</td><td style="display: none;"></td><td style="display: none;">gr.6</td><td style="display: none;">miel</td><td style="display: none;"></td><td style="display: none;"></td><td style="display: none;"></td><td style="display: none;"><a class="recipeLink" href="/recipe_ingredient_search_results.php?query=(_QU5E__1__________392__[]_1_1)&amp;sos_l=fr">Recettes avec melons</a></td></tr><tr role="row" class="odd"><td tabindex="0"><i class="fas fa-circle"></i></td><td class=" not_printable"><div class="addToGL" data-soscuisine-aisle="16" data-soscuisine-sip="3938771"><i class="fa fa-cart-plus" title="Ajouter à ma liste d'épicerie"></i><div></div></div></td><td><img class="storeItemImage" itemprop="image" alt="melons BIO" src="/media/images/store_item/1137.jpg"></td><td>melons BIO</td><td class="not_printable sorting_1">fruits</td><td><img style="width:50%;" src="/media/images/logos/marchands/93.png" alt="Rachelle Béry"></td><td><span itemprop="price">3,99 $</span><span itemprop="eligibleQuantity" itemscope="" itemtype="http://schema.org/QuantitativeValue"> ch.</span></td><td>N/A</td><td style="display: none;">2020-03-04</td><td style="display: none;">Mexique</td><td style="display: none;"></td><td style="display: none;">gr. n.d.</td><td style="display: none;">miel</td><td style="display: none;"></td><td style="display: none;"></td><td style="display: none;"></td><td style="display: none;"><a class="recipeLink" href="/recipe_ingredient_search_results.php?query=(_QU5E__1__________1137__[]_1_1)&amp;sos_l=fr">Recettes avec melons BIO</a></td></tr><tr role="row" class="even"><td tabindex="0"><i class="fas fa-circle"></i></td><td class=" not_printable"><div class="addToGL" data-soscuisine-aisle="16" data-soscuisine-sip="3938775"><i class="fa fa-cart-plus" title="Ajouter à ma liste d'épicerie"></i><div></div></div></td><td><img class="storeItemImage" itemprop="image" alt="melons d'eau/pastèques BIO" src="/media/images/store_item/903.jpg"></td><td>melons d'eau/pastèques BIO</td><td class="not_printable sorting_1">fruits</td><td><img style="width:50%;" src="/media/images/logos/marchands/93.png" alt="Rachelle Béry"></td><td><span itemprop="price">3,99 $</span><span itemprop="eligibleQuantity" itemscope="" itemtype="http://schema.org/QuantitativeValue"> ch.</span></td><td>N/A</td><td style="display: none;">2020-03-04</td><td style="display: none;">Mexique</td><td style="display: none;"></td><td style="display: none;">miniature</td><td style="display: none;"></td><td style="display: none;"></td><td style="display: none;"></td><td style="display: none;"></td><td style="display: none;"><a class="recipeLink" href="/recipe_ingredient_search_results.php?query=(_QU5E__1__________903__[]_1_1)&amp;sos_l=fr">Recettes avec melons d'eau/pastèques BIO</a></td></tr><tr role="row" class="odd"><td tabindex="0"><i class="fa fa-thumbs-down"></i></td><td class=" not_printable"><div class="addToGL" data-soscuisine-aisle="16" data-soscuisine-sip="3939831"><i class="fa fa-cart-plus" title="Ajouter à ma liste d'épicerie"></i><div></div></div></td><td><img class="storeItemImage" itemprop="image" alt="mûres" src="/media/images/store_item/85.jpg"></td><td>mûres</td><td class="not_printable sorting_1">fruits</td><td><img style="width:50%;" src="/media/images/logos/marchands/10.png" alt="Bonichoix "></td><td><span itemprop="price">7,00 $</span><span itemprop="eligibleQuantity" itemscope="" itemtype="http://schema.org/QuantitativeValue">/<span itemprop="value">2</span>x171g</span></td><td>20,47 $/kg</td><td style="display: none;">2020-02-26</td><td style="display: none;">Mexique</td><td style="display: none;"></td><td style="display: none;"></td><td style="display: none;"></td><td style="display: none;"></td><td style="display: none;"></td><td style="display: none;"></td><td style="display: none;"><a class="recipeLink" href="/recipe_ingredient_search_results.php?query=(_QU5E__1__________85__[]_1_1)&amp;sos_l=fr">Recettes avec mûres</a></td></tr><tr role="row" class="even"><td tabindex="0"><i class="fas fa-circle"></i></td><td class=" not_printable"><div class="addToGL" data-soscuisine-aisle="16" data-soscuisine-sip="3939185"><i class="fa fa-cart-plus" title="Ajouter à ma liste d'épicerie"></i><div></div></div></td><td><img class="storeItemImage" itemprop="image" alt="mûres" src="/media/images/store_item/85.jpg"></td><td>mûres</td><td class="not_printable sorting_1">fruits</td><td><img style="width:50%;" src="/media/images/logos/marchands/63.png" alt="Marché Adonis"></td><td><span itemprop="price">5,00 $</span><span itemprop="eligibleQuantity" itemscope="" itemtype="http://schema.org/QuantitativeValue">/<span itemprop="value">2</span>x <span itemprop="unitText">paquet</span></span>s</td><td>N/A</td><td style="display: none;">2020-02-26</td><td style="display: none;">Mexique</td><td style="display: none;"></td><td style="display: none;">standard</td><td style="display: none;"></td><td style="display: none;"></td><td style="display: none;"></td><td style="display: none;"></td><td style="display: none;"><a class="recipeLink" href="/recipe_ingredient_search_results.php?query=(_QU5E__1__________85__[]_1_1)&amp;sos_l=fr">Recettes avec mûres</a></td></tr><tr role="row" class="odd"><td tabindex="0"><i class="fa fa-thumbs-up"></i></td><td class=" not_printable"><div class="addToGL" data-soscuisine-aisle="16" data-soscuisine-sip="3937457"><i class="fa fa-cart-plus" title="Ajouter à ma liste d'épicerie"></i><div></div></div></td><td><img class="storeItemImage" itemprop="image" alt="mûres" src="/media/images/store_item/85.jpg"></td><td>mûres</td><td class="not_printable sorting_1">fruits</td><td><img style="width:50%;" src="/media/images/logos/marchands/6.png" alt="Maxi"></td><td><span itemprop="price">2,00 $</span><span itemprop="eligibleQuantity" itemscope="" itemtype="http://schema.org/QuantitativeValue">/171g</span></td><td>11,70 $/kg</td><td style="display: none;">2020-02-26</td><td style="display: none;">Chili</td><td style="display: none;"></td><td style="display: none;"></td><td style="display: none;"></td><td style="display: none;"></td><td style="display: none;"></td><td style="display: none;">ou Perou, Argentine</td><td style="display: none;"><a class="recipeLink" href="/recipe_ingredient_search_results.php?query=(_QU5E__1__________85__[]_1_1)&amp;sos_l=fr">Recettes avec mûres</a></td></tr><tr role="row" class="even"><td tabindex="0"><i class="fas fa-hand-rock"></i></td><td class=" not_printable"><div class="addToGL" data-soscuisine-aisle="16" data-soscuisine-sip="3937995"><i class="fa fa-cart-plus" title="Ajouter à ma liste d'épicerie"></i><div></div></div></td><td><img class="storeItemImage" itemprop="image" alt="mûres" src="/media/images/store_item/85.jpg"></td><td>mûres</td><td class="not_printable sorting_1">fruits</td><td><img style="width:50%;" src="/media/images/logos/marchands/2.png" alt="Provigo"></td><td><span itemprop="price">2,49 $</span><span itemprop="eligibleQuantity" itemscope="" itemtype="http://schema.org/QuantitativeValue">/171g</span></td><td>14,56 $/kg</td><td style="display: none;">2020-02-26</td><td style="display: none;">USA</td><td style="display: none;"></td><td style="display: none;"></td><td style="display: none;"></td><td style="display: none;"></td><td style="display: none;"></td><td style="display: none;">ou Mexique</td><td style="display: none;"><a class="recipeLink" href="/recipe_ingredient_search_results.php?query=(_QU5E__1__________85__[]_1_1)&amp;sos_l=fr">Recettes avec mûres</a></td></tr><tr role="row" class="odd"><td tabindex="0"><i class="fa fa-thumbs-up"></i></td><td class=" not_printable"><div class="addToGL" data-soscuisine-aisle="16" data-soscuisine-sip="3940507"><i class="fa fa-cart-plus" title="Ajouter à ma liste d'épicerie"></i><div></div></div></td><td><img class="storeItemImage" itemprop="image" alt="mûres" src="/media/images/store_item/85.jpg"></td><td>mûres</td><td class="not_printable sorting_1">fruits</td><td><img style="width:50%;" src="/media/images/logos/marchands/5.png" alt="Super C"></td><td><span itemprop="price">4,00 $</span><span itemprop="eligibleQuantity" itemscope="" itemtype="http://schema.org/QuantitativeValue">/<span itemprop="value">2</span>x171g</span></td><td>11,70 $/kg</td><td style="display: none;">2020-02-26</td><td style="display: none;">Mexique</td><td style="display: none;"></td><td style="display: none;"></td><td style="display: none;"></td><td style="display: none;"></td><td style="display: none;"></td><td style="display: none;"></td><td style="display: none;"><a class="recipeLink" href="/recipe_ingredient_search_results.php?query=(_QU5E__1__________85__[]_1_1)&amp;sos_l=fr">Recettes avec mûres</a></td></tr><tr role="row" class="even"><td tabindex="0"><i class="fas fa-hand-rock"></i></td><td class=" not_printable"><div class="addToGL" data-soscuisine-aisle="16" data-soscuisine-sip="3939515"><i class="fa fa-cart-plus" title="Ajouter à ma liste d'épicerie"></i><div></div></div></td><td><img class="storeItemImage" itemprop="image" alt="nectarines" src="/media/images/store_item/576.jpg"></td><td>nectarines</td><td class="not_printable sorting_1">fruits</td><td><img style="width:50%;" src="/media/images/logos/marchands/3.png" alt="IGA"></td><td><span itemprop="price">2,99 $</span><span itemprop="eligibleQuantity" itemscope="" itemtype="http://schema.org/QuantitativeValue">/<span itemprop="unitText">lb</span></span></td><td>6,59 $/kg</td><td style="display: none;">2020-02-26</td><td style="display: none;">Chili</td><td style="display: none;"></td><td style="display: none;"></td><td style="display: none;"></td><td style="display: none;"></td><td style="display: none;"></td><td style="display: none;"></td><td style="display: none;"><a class="recipeLink" href="/recipe_ingredient_search_results.php?query=(_QU5E__1__________576__[]_1_1)&amp;sos_l=fr">Recettes avec nectarines</a></td></tr><tr role="row" class="odd"><td tabindex="0"><i class="fas fa-circle"></i></td><td class=" not_printable"><div class="addToGL" data-soscuisine-aisle="16" data-soscuisine-sip="3936029"><i class="fa fa-cart-plus" title="Ajouter à ma liste d'épicerie"></i><div></div></div></td><td><img class="storeItemImage" itemprop="image" alt="noix de coco" src="/media/images/store_item/246.jpg"></td><td>noix de coco</td><td class="not_printable sorting_1">fruits</td><td><img style="width:50%;" src="/media/images/logos/marchands/62.png" alt="Supermarché PA"></td><td><span itemprop="price">0,99 $</span><span itemprop="eligibleQuantity" itemscope="" itemtype="http://schema.org/QuantitativeValue"> ch.</span></td><td>N/A</td><td style="display: none;">2020-02-23</td><td style="display: none;"></td><td style="display: none;"></td><td style="display: none;">gr. n.d.</td><td style="display: none;"></td><td style="display: none;"></td><td style="display: none;"></td><td style="display: none;"></td><td style="display: none;"><a class="recipeLink" href="/recipe_ingredient_search_results.php?query=(_QU5E__1__________246__[]_1_1)&amp;sos_l=fr">Recettes avec noix de coco</a></td></tr><tr role="row" class="even"><td tabindex="0"><i class="fa fa-thumbs-up"></i><i class="fa fa-thumbs-up"></i></td><td class=" not_printable"><div class="addToGL" data-soscuisine-aisle="16" data-soscuisine-sip="3939465"><i class="fa fa-cart-plus" title="Ajouter à ma liste d'épicerie"></i><div></div></div></td><td><img class="storeItemImage" itemprop="image" alt="oranges" src="/media/images/store_item/68.jpg"></td><td>oranges</td><td class="not_printable sorting_1">fruits</td><td><img style="width:50%;" src="/media/images/logos/marchands/3.png" alt="IGA"></td><td><span itemprop="price">5,99 $</span><span itemprop="eligibleQuantity" itemscope="" itemtype="http://schema.org/QuantitativeValue">/<span itemprop="unitText">8lb (3,6kg)</span></span></td><td>1,65 $/kg</td><td style="display: none;">2020-02-26</td><td style="display: none;">Espagne</td><td style="display: none;"></td><td style="display: none;"></td><td style="display: none;"></td><td style="display: none;">sans pépins</td><td style="display: none;"></td><td style="display: none;">Chenail</td><td style="display: none;"><a class="recipeLink" href="/recipe_ingredient_search_results.php?query=(_QU5E__1__________68__[]_1_1)&amp;sos_l=fr">Recettes avec oranges</a></td></tr><tr role="row" class="odd"><td tabindex="0"><i class="fas fa-hand-rock"></i></td><td class=" not_printable"><div class="addToGL" data-soscuisine-aisle="16" data-soscuisine-sip="3939347"><i class="fa fa-cart-plus" title="Ajouter à ma liste d'épicerie"></i><div></div></div></td><td><img class="storeItemImage" itemprop="image" alt="oranges" src="/media/images/store_item/68.jpg"></td><td>oranges</td><td class="not_printable sorting_1">fruits</td><td><img style="width:50%;" src="/media/images/logos/marchands/3.png" alt="IGA"></td><td><span itemprop="price">9,99 $</span><span itemprop="eligibleQuantity" itemscope="" itemtype="http://schema.org/QuantitativeValue">/<span itemprop="unitText">2,5kg</span></span></td><td>4,00 $/kg</td><td style="display: none;">2020-02-26</td><td style="display: none;">Italie</td><td style="display: none;"></td><td style="display: none;"></td><td style="display: none;">sanguines</td><td style="display: none;"></td><td style="display: none;"></td><td style="display: none;"></td><td style="display: none;"><a class="recipeLink" href="/recipe_ingredient_search_results.php?query=(_QU5E__1__________68__[]_1_1)&amp;sos_l=fr">Recettes avec oranges</a></td></tr><tr role="row" class="even"><td tabindex="0"><i class="fas fa-hand-rock"></i></td><td class=" not_printable"><div class="addToGL" data-soscuisine-aisle="16" data-soscuisine-sip="3938493"><i class="fa fa-cart-plus" title="Ajouter à ma liste d'épicerie"></i><div></div></div></td><td><img class="storeItemImage" itemprop="image" alt="oranges" src="/media/images/store_item/68.jpg"></td><td>oranges</td><td class="not_printable sorting_1">fruits</td><td><img style="width:50%;" src="/media/images/logos/marchands/7.png" alt="Intermarché (Saveurs intl.)"></td><td><span itemprop="price">0,43 $</span><span itemprop="eligibleQuantity" itemscope="" itemtype="http://schema.org/QuantitativeValue"> ch.</span></td><td>2,38 $/kg</td><td style="display: none;">2020-02-26</td><td style="display: none;">USA</td><td style="display: none;"></td><td style="display: none;">gr.72</td><td style="display: none;">Navel</td><td style="display: none;"></td><td style="display: none;"></td><td style="display: none;"></td><td style="display: none;"><a class="recipeLink" href="/recipe_ingredient_search_results.php?query=(_QU5E__1__________68__[]_1_1)&amp;sos_l=fr">Recettes avec oranges</a></td></tr><tr role="row" class="odd"><td tabindex="0"><i class="fas fa-circle"></i></td><td class=" not_printable"><div class="addToGL" data-soscuisine-aisle="16" data-soscuisine-sip="3942055"><i class="fa fa-cart-plus" title="Ajouter à ma liste d'épicerie"></i><div></div></div></td><td><img class="storeItemImage" itemprop="image" alt="oranges" src="/media/images/store_item/68.jpg"></td><td>oranges</td><td class="not_printable sorting_1">fruits</td><td><img style="width:50%;" src="/media/images/logos/marchands/13.png" alt="Jardin Mobile"></td><td><span itemprop="price">2,99 $</span><span itemprop="eligibleQuantity" itemscope="" itemtype="http://schema.org/QuantitativeValue">/<span itemprop="value">8</span></span></td><td>N/A</td><td style="display: none;">2020-02-26</td><td style="display: none;">Espagne</td><td style="display: none;"></td><td style="display: none;">gr. n.d.</td><td style="display: none;"></td><td style="display: none;"></td><td style="display: none;"></td><td style="display: none;"></td><td style="display: none;"><a class="recipeLink" href="/recipe_ingredient_search_results.php?query=(_QU5E__1__________68__[]_1_1)&amp;sos_l=fr">Recettes avec oranges</a></td></tr><tr role="row" class="even"><td tabindex="0"><i class="fas fa-hand-rock"></i></td><td class=" not_printable"><div class="addToGL" data-soscuisine-aisle="16" data-soscuisine-sip="3939177"><i class="fa fa-cart-plus" title="Ajouter à ma liste d'épicerie"></i><div></div></div></td><td><img class="storeItemImage" itemprop="image" alt="oranges" src="/media/images/store_item/68.jpg"></td><td>oranges</td><td class="not_printable sorting_1">fruits</td><td><img style="width:50%;" src="/media/images/logos/marchands/63.png" alt="Marché Adonis"></td><td><span itemprop="price">3,99 $</span><span itemprop="eligibleQuantity" itemscope="" itemtype="http://schema.org/QuantitativeValue">/<span itemprop="value">10</span></span></td><td>2,70 $/kg</td><td style="display: none;">2020-02-26</td><td style="display: none;">USA</td><td style="display: none;"></td><td style="display: none;">gr.88</td><td style="display: none;"></td><td style="display: none;"></td><td style="display: none;"></td><td style="display: none;"></td><td style="display: none;"><a class="recipeLink" href="/recipe_ingredient_search_results.php?query=(_QU5E__1__________68__[]_1_1)&amp;sos_l=fr">Recettes avec oranges</a></td></tr><tr role="row" class="odd"><td tabindex="0"><i class="fa fa-thumbs-up"></i><i class="fa fa-thumbs-up"></i></td><td class=" not_printable"><div class="addToGL" data-soscuisine-aisle="16" data-soscuisine-sip="3937417"><i class="fa fa-cart-plus" title="Ajouter à ma liste d'épicerie"></i><div></div></div></td><td><img class="storeItemImage" itemprop="image" alt="oranges" src="/media/images/store_item/68.jpg"></td><td>oranges</td><td class="not_printable sorting_1">fruits</td><td><img style="width:50%;" src="/media/images/logos/marchands/6.png" alt="Maxi"></td><td><span itemprop="price">2,00 $</span><span itemprop="eligibleQuantity" itemscope="" itemtype="http://schema.org/QuantitativeValue">/<span itemprop="unitText">3lb (1,37kg)</span></span></td><td>1,47 $/kg</td><td style="display: none;">2020-02-26</td><td style="display: none;">Espagne</td><td style="display: none;">marque maison</td><td style="display: none;"></td><td style="display: none;">Navel</td><td style="display: none;"></td><td style="display: none;"></td><td style="display: none;"></td><td style="display: none;"><a class="recipeLink" href="/recipe_ingredient_search_results.php?query=(_QU5E__1__________68__[]_1_1)&amp;sos_l=fr">Recettes avec oranges</a></td></tr><tr role="row" class="even"><td tabindex="0"><i class="fas fa-hand-rock"></i></td><td class=" not_printable"><div class="addToGL" data-soscuisine-aisle="16" data-soscuisine-sip="3937949"><i class="fa fa-cart-plus" title="Ajouter à ma liste d'épicerie"></i><div></div></div></td><td><img class="storeItemImage" itemprop="image" alt="oranges" src="/media/images/store_item/68.jpg"></td><td>oranges</td><td class="not_printable sorting_1">fruits</td><td><img style="width:50%;" src="/media/images/logos/marchands/1.png" alt="Metro"></td><td><span itemprop="price">4,79 $</span><span itemprop="eligibleQuantity" itemscope="" itemtype="http://schema.org/QuantitativeValue">/<span itemprop="unitText">3lb (1,37kg)</span></span></td><td>3,52 $/kg</td><td style="display: none;">2020-02-26</td><td style="display: none;"></td><td style="display: none;"></td><td style="display: none;"></td><td style="display: none;">Cara Cara</td><td style="display: none;"></td><td style="display: none;"></td><td style="display: none;"></td><td style="display: none;"><a class="recipeLink" href="/recipe_ingredient_search_results.php?query=(_QU5E__1__________68__[]_1_1)&amp;sos_l=fr">Recettes avec oranges</a></td></tr><tr role="row" class="odd"><td tabindex="0"><i class="fa fa-thumbs-down"></i></td><td class=" not_printable"><div class="addToGL" data-soscuisine-aisle="16" data-soscuisine-sip="3938145"><i class="fa fa-cart-plus" title="Ajouter à ma liste d'épicerie"></i><div></div></div></td><td><img class="storeItemImage" itemprop="image" alt="oranges" src="/media/images/store_item/68.jpg"></td><td>oranges</td><td class="not_printable sorting_1">fruits</td><td><img style="width:50%;" src="/media/images/logos/marchands/2.png" alt="Provigo"></td><td><span itemprop="price">5,99 $</span><span itemprop="eligibleQuantity" itemscope="" itemtype="http://schema.org/QuantitativeValue">/<span itemprop="unitText">2lb (907g)</span></span></td><td>6,60 $/kg</td><td style="display: none;">2020-02-26</td><td style="display: none;">USA</td><td style="display: none;">marque maison</td><td style="display: none;"></td><td style="display: none;">sanguines</td><td style="display: none;"></td><td style="display: none;"></td><td style="display: none;"></td><td style="display: none;"><a class="recipeLink" href="/recipe_ingredient_search_results.php?query=(_QU5E__1__________68__[]_1_1)&amp;sos_l=fr">Recettes avec oranges</a></td></tr><tr role="row" class="even"><td tabindex="0"><i class="fa fa-thumbs-up"></i></td><td class=" not_printable"><div class="addToGL" data-soscuisine-aisle="16" data-soscuisine-sip="3940597"><i class="fa fa-cart-plus" title="Ajouter à ma liste d'épicerie"></i><div></div></div></td><td><img class="storeItemImage" itemprop="image" alt="oranges" src="/media/images/store_item/68.jpg"></td><td>oranges</td><td class="not_printable sorting_1">fruits</td><td><img style="width:50%;" src="/media/images/logos/marchands/11.png" alt="Tradition"></td><td><span itemprop="price">6,99 $</span><span itemprop="eligibleQuantity" itemscope="" itemtype="http://schema.org/QuantitativeValue">/<span itemprop="unitText">8lb (3,6kg)</span></span></td><td>1,92 $/kg</td><td style="display: none;">2020-02-26</td><td style="display: none;">Espagne</td><td style="display: none;"></td><td style="display: none;"></td><td style="display: none;"></td><td style="display: none;"></td><td style="display: none;"></td><td style="display: none;"></td><td style="display: none;"><a class="recipeLink" href="/recipe_ingredient_search_results.php?query=(_QU5E__1__________68__[]_1_1)&amp;sos_l=fr">Recettes avec oranges</a></td></tr><tr role="row" class="odd"><td tabindex="0"><i class="fas fa-hand-rock"></i></td><td class=" not_printable"><div class="addToGL" data-soscuisine-aisle="16" data-soscuisine-sip="3940999"><i class="fa fa-cart-plus" title="Ajouter à ma liste d'épicerie"></i><div></div></div></td><td><img class="storeItemImage" itemprop="image" alt="oranges" src="/media/images/store_item/68.jpg"></td><td>oranges</td><td class="not_printable sorting_1">fruits</td><td><img style="width:50%;" src="/media/images/logos/marchands/73.png" alt="Walmart"></td><td><span itemprop="price">1,27 $</span><span itemprop="eligibleQuantity" itemscope="" itemtype="http://schema.org/QuantitativeValue">/<span itemprop="unitText">lb</span></span></td><td>2,80 $/kg</td><td style="display: none;">2020-02-26</td><td style="display: none;">USA</td><td style="display: none;"></td><td style="display: none;"></td><td style="display: none;"></td><td style="display: none;">sans pépins</td><td style="display: none;"></td><td style="display: none;">seulement aux supercentres</td><td style="display: none;"><a class="recipeLink" href="/recipe_ingredient_search_results.php?query=(_QU5E__1__________68__[]_1_1)&amp;sos_l=fr">Recettes avec oranges</a></td></tr><tr role="row" class="even"><td tabindex="0"><i class="fa fa-thumbs-up"></i><i class="fa fa-thumbs-up"></i></td><td class=" not_printable"><div class="addToGL" data-soscuisine-aisle="16" data-soscuisine-sip="3937401"><i class="fa fa-cart-plus" title="Ajouter à ma liste d'épicerie"></i><div></div></div></td><td><img class="storeItemImage" itemprop="image" alt="oranges BIO" src="/media/images/store_item/695.jpg"></td><td>oranges BIO</td><td class="not_printable sorting_1">fruits</td><td><img style="width:50%;" src="/media/images/logos/marchands/95.png" alt="Marchés Tau"></td><td><span itemprop="price">3,99 $</span><span itemprop="eligibleQuantity" itemscope="" itemtype="http://schema.org/QuantitativeValue">/<span itemprop="unitText">3lb (1,37kg)</span></span></td><td>2,93 $/kg</td><td style="display: none;">2020-03-29</td><td style="display: none;">USA</td><td style="display: none;"></td><td style="display: none;"></td><td style="display: none;">Navel</td><td style="display: none;"></td><td style="display: none;"></td><td style="display: none;"></td><td style="display: none;"><a class="recipeLink" href="/recipe_ingredient_search_results.php?query=(_QU5E__1__________695__[]_1_1)&amp;sos_l=fr">Recettes avec oranges BIO</a></td></tr><tr role="row" class="odd"><td tabindex="0"><i class="fa fa-thumbs-up"></i></td><td class=" not_printable"><div class="addToGL" data-soscuisine-aisle="16" data-soscuisine-sip="3939271"><i class="fa fa-cart-plus" title="Ajouter à ma liste d'épicerie"></i><div></div></div></td><td><img class="storeItemImage" itemprop="image" alt="pamplemousses" src="/media/images/store_item/70.jpg"></td><td>pamplemousses</td><td class="not_printable sorting_1">fruits</td><td><img style="width:50%;" src="/media/images/logos/marchands/3.png" alt="IGA"></td><td><span itemprop="price">3,99 $</span><span itemprop="eligibleQuantity" itemscope="" itemtype="http://schema.org/QuantitativeValue">/<span itemprop="unitText">3lb (1,37kg)</span></span></td><td>2,93 $/kg</td><td style="display: none;">2020-02-26</td><td style="display: none;">USA</td><td style="display: none;"></td><td style="display: none;"></td><td style="display: none;">rouge</td><td style="display: none;"></td><td style="display: none;"></td><td style="display: none;"></td><td style="display: none;"><a class="recipeLink" href="/recipe_ingredient_search_results.php?query=(_QU5E__1__________70__[]_1_1)&amp;sos_l=fr">Recettes avec pamplemousses</a></td></tr><tr role="row" class="even"><td tabindex="0"><i class="fas fa-circle"></i></td><td class=" not_printable"><div class="addToGL" data-soscuisine-aisle="16" data-soscuisine-sip="3939189"><i class="fa fa-cart-plus" title="Ajouter à ma liste d'épicerie"></i><div></div></div></td><td><img class="storeItemImage" itemprop="image" alt="pamplemousses" src="/media/images/store_item/70.jpg"></td><td>pamplemousses</td><td class="not_printable sorting_1">fruits</td><td><img style="width:50%;" src="/media/images/logos/marchands/63.png" alt="Marché Adonis"></td><td><span itemprop="price">2,99 $</span><span itemprop="eligibleQuantity" itemscope="" itemtype="http://schema.org/QuantitativeValue">/<span itemprop="value">6</span></span></td><td>N/A</td><td style="display: none;">2020-02-26</td><td style="display: none;">USA</td><td style="display: none;"></td><td style="display: none;">gr. n.d.</td><td style="display: none;"></td><td style="display: none;"></td><td style="display: none;"></td><td style="display: none;"></td><td style="display: none;"><a class="recipeLink" href="/recipe_ingredient_search_results.php?query=(_QU5E__1__________70__[]_1_1)&amp;sos_l=fr">Recettes avec pamplemousses</a></td></tr><tr role="row" class="odd"><td tabindex="0"><i class="fa fa-thumbs-down"></i></td><td class=" not_printable"><div class="addToGL" data-soscuisine-aisle="16" data-soscuisine-sip="3937655"><i class="fa fa-cart-plus" title="Ajouter à ma liste d'épicerie"></i><div></div></div></td><td><img class="storeItemImage" itemprop="image" alt="pamplemousses" src="/media/images/store_item/70.jpg"></td><td>pamplemousses</td><td class="not_printable sorting_1">fruits</td><td><img style="width:50%;" src="/media/images/logos/marchands/1.png" alt="Metro"></td><td><span itemprop="price">1,99 $</span><span itemprop="eligibleQuantity" itemscope="" itemtype="http://schema.org/QuantitativeValue"> ch.</span></td><td>4,07 $/kg</td><td style="display: none;">2020-02-26</td><td style="display: none;">Floride</td><td style="display: none;"></td><td style="display: none;">gr.32</td><td style="display: none;">rouge</td><td style="display: none;"></td><td style="display: none;"></td><td style="display: none;"></td><td style="display: none;"><a class="recipeLink" href="/recipe_ingredient_search_results.php?query=(_QU5E__1__________70__[]_1_1)&amp;sos_l=fr">Recettes avec pamplemousses</a></td></tr><tr role="row" class="even"><td tabindex="0"><i class="fas fa-circle"></i></td><td class=" not_printable"><div class="addToGL" data-soscuisine-aisle="16" data-soscuisine-sip="3939063"><i class="fa fa-cart-plus" title="Ajouter à ma liste d'épicerie"></i><div></div></div></td><td><img class="storeItemImage" itemprop="image" alt="pamplemousses" src="/media/images/store_item/70.jpg"></td><td>pamplemousses</td><td class="not_printable sorting_1">fruits</td><td><img style="width:50%;" src="/media/images/logos/marchands/64.png" alt="Mourelatos"></td><td><span itemprop="price">0,89 $</span><span itemprop="eligibleQuantity" itemscope="" itemtype="http://schema.org/QuantitativeValue">/<span itemprop="value">2</span></span></td><td>N/A</td><td style="display: none;">2020-02-25</td><td style="display: none;"></td><td style="display: none;"></td><td style="display: none;">gr. n.d.</td><td style="display: none;"></td><td style="display: none;"></td><td style="display: none;"></td><td style="display: none;"></td><td style="display: none;"><a class="recipeLink" href="/recipe_ingredient_search_results.php?query=(_QU5E__1__________70__[]_1_1)&amp;sos_l=fr">Recettes avec pamplemousses</a></td></tr><tr role="row" class="odd"><td tabindex="0"><i class="fa fa-thumbs-up"></i></td><td class=" not_printable"><div class="addToGL" data-soscuisine-aisle="16" data-soscuisine-sip="3940493"><i class="fa fa-cart-plus" title="Ajouter à ma liste d'épicerie"></i><div></div></div></td><td><img class="storeItemImage" itemprop="image" alt="pamplemousses" src="/media/images/store_item/70.jpg"></td><td>pamplemousses</td><td class="not_printable sorting_1">fruits</td><td><img style="width:50%;" src="/media/images/logos/marchands/5.png" alt="Super C"></td><td><span itemprop="price">3,99 $</span><span itemprop="eligibleQuantity" itemscope="" itemtype="http://schema.org/QuantitativeValue">/<span itemprop="unitText">3lb (1,37kg)</span></span></td><td>2,93 $/kg</td><td style="display: none;">2020-02-26</td><td style="display: none;"></td><td style="display: none;"></td><td style="display: none;"></td><td style="display: none;">rouge</td><td style="display: none;"></td><td style="display: none;"></td><td style="display: none;"></td><td style="display: none;"><a class="recipeLink" href="/recipe_ingredient_search_results.php?query=(_QU5E__1__________70__[]_1_1)&amp;sos_l=fr">Recettes avec pamplemousses</a></td></tr><tr role="row" class="even"><td tabindex="0"><i class="fas fa-exclamation"></i></td><td class=" not_printable"><div class="addToGL" data-soscuisine-aisle="16" data-soscuisine-sip="3939273"><i class="fa fa-cart-plus" title="Ajouter à ma liste d'épicerie"></i><div></div></div></td><td><img class="storeItemImage" itemprop="image" alt="pamplemousses BIO" src="/media/images/store_item/712.jpg"></td><td>pamplemousses BIO</td><td class="not_printable sorting_1">fruits</td><td><img style="width:50%;" src="/media/images/logos/marchands/3.png" alt="IGA"></td><td><span itemprop="price">5,99 $</span><span itemprop="eligibleQuantity" itemscope="" itemtype="http://schema.org/QuantitativeValue">/<span itemprop="unitText">3lb (1,37kg)</span></span></td><td>4,40 $/kg</td><td style="display: none;">2020-02-26</td><td style="display: none;">USA</td><td style="display: none;"></td><td style="display: none;"></td><td style="display: none;"></td><td style="display: none;"></td><td style="display: none;"></td><td style="display: none;">ou Mexique</td><td style="display: none;"><a class="recipeLink" href="/recipe_ingredient_search_results.php?query=(_QU5E__1__________712__[]_1_1)&amp;sos_l=fr">Recettes avec pamplemousses BIO</a></td></tr><tr role="row" class="odd"><td tabindex="0"><i class="fas fa-exclamation"></i></td><td class=" not_printable"><div class="addToGL" data-soscuisine-aisle="16" data-soscuisine-sip="3937685"><i class="fa fa-cart-plus" title="Ajouter à ma liste d'épicerie"></i><div></div></div></td><td><img class="storeItemImage" itemprop="image" alt="pamplemousses BIO" src="/media/images/store_item/712.jpg"></td><td>pamplemousses BIO</td><td class="not_printable sorting_1">fruits</td><td><img style="width:50%;" src="/media/images/logos/marchands/1.png" alt="Metro"></td><td><span itemprop="price">3,00 $</span><span itemprop="eligibleQuantity" itemscope="" itemtype="http://schema.org/QuantitativeValue">/<span itemprop="value">2</span></span></td><td>4,60 $/kg</td><td style="display: none;">2020-02-26</td><td style="display: none;"></td><td style="display: none;"></td><td style="display: none;">gr.48</td><td style="display: none;">rouge</td><td style="display: none;"></td><td style="display: none;"></td><td style="display: none;"></td><td style="display: none;"><a class="recipeLink" href="/recipe_ingredient_search_results.php?query=(_QU5E__1__________712__[]_1_1)&amp;sos_l=fr">Recettes avec pamplemousses BIO</a></td></tr><tr role="row" class="even"><td tabindex="0"><i class="fas fa-exclamation"></i></td><td class=" not_printable"><div class="addToGL" data-soscuisine-aisle="16" data-soscuisine-sip="3938765"><i class="fa fa-cart-plus" title="Ajouter à ma liste d'épicerie"></i><div></div></div></td><td><img class="storeItemImage" alt="papayes rouges, géantes BIO" src="/media/images/store_item/blank.jpg"></td><td>papayes rouges, géantes BIO</td><td class="not_printable sorting_1">fruits</td><td><img style="width:50%;" src="/media/images/logos/marchands/93.png" alt="Rachelle Béry"></td><td><span itemprop="price">1,99 $</span><span itemprop="eligibleQuantity" itemscope="" itemtype="http://schema.org/QuantitativeValue">/<span itemprop="unitText">lb</span></span></td><td>4,39 $/kg</td><td style="display: none;">2020-03-04</td><td style="display: none;">Mexique</td><td style="display: none;"></td><td style="display: none;"></td><td style="display: none;"></td><td style="display: none;"></td><td style="display: none;"></td><td style="display: none;"></td><td style="display: none;"><a class="recipeLink" href="/recipe_ingredient_search_results.php?query=(_QU5E__1__________1172__[]_1_1)&amp;sos_l=fr">Recettes avec papayes rouges, géantes BIO</a></td></tr><tr role="row" class="odd"><td tabindex="0"><i class="fas fa-hand-rock"></i></td><td class=" not_printable"><div class="addToGL" data-soscuisine-aisle="16" data-soscuisine-sip="3939517"><i class="fa fa-cart-plus" title="Ajouter à ma liste d'épicerie"></i><div></div></div></td><td><img class="storeItemImage" itemprop="image" alt="pêches" src="/media/images/store_item/264.jpg"></td><td>pêches</td><td class="not_printable sorting_1">fruits</td><td><img style="width:50%;" src="/media/images/logos/marchands/3.png" alt="IGA"></td><td><span itemprop="price">2,99 $</span><span itemprop="eligibleQuantity" itemscope="" itemtype="http://schema.org/QuantitativeValue">/<span itemprop="unitText">lb</span></span></td><td>6,59 $/kg</td><td style="display: none;">2020-02-26</td><td style="display: none;">Chili</td><td style="display: none;"></td><td style="display: none;"></td><td style="display: none;"></td><td style="display: none;"></td><td style="display: none;"></td><td style="display: none;"></td><td style="display: none;"><a class="recipeLink" href="/recipe_ingredient_search_results.php?query=(_QU5E__1__________264__[]_1_1)&amp;sos_l=fr">Recettes avec pêches</a></td></tr><tr role="row" class="even"><td tabindex="0"><i class="fas fa-hand-rock"></i></td><td class=" not_printable"><div class="addToGL" data-soscuisine-aisle="16" data-soscuisine-sip="3939833"><i class="fa fa-cart-plus" title="Ajouter à ma liste d'épicerie"></i><div></div></div></td><td><img class="storeItemImage" itemprop="image" alt="poires" src="/media/images/store_item/76.jpg"></td><td>poires</td><td class="not_printable sorting_1">fruits</td><td><img style="width:50%;" src="/media/images/logos/marchands/10.png" alt="Bonichoix "></td><td><span itemprop="price">7,00 $</span><span itemprop="eligibleQuantity" itemscope="" itemtype="http://schema.org/QuantitativeValue">/<span itemprop="value">2</span>x<span itemprop="unitText">1,13kg</span></span></td><td>3,10 $/kg</td><td style="display: none;">2020-02-26</td><td style="display: none;">Portugal</td><td style="display: none;"></td><td style="display: none;"></td><td style="display: none;">Rocha</td><td style="display: none;"></td><td style="display: none;"></td><td style="display: none;"></td><td style="display: none;"><a class="recipeLink" href="/recipe_ingredient_search_results.php?query=(_QU5E__1__________76__[]_1_1)&amp;sos_l=fr">Recettes avec poires</a></td></tr><tr role="row" class="odd"><td tabindex="0"><i class="fas fa-hand-rock"></i></td><td class=" not_printable"><div class="addToGL" data-soscuisine-aisle="16" data-soscuisine-sip="3939345"><i class="fa fa-cart-plus" title="Ajouter à ma liste d'épicerie"></i><div></div></div></td><td><img class="storeItemImage" itemprop="image" alt="poires" src="/media/images/store_item/76.jpg"></td><td>poires</td><td class="not_printable sorting_1">fruits</td><td><img style="width:50%;" src="/media/images/logos/marchands/3.png" alt="IGA"></td><td><span itemprop="price">6,99 $</span><span itemprop="eligibleQuantity" itemscope="" itemtype="http://schema.org/QuantitativeValue">/2kg</span></td><td>3,49 $/kg</td><td style="display: none;">2020-02-26</td><td style="display: none;">Afrique du Sud</td><td style="display: none;"></td><td style="display: none;"></td><td style="display: none;">Bartlett</td><td style="display: none;"></td><td style="display: none;"></td><td style="display: none;"></td><td style="display: none;"><a class="recipeLink" href="/recipe_ingredient_search_results.php?query=(_QU5E__1__________76__[]_1_1)&amp;sos_l=fr">Recettes avec poires</a></td></tr><tr role="row" class="even"><td tabindex="0"><i class="fas fa-hand-rock"></i></td><td class=" not_printable"><div class="addToGL" data-soscuisine-aisle="16" data-soscuisine-sip="3939497"><i class="fa fa-cart-plus" title="Ajouter à ma liste d'épicerie"></i><div></div></div></td><td><img class="storeItemImage" itemprop="image" alt="poires" src="/media/images/store_item/76.jpg"></td><td>poires</td><td class="not_printable sorting_1">fruits</td><td><img style="width:50%;" src="/media/images/logos/marchands/3.png" alt="IGA"></td><td><span itemprop="price">3,99 $</span><span itemprop="eligibleQuantity" itemscope="" itemtype="http://schema.org/QuantitativeValue">/<span itemprop="unitText">1,13kg</span></span></td><td>3,53 $/kg</td><td style="display: none;">2020-02-26</td><td style="display: none;">Portugal</td><td style="display: none;"></td><td style="display: none;"></td><td style="display: none;"></td><td style="display: none;"></td><td style="display: none;"></td><td style="display: none;"></td><td style="display: none;"><a class="recipeLink" href="/recipe_ingredient_search_results.php?query=(_QU5E__1__________76__[]_1_1)&amp;sos_l=fr">Recettes avec poires</a></td></tr><tr role="row" class="odd"><td tabindex="0"><i class="fa fa-thumbs-down"></i></td><td class=" not_printable"><div class="addToGL" data-soscuisine-aisle="16" data-soscuisine-sip="3939235"><i class="fa fa-cart-plus" title="Ajouter à ma liste d'épicerie"></i><div></div></div></td><td><img class="storeItemImage" itemprop="image" alt="poires" src="/media/images/store_item/76.jpg"></td><td>poires</td><td class="not_printable sorting_1">fruits</td><td><img style="width:50%;" src="/media/images/logos/marchands/3.png" alt="IGA"></td><td><span itemprop="price">1,99 $</span><span itemprop="eligibleQuantity" itemscope="" itemtype="http://schema.org/QuantitativeValue">/<span itemprop="unitText">lb</span></span></td><td>4,39 $/kg</td><td style="display: none;">2020-02-26</td><td style="display: none;">Afrique du Sud</td><td style="display: none;"></td><td style="display: none;"></td><td style="display: none;">Bartlett</td><td style="display: none;"></td><td style="display: none;"></td><td style="display: none;"></td><td style="display: none;"><a class="recipeLink" href="/recipe_ingredient_search_results.php?query=(_QU5E__1__________76__[]_1_1)&amp;sos_l=fr">Recettes avec poires</a></td></tr><tr role="row" class="even"><td tabindex="0"><i class="fas fa-hand-rock"></i></td><td class=" not_printable"><div class="addToGL" data-soscuisine-aisle="16" data-soscuisine-sip="3938643"><i class="fa fa-cart-plus" title="Ajouter à ma liste d'épicerie"></i><div></div></div></td><td><img class="storeItemImage" itemprop="image" alt="poires" src="/media/images/store_item/76.jpg"></td><td>poires</td><td class="not_printable sorting_1">fruits</td><td><img style="width:50%;" src="/media/images/logos/marchands/69.png" alt="Intermarché (Provincial)"></td><td><span itemprop="price">1,79 $</span><span itemprop="eligibleQuantity" itemscope="" itemtype="http://schema.org/QuantitativeValue">/<span itemprop="unitText">lb</span></span></td><td>3,95 $/kg</td><td style="display: none;">2020-02-26</td><td style="display: none;">USA</td><td style="display: none;"></td><td style="display: none;"></td><td style="display: none;">Bosc</td><td style="display: none;"></td><td style="display: none;"></td><td style="display: none;"></td><td style="display: none;"><a class="recipeLink" href="/recipe_ingredient_search_results.php?query=(_QU5E__1__________76__[]_1_1)&amp;sos_l=fr">Recettes avec poires</a></td></tr><tr role="row" class="odd"><td tabindex="0"><i class="fas fa-hand-rock"></i></td><td class=" not_printable"><div class="addToGL" data-soscuisine-aisle="16" data-soscuisine-sip="3938507"><i class="fa fa-cart-plus" title="Ajouter à ma liste d'épicerie"></i><div></div></div></td><td><img class="storeItemImage" itemprop="image" alt="poires" src="/media/images/store_item/76.jpg"></td><td>poires</td><td class="not_printable sorting_1">fruits</td><td><img style="width:50%;" src="/media/images/logos/marchands/7.png" alt="Intermarché (Saveurs intl.)"></td><td><span itemprop="price">1,00 $</span><span itemprop="eligibleQuantity" itemscope="" itemtype="http://schema.org/QuantitativeValue">/<span itemprop="unitText">lb</span></span></td><td>2,20 $/kg</td><td style="display: none;">2020-02-26</td><td style="display: none;">USA</td><td style="display: none;"></td><td style="display: none;"></td><td style="display: none;">Bosc</td><td style="display: none;"></td><td style="display: none;"></td><td style="display: none;"></td><td style="display: none;"><a class="recipeLink" href="/recipe_ingredient_search_results.php?query=(_QU5E__1__________76__[]_1_1)&amp;sos_l=fr">Recettes avec poires</a></td></tr><tr role="row" class="even"><td tabindex="0"><i class="fa fa-thumbs-up"></i><i class="fa fa-thumbs-up"></i></td><td class=" not_printable"><div class="addToGL" data-soscuisine-aisle="16" data-soscuisine-sip="3942019"><i class="fa fa-cart-plus" title="Ajouter à ma liste d'épicerie"></i><div></div></div></td><td><img class="storeItemImage" itemprop="image" alt="poires" src="/media/images/store_item/76.jpg"></td><td>poires</td><td class="not_printable sorting_1">fruits</td><td><img style="width:50%;" src="/media/images/logos/marchands/13.png" alt="Jardin Mobile"></td><td><span itemprop="price">0,99 $</span><span itemprop="eligibleQuantity" itemscope="" itemtype="http://schema.org/QuantitativeValue">/<span itemprop="unitText">lb</span></span></td><td>2,18 $/kg</td><td style="display: none;">2020-02-26</td><td style="display: none;">Afrique du Sud</td><td style="display: none;"></td><td style="display: none;"></td><td style="display: none;">Bartlett</td><td style="display: none;"></td><td style="display: none;"></td><td style="display: none;"></td><td style="display: none;"><a class="recipeLink" href="/recipe_ingredient_search_results.php?query=(_QU5E__1__________76__[]_1_1)&amp;sos_l=fr">Recettes avec poires</a></td></tr><tr role="row" class="odd"><td tabindex="0"><i class="fa fa-thumbs-up"></i><i class="fa fa-thumbs-up"></i></td><td class=" not_printable"><div class="addToGL" data-soscuisine-aisle="16" data-soscuisine-sip="3939079"><i class="fa fa-cart-plus" title="Ajouter à ma liste d'épicerie"></i><div></div></div></td><td><img class="storeItemImage" itemprop="image" alt="poires" src="/media/images/store_item/76.jpg"></td><td>poires</td><td class="not_printable sorting_1">fruits</td><td><img style="width:50%;" src="/media/images/logos/marchands/63.png" alt="Marché Adonis"></td><td><span itemprop="price">0,99 $</span><span itemprop="eligibleQuantity" itemscope="" itemtype="http://schema.org/QuantitativeValue">/<span itemprop="unitText">lb</span></span></td><td>2,18 $/kg</td><td style="display: none;">2020-02-26</td><td style="display: none;">Portugal</td><td style="display: none;"></td><td style="display: none;"></td><td style="display: none;">Rocha</td><td style="display: none;"></td><td style="display: none;"></td><td style="display: none;">ou rouges, ÉU</td><td style="display: none;"><a class="recipeLink" href="/recipe_ingredient_search_results.php?query=(_QU5E__1__________76__[]_1_1)&amp;sos_l=fr">Recettes avec poires</a></td></tr><tr role="row" class="even"><td tabindex="0"><i class="fa fa-thumbs-down"></i></td><td class=" not_printable"><div class="addToGL" data-soscuisine-aisle="16" data-soscuisine-sip="3940913"><i class="fa fa-cart-plus" title="Ajouter à ma liste d'épicerie"></i><div></div></div></td><td><img class="storeItemImage" itemprop="image" alt="poires" src="/media/images/store_item/76.jpg"></td><td>poires</td><td class="not_printable sorting_1">fruits</td><td><img style="width:50%;" src="/media/images/logos/marchands/12.png" alt="Richelieu"></td><td><span itemprop="price">1,99 $</span><span itemprop="eligibleQuantity" itemscope="" itemtype="http://schema.org/QuantitativeValue">/<span itemprop="unitText">lb</span></span></td><td>4,39 $/kg</td><td style="display: none;">2020-02-26</td><td style="display: none;">Washington</td><td style="display: none;"></td><td style="display: none;">gr.100-110</td><td style="display: none;">Anjou</td><td style="display: none;"></td><td style="display: none;"></td><td style="display: none;">crimson rouges</td><td style="display: none;"><a class="recipeLink" href="/recipe_ingredient_search_results.php?query=(_QU5E__1__________76__[]_1_1)&amp;sos_l=fr">Recettes avec poires</a></td></tr><tr role="row" class="odd"><td tabindex="0"><i class="fas fa-circle"></i></td><td class=" not_printable"><div class="addToGL" data-soscuisine-aisle="16" data-soscuisine-sip="3940595"><i class="fa fa-cart-plus" title="Ajouter à ma liste d'épicerie"></i><div></div></div></td><td><img class="storeItemImage" itemprop="image" alt="pomélos" src="/media/images/store_item/917.jpg"></td><td>pomélos</td><td class="not_printable sorting_1">fruits</td><td><img style="width:50%;" src="/media/images/logos/marchands/11.png" alt="Tradition"></td><td><span itemprop="price">6,00 $</span><span itemprop="eligibleQuantity" itemscope="" itemtype="http://schema.org/QuantitativeValue">/<span itemprop="value">2</span></span></td><td>N/A</td><td style="display: none;">2020-02-26</td><td style="display: none;">Chine</td><td style="display: none;"></td><td style="display: none;">gr. n.d.</td><td style="display: none;"></td><td style="display: none;"></td><td style="display: none;"></td><td style="display: none;">miel</td><td style="display: none;"><a class="recipeLink" href="/recipe_ingredient_search_results.php?query=(_QU5E__1__________917__[]_1_1)&amp;sos_l=fr">Recettes avec pomélos</a></td></tr><tr role="row" class="even"><td tabindex="0"><i class="fa fa-thumbs-up"></i><i class="fa fa-thumbs-up"></i></td><td class=" not_printable"><div class="addToGL" data-soscuisine-aisle="16" data-soscuisine-sip="3939545"><i class="fa fa-cart-plus" title="Ajouter à ma liste d'épicerie"></i><div></div></div></td><td><img class="storeItemImage" itemprop="image" alt="pommes" src="/media/images/store_item/64.jpg"></td><td>pommes</td><td class="not_printable sorting_1">fruits</td><td><img style="width:50%;" src="/media/images/logos/marchands/10.png" alt="Bonichoix "></td><td><span itemprop="price">3,49 $</span><span itemprop="eligibleQuantity" itemscope="" itemtype="http://schema.org/QuantitativeValue">/2kg</span></td><td>1,75 $/kg</td><td style="display: none;">2020-02-26</td><td style="display: none;">Québec</td><td style="display: none;">marque maison</td><td style="display: none;"></td><td style="display: none;">Cortland</td><td style="display: none;"></td><td style="display: none;"></td><td style="display: none;">Empire, McIntosh, Spartan</td><td style="display: none;"><a class="recipeLink" href="/recipe_ingredient_search_results.php?query=(_QU5E__1__________64__[]_1_1)&amp;sos_l=fr">Recettes avec pommes</a></td></tr><tr role="row" class="odd"><td tabindex="0"><i class="fa fa-thumbs-up"></i></td><td class=" not_printable"><div class="addToGL" data-soscuisine-aisle="16" data-soscuisine-sip="3937273"><i class="fa fa-cart-plus" title="Ajouter à ma liste d'épicerie"></i><div></div></div></td><td><img class="storeItemImage" itemprop="image" alt="pommes" src="/media/images/store_item/64.jpg"></td><td>pommes</td><td class="not_printable sorting_1">fruits</td><td><img style="width:50%;" src="/media/images/logos/marchands/75.png" alt="Fruiterie 440"></td><td><span itemprop="price">0,99 $</span><span itemprop="eligibleQuantity" itemscope="" itemtype="http://schema.org/QuantitativeValue">/<span itemprop="unitText">lb</span></span></td><td>2,18 $/kg</td><td style="display: none;">2020-02-23</td><td style="display: none;">USA</td><td style="display: none;"></td><td style="display: none;"></td><td style="display: none;">Gala</td><td style="display: none;"></td><td style="display: none;"></td><td style="display: none;"></td><td style="display: none;"><a class="recipeLink" href="/recipe_ingredient_search_results.php?query=(_QU5E__1__________64__[]_1_1)&amp;sos_l=fr">Recettes avec pommes</a></td></tr><tr role="row" class="even"><td tabindex="0"><i class="fas fa-hand-rock"></i></td><td class=" not_printable"><div class="addToGL" data-soscuisine-aisle="16" data-soscuisine-sip="3939473"><i class="fa fa-cart-plus" title="Ajouter à ma liste d'épicerie"></i><div></div></div></td><td><img class="storeItemImage" itemprop="image" alt="pommes" src="/media/images/store_item/64.jpg"></td><td>pommes</td><td class="not_printable sorting_1">fruits</td><td><img style="width:50%;" src="/media/images/logos/marchands/3.png" alt="IGA"></td><td><span itemprop="price">5,99 $</span><span itemprop="eligibleQuantity" itemscope="" itemtype="http://schema.org/QuantitativeValue">/2kg</span></td><td>2,99 $/kg</td><td style="display: none;">2020-02-26</td><td style="display: none;">Québec</td><td style="display: none;">marque maison</td><td style="display: none;"></td><td style="display: none;">Empire</td><td style="display: none;"></td><td style="display: none;"></td><td style="display: none;">ou McIntosh, Spartan</td><td style="display: none;"><a class="recipeLink" href="/recipe_ingredient_search_results.php?query=(_QU5E__1__________64__[]_1_1)&amp;sos_l=fr">Recettes avec pommes</a></td></tr><tr role="row" class="odd"><td tabindex="0"><i class="fa fa-thumbs-down"></i></td><td class=" not_printable"><div class="addToGL" data-soscuisine-aisle="16" data-soscuisine-sip="3939513"><i class="fa fa-cart-plus" title="Ajouter à ma liste d'épicerie"></i><div></div></div></td><td><img class="storeItemImage" itemprop="image" alt="pommes" src="/media/images/store_item/64.jpg"></td><td>pommes</td><td class="not_printable sorting_1">fruits</td><td><img style="width:50%;" src="/media/images/logos/marchands/3.png" alt="IGA"></td><td><span itemprop="price">7,00 $</span><span itemprop="eligibleQuantity" itemscope="" itemtype="http://schema.org/QuantitativeValue">/<span itemprop="value">2</span>x<span itemprop="unitText">2lb (907g)</span></span></td><td>3,86 $/kg</td><td style="display: none;">2020-02-26</td><td style="display: none;">Québec</td><td style="display: none;">Les Croquantes</td><td style="display: none;"></td><td style="display: none;"></td><td style="display: none;"></td><td style="display: none;"></td><td style="display: none;"></td><td style="display: none;"><a class="recipeLink" href="/recipe_ingredient_search_results.php?query=(_QU5E__1__________64__[]_1_1)&amp;sos_l=fr">Recettes avec pommes</a></td></tr><tr role="row" class="even"><td tabindex="0"><i class="fa fa-thumbs-down"></i></td><td class=" not_printable"><div class="addToGL" data-soscuisine-aisle="16" data-soscuisine-sip="3939231"><i class="fa fa-cart-plus" title="Ajouter à ma liste d'épicerie"></i><div></div></div></td><td><img class="storeItemImage" itemprop="image" alt="pommes" src="/media/images/store_item/64.jpg"></td><td>pommes</td><td class="not_printable sorting_1">fruits</td><td><img style="width:50%;" src="/media/images/logos/marchands/3.png" alt="IGA"></td><td><span itemprop="price">1,99 $</span><span itemprop="eligibleQuantity" itemscope="" itemtype="http://schema.org/QuantitativeValue">/<span itemprop="unitText">lb</span></span></td><td>4,39 $/kg</td><td style="display: none;">2020-02-26</td><td style="display: none;">Québec</td><td style="display: none;"></td><td style="display: none;"></td><td style="display: none;">types variés</td><td style="display: none;"></td><td style="display: none;"></td><td style="display: none;">ou ÉU</td><td style="display: none;"><a class="recipeLink" href="/recipe_ingredient_search_results.php?query=(_QU5E__1__________64__[]_1_1)&amp;sos_l=fr">Recettes avec pommes</a></td></tr><tr role="row" class="odd"><td tabindex="0"><i class="fa fa-thumbs-down"></i></td><td class=" not_printable"><div class="addToGL" data-soscuisine-aisle="16" data-soscuisine-sip="3939277"><i class="fa fa-cart-plus" title="Ajouter à ma liste d'épicerie"></i><div></div></div></td><td><img class="storeItemImage" itemprop="image" alt="pommes" src="/media/images/store_item/64.jpg"></td><td>pommes</td><td class="not_printable sorting_1">fruits</td><td><img style="width:50%;" src="/media/images/logos/marchands/3.png" alt="IGA"></td><td><span itemprop="price">4,99 $</span><span itemprop="eligibleQuantity" itemscope="" itemtype="http://schema.org/QuantitativeValue">/<span itemprop="unitText">1,13kg</span></span></td><td>4,42 $/kg</td><td style="display: none;">2020-02-26</td><td style="display: none;">Canada</td><td style="display: none;"></td><td style="display: none;"></td><td style="display: none;">Red Prince</td><td style="display: none;"></td><td style="display: none;"></td><td style="display: none;"></td><td style="display: none;"><a class="recipeLink" href="/recipe_ingredient_search_results.php?query=(_QU5E__1__________64__[]_1_1)&amp;sos_l=fr">Recettes avec pommes</a></td></tr><tr role="row" class="even"><td tabindex="0"><i class="fas fa-hand-rock"></i></td><td class=" not_printable"><div class="addToGL" data-soscuisine-aisle="16" data-soscuisine-sip="3938625"><i class="fa fa-cart-plus" title="Ajouter à ma liste d'épicerie"></i><div></div></div></td><td><img class="storeItemImage" itemprop="image" alt="pommes" src="/media/images/store_item/64.jpg"></td><td>pommes</td><td class="not_printable sorting_1">fruits</td><td><img style="width:50%;" src="/media/images/logos/marchands/69.png" alt="Intermarché (Provincial)"></td><td><span itemprop="price">1,49 $</span><span itemprop="eligibleQuantity" itemscope="" itemtype="http://schema.org/QuantitativeValue">/<span itemprop="unitText">lb</span></span></td><td>3,28 $/kg</td><td style="display: none;">2020-02-26</td><td style="display: none;">USA</td><td style="display: none;">marque maison</td><td style="display: none;"></td><td style="display: none;">Délicieuses</td><td style="display: none;"></td><td style="display: none;"></td><td style="display: none;">jaunes ou rouges</td><td style="display: none;"><a class="recipeLink" href="/recipe_ingredient_search_results.php?query=(_QU5E__1__________64__[]_1_1)&amp;sos_l=fr">Recettes avec pommes</a></td></tr><tr role="row" class="odd"><td tabindex="0"><i class="fas fa-hand-rock"></i></td><td class=" not_printable"><div class="addToGL" data-soscuisine-aisle="16" data-soscuisine-sip="3938495"><i class="fa fa-cart-plus" title="Ajouter à ma liste d'épicerie"></i><div></div></div></td><td><img class="storeItemImage" itemprop="image" alt="pommes" src="/media/images/store_item/64.jpg"></td><td>pommes</td><td class="not_printable sorting_1">fruits</td><td><img style="width:50%;" src="/media/images/logos/marchands/7.png" alt="Intermarché (Saveurs intl.)"></td><td><span itemprop="price">1,00 $</span><span itemprop="eligibleQuantity" itemscope="" itemtype="http://schema.org/QuantitativeValue">/<span itemprop="unitText">lb</span></span></td><td>2,20 $/kg</td><td style="display: none;">2020-02-26</td><td style="display: none;">USA</td><td style="display: none;"></td><td style="display: none;"></td><td style="display: none;">Délicieuses</td><td style="display: none;"></td><td style="display: none;"></td><td style="display: none;">jaunes ou Gala</td><td style="display: none;"><a class="recipeLink" href="/recipe_ingredient_search_results.php?query=(_QU5E__1__________64__[]_1_1)&amp;sos_l=fr">Recettes avec pommes</a></td></tr><tr role="row" class="even"><td tabindex="0"><i class="fa fa-thumbs-up"></i></td><td class=" not_printable"><div class="addToGL" data-soscuisine-aisle="16" data-soscuisine-sip="3942011"><i class="fa fa-cart-plus" title="Ajouter à ma liste d'épicerie"></i><div></div></div></td><td><img class="storeItemImage" itemprop="image" alt="pommes" src="/media/images/store_item/64.jpg"></td><td>pommes</td><td class="not_printable sorting_1">fruits</td><td><img style="width:50%;" src="/media/images/logos/marchands/13.png" alt="Jardin Mobile"></td><td><span itemprop="price">0,99 $</span><span itemprop="eligibleQuantity" itemscope="" itemtype="http://schema.org/QuantitativeValue">/<span itemprop="unitText">lb</span></span></td><td>2,18 $/kg</td><td style="display: none;">2020-02-26</td><td style="display: none;">USA</td><td style="display: none;"></td><td style="display: none;"></td><td style="display: none;">Honeycrisp</td><td style="display: none;"></td><td style="display: none;"></td><td style="display: none;"></td><td style="display: none;"><a class="recipeLink" href="/recipe_ingredient_search_results.php?query=(_QU5E__1__________64__[]_1_1)&amp;sos_l=fr">Recettes avec pommes</a></td></tr><tr role="row" class="odd"><td tabindex="0"><i class="fa fa-thumbs-down"></i></td><td class=" not_printable"><div class="addToGL" data-soscuisine-aisle="16" data-soscuisine-sip="3939181"><i class="fa fa-cart-plus" title="Ajouter à ma liste d'épicerie"></i><div></div></div></td><td><img class="storeItemImage" itemprop="image" alt="pommes" src="/media/images/store_item/64.jpg"></td><td>pommes</td><td class="not_printable sorting_1">fruits</td><td><img style="width:50%;" src="/media/images/logos/marchands/63.png" alt="Marché Adonis"></td><td><span itemprop="price">1,99 $</span><span itemprop="eligibleQuantity" itemscope="" itemtype="http://schema.org/QuantitativeValue">/<span itemprop="unitText">lb</span></span></td><td>4,39 $/kg</td><td style="display: none;">2020-02-26</td><td style="display: none;">USA</td><td style="display: none;"></td><td style="display: none;"></td><td style="display: none;">Honeycrisp</td><td style="display: none;"></td><td style="display: none;"></td><td style="display: none;"></td><td style="display: none;"><a class="recipeLink" href="/recipe_ingredient_search_results.php?query=(_QU5E__1__________64__[]_1_1)&amp;sos_l=fr">Recettes avec pommes</a></td></tr><tr role="row" class="even"><td tabindex="0"><i class="fa fa-thumbs-up"></i><i class="fa fa-thumbs-up"></i></td><td class=" not_printable"><div class="addToGL" data-soscuisine-aisle="16" data-soscuisine-sip="3937419"><i class="fa fa-cart-plus" title="Ajouter à ma liste d'épicerie"></i><div></div></div></td><td><img class="storeItemImage" itemprop="image" alt="pommes" src="/media/images/store_item/64.jpg"></td><td>pommes</td><td class="not_printable sorting_1">fruits</td><td><img style="width:50%;" src="/media/images/logos/marchands/6.png" alt="Maxi"></td><td><span itemprop="price">2,00 $</span><span itemprop="eligibleQuantity" itemscope="" itemtype="http://schema.org/QuantitativeValue">/<span itemprop="unitText">3lb (1,37kg)</span></span></td><td>1,47 $/kg</td><td style="display: none;">2020-02-26</td><td style="display: none;">Québec</td><td style="display: none;"></td><td style="display: none;"></td><td style="display: none;">types variés</td><td style="display: none;"></td><td style="display: none;"></td><td style="display: none;"></td><td style="display: none;"><a class="recipeLink" href="/recipe_ingredient_search_results.php?query=(_QU5E__1__________64__[]_1_1)&amp;sos_l=fr">Recettes avec pommes</a></td></tr><tr role="row" class="odd"><td tabindex="0"><i class="fa fa-thumbs-down"></i></td><td class=" not_printable"><div class="addToGL" data-soscuisine-aisle="16" data-soscuisine-sip="3937673"><i class="fa fa-cart-plus" title="Ajouter à ma liste d'épicerie"></i><div></div></div></td><td><img class="storeItemImage" itemprop="image" alt="pommes" src="/media/images/store_item/64.jpg"></td><td>pommes</td><td class="not_printable sorting_1">fruits</td><td><img style="width:50%;" src="/media/images/logos/marchands/1.png" alt="Metro"></td><td><span itemprop="price">1,99 $</span><span itemprop="eligibleQuantity" itemscope="" itemtype="http://schema.org/QuantitativeValue">/<span itemprop="unitText">lb</span></span></td><td>4,39 $/kg</td><td style="display: none;">2020-02-26</td><td style="display: none;">Washington</td><td style="display: none;"></td><td style="display: none;"></td><td style="display: none;">types variés</td><td style="display: none;"></td><td style="display: none;"></td><td style="display: none;">Quebec, ou Ontario</td><td style="display: none;"><a class="recipeLink" href="/recipe_ingredient_search_results.php?query=(_QU5E__1__________64__[]_1_1)&amp;sos_l=fr">Recettes avec pommes</a></td></tr><tr role="row" class="even"><td tabindex="0"><i class="fa fa-thumbs-up"></i></td><td class=" not_printable"><div class="addToGL" data-soscuisine-aisle="16" data-soscuisine-sip="3938875"><i class="fa fa-cart-plus" title="Ajouter à ma liste d'épicerie"></i><div></div></div></td><td><img class="storeItemImage" itemprop="image" alt="pommes" src="/media/images/store_item/64.jpg"></td><td>pommes</td><td class="not_printable sorting_1">fruits</td><td><img style="width:50%;" src="/media/images/logos/marchands/64.png" alt="Mourelatos"></td><td><span itemprop="price">0,97 $</span><span itemprop="eligibleQuantity" itemscope="" itemtype="http://schema.org/QuantitativeValue">/<span itemprop="unitText">lb</span></span></td><td>2,14 $/kg</td><td style="display: none;">2020-02-25</td><td style="display: none;"></td><td style="display: none;"></td><td style="display: none;"></td><td style="display: none;">Gala</td><td style="display: none;"></td><td style="display: none;"></td><td style="display: none;"></td><td style="display: none;"><a class="recipeLink" href="/recipe_ingredient_search_results.php?query=(_QU5E__1__________64__[]_1_1)&amp;sos_l=fr">Recettes avec pommes</a></td></tr><tr role="row" class="odd"><td tabindex="0"><i class="fa fa-thumbs-down"></i></td><td class=" not_printable"><div class="addToGL" data-soscuisine-aisle="16" data-soscuisine-sip="3938155"><i class="fa fa-cart-plus" title="Ajouter à ma liste d'épicerie"></i><div></div></div></td><td><img class="storeItemImage" itemprop="image" alt="pommes" src="/media/images/store_item/64.jpg"></td><td>pommes</td><td class="not_printable sorting_1">fruits</td><td><img style="width:50%;" src="/media/images/logos/marchands/2.png" alt="Provigo"></td><td><span itemprop="price">6,99 $</span><span itemprop="eligibleQuantity" itemscope="" itemtype="http://schema.org/QuantitativeValue">/<span itemprop="unitText">4lb (1,81kg)</span></span></td><td>3,85 $/kg</td><td style="display: none;">2020-02-26</td><td style="display: none;">Québec</td><td style="display: none;">marque maison</td><td style="display: none;"></td><td style="display: none;">Gala</td><td style="display: none;"></td><td style="display: none;"></td><td style="display: none;">McIntosh, ou Delicieux rouges</td><td style="display: none;"><a class="recipeLink" href="/recipe_ingredient_search_results.php?query=(_QU5E__1__________64__[]_1_1)&amp;sos_l=fr">Recettes avec pommes</a></td></tr><tr role="row" class="even"><td tabindex="0"><i class="fa fa-thumbs-down"></i></td><td class=" not_printable"><div class="addToGL" data-soscuisine-aisle="16" data-soscuisine-sip="3937991"><i class="fa fa-cart-plus" title="Ajouter à ma liste d'épicerie"></i><div></div></div></td><td><img class="storeItemImage" itemprop="image" alt="pommes" src="/media/images/store_item/64.jpg"></td><td>pommes</td><td class="not_printable sorting_1">fruits</td><td><img style="width:50%;" src="/media/images/logos/marchands/2.png" alt="Provigo"></td><td><span itemprop="price">2,49 $</span><span itemprop="eligibleQuantity" itemscope="" itemtype="http://schema.org/QuantitativeValue">/<span itemprop="unitText">lb</span></span></td><td>5,49 $/kg</td><td style="display: none;">2020-02-26</td><td style="display: none;">Québec</td><td style="display: none;"></td><td style="display: none;"></td><td style="display: none;">Honeycrisp</td><td style="display: none;"></td><td style="display: none;"></td><td style="display: none;"></td><td style="display: none;"><a class="recipeLink" href="/recipe_ingredient_search_results.php?query=(_QU5E__1__________64__[]_1_1)&amp;sos_l=fr">Recettes avec pommes</a></td></tr><tr role="row" class="odd"><td tabindex="0"><i class="fa fa-thumbs-up"></i></td><td class=" not_printable"><div class="addToGL" data-soscuisine-aisle="16" data-soscuisine-sip="3940851"><i class="fa fa-cart-plus" title="Ajouter à ma liste d'épicerie"></i><div></div></div></td><td><img class="storeItemImage" itemprop="image" alt="pommes" src="/media/images/store_item/64.jpg"></td><td>pommes</td><td class="not_printable sorting_1">fruits</td><td><img style="width:50%;" src="/media/images/logos/marchands/12.png" alt="Richelieu"></td><td><span itemprop="price">0,99 $</span><span itemprop="eligibleQuantity" itemscope="" itemtype="http://schema.org/QuantitativeValue">/<span itemprop="unitText">lb</span></span></td><td>2,18 $/kg</td><td style="display: none;">2020-02-26</td><td style="display: none;">Québec</td><td style="display: none;"></td><td style="display: none;"></td><td style="display: none;">types variés</td><td style="display: none;"></td><td style="display: none;"></td><td style="display: none;"></td><td style="display: none;"><a class="recipeLink" href="/recipe_ingredient_search_results.php?query=(_QU5E__1__________64__[]_1_1)&amp;sos_l=fr">Recettes avec pommes</a></td></tr><tr role="row" class="even"><td tabindex="0"><i class="fas fa-hand-rock"></i></td><td class=" not_printable"><div class="addToGL" data-soscuisine-aisle="16" data-soscuisine-sip="3940477"><i class="fa fa-cart-plus" title="Ajouter à ma liste d'épicerie"></i><div></div></div></td><td><img class="storeItemImage" itemprop="image" alt="pommes" src="/media/images/store_item/64.jpg"></td><td>pommes</td><td class="not_printable sorting_1">fruits</td><td><img style="width:50%;" src="/media/images/logos/marchands/5.png" alt="Super C"></td><td><span itemprop="price">3,99 $</span><span itemprop="eligibleQuantity" itemscope="" itemtype="http://schema.org/QuantitativeValue">/<span itemprop="unitText">4lb (1,81kg)</span></span></td><td>2,20 $/kg</td><td style="display: none;">2020-02-26</td><td style="display: none;">Québec</td><td style="display: none;"></td><td style="display: none;"></td><td style="display: none;">McIntosh</td><td style="display: none;"></td><td style="display: none;"></td><td style="display: none;">ou Cortland</td><td style="display: none;"><a class="recipeLink" href="/recipe_ingredient_search_results.php?query=(_QU5E__1__________64__[]_1_1)&amp;sos_l=fr">Recettes avec pommes</a></td></tr><tr role="row" class="odd"><td tabindex="0"><i class="fas fa-hand-rock"></i></td><td class=" not_printable"><div class="addToGL" data-soscuisine-aisle="16" data-soscuisine-sip="3940481"><i class="fa fa-cart-plus" title="Ajouter à ma liste d'épicerie"></i><div></div></div></td><td><img class="storeItemImage" itemprop="image" alt="pommes" src="/media/images/store_item/64.jpg"></td><td>pommes</td><td class="not_printable sorting_1">fruits</td><td><img style="width:50%;" src="/media/images/logos/marchands/5.png" alt="Super C"></td><td><span itemprop="price">3,99 $</span><span itemprop="eligibleQuantity" itemscope="" itemtype="http://schema.org/QuantitativeValue">/<span itemprop="unitText">3lb (1,37kg)</span></span></td><td>2,93 $/kg</td><td style="display: none;">2020-02-26</td><td style="display: none;">Québec</td><td style="display: none;"></td><td style="display: none;"></td><td style="display: none;">Empire</td><td style="display: none;"></td><td style="display: none;"></td><td style="display: none;">ou Spartan</td><td style="display: none;"><a class="recipeLink" href="/recipe_ingredient_search_results.php?query=(_QU5E__1__________64__[]_1_1)&amp;sos_l=fr">Recettes avec pommes</a></td></tr><tr role="row" class="even"><td tabindex="0"><i class="fas fa-hand-rock"></i></td><td class=" not_printable"><div class="addToGL" data-soscuisine-aisle="16" data-soscuisine-sip="3940501"><i class="fa fa-cart-plus" title="Ajouter à ma liste d'épicerie"></i><div></div></div></td><td><img class="storeItemImage" itemprop="image" alt="pommes" src="/media/images/store_item/64.jpg"></td><td>pommes</td><td class="not_printable sorting_1">fruits</td><td><img style="width:50%;" src="/media/images/logos/marchands/11.png" alt="Tradition"></td><td><span itemprop="price">5,00 $</span><span itemprop="eligibleQuantity" itemscope="" itemtype="http://schema.org/QuantitativeValue">/<span itemprop="value">2</span>x<span itemprop="unitText">2lb (907g)</span></span></td><td>2,76 $/kg</td><td style="display: none;">2020-02-26</td><td style="display: none;">Québec</td><td style="display: none;">Les Croquantes</td><td style="display: none;"></td><td style="display: none;">types variés</td><td style="display: none;"></td><td style="display: none;"></td><td style="display: none;"></td><td style="display: none;"><a class="recipeLink" href="/recipe_ingredient_search_results.php?query=(_QU5E__1__________64__[]_1_1)&amp;sos_l=fr">Recettes avec pommes</a></td></tr><tr role="row" class="odd"><td tabindex="0"><i class="fas fa-hand-rock"></i></td><td class=" not_printable"><div class="addToGL" data-soscuisine-aisle="16" data-soscuisine-sip="3939241"><i class="fa fa-cart-plus" title="Ajouter à ma liste d'épicerie"></i><div></div></div></td><td><img class="storeItemImage" itemprop="image" alt="pommes BIO" src="/media/images/store_item/686.jpg"></td><td>pommes BIO</td><td class="not_printable sorting_1">fruits</td><td><img style="width:50%;" src="/media/images/logos/marchands/3.png" alt="IGA"></td><td><span itemprop="price">1,99 $</span><span itemprop="eligibleQuantity" itemscope="" itemtype="http://schema.org/QuantitativeValue">/<span itemprop="unitText">lb</span></span></td><td>4,39 $/kg</td><td style="display: none;">2020-02-26</td><td style="display: none;">Québec</td><td style="display: none;"></td><td style="display: none;"></td><td style="display: none;">types variés</td><td style="display: none;"></td><td style="display: none;"></td><td style="display: none;">ou ÉU</td><td style="display: none;"><a class="recipeLink" href="/recipe_ingredient_search_results.php?query=(_QU5E__1__________686__[]_1_1)&amp;sos_l=fr">Recettes avec pommes BIO</a></td></tr><tr role="row" class="even"><td tabindex="0"><i class="fa fa-thumbs-up"></i><i class="fa fa-thumbs-up"></i></td><td class=" not_printable"><div class="addToGL" data-soscuisine-aisle="16" data-soscuisine-sip="3937407"><i class="fa fa-cart-plus" title="Ajouter à ma liste d'épicerie"></i><div></div></div></td><td><img class="storeItemImage" itemprop="image" alt="pommes BIO" src="/media/images/store_item/686.jpg"></td><td>pommes BIO</td><td class="not_printable sorting_1">fruits</td><td><img style="width:50%;" src="/media/images/logos/marchands/95.png" alt="Marchés Tau"></td><td><span itemprop="price">6,99 $</span><span itemprop="eligibleQuantity" itemscope="" itemtype="http://schema.org/QuantitativeValue">/<span itemprop="unitText">5lb (2,3kg)</span></span></td><td>3,08 $/kg</td><td style="display: none;">2020-03-29</td><td style="display: none;">USA</td><td style="display: none;"></td><td style="display: none;"></td><td style="display: none;">Gala</td><td style="display: none;"></td><td style="display: none;"></td><td style="display: none;"></td><td style="display: none;"><a class="recipeLink" href="/recipe_ingredient_search_results.php?query=(_QU5E__1__________686__[]_1_1)&amp;sos_l=fr">Recettes avec pommes BIO</a></td></tr><tr role="row" class="odd"><td tabindex="0"><i class="fa fa-thumbs-up"></i></td><td class=" not_printable"><div class="addToGL" data-soscuisine-aisle="16" data-soscuisine-sip="3937405"><i class="fa fa-cart-plus" title="Ajouter à ma liste d'épicerie"></i><div></div></div></td><td><img class="storeItemImage" itemprop="image" alt="pommes BIO" src="/media/images/store_item/686.jpg"></td><td>pommes BIO</td><td class="not_printable sorting_1">fruits</td><td><img style="width:50%;" src="/media/images/logos/marchands/95.png" alt="Marchés Tau"></td><td><span itemprop="price">2,99 $</span><span itemprop="eligibleQuantity" itemscope="" itemtype="http://schema.org/QuantitativeValue">/<span itemprop="unitText">2lb (907g)</span></span></td><td>3,30 $/kg</td><td style="display: none;">2020-03-29</td><td style="display: none;">USA</td><td style="display: none;"></td><td style="display: none;"></td><td style="display: none;">Ambrosia</td><td style="display: none;"></td><td style="display: none;"></td><td style="display: none;"></td><td style="display: none;"><a class="recipeLink" href="/recipe_ingredient_search_results.php?query=(_QU5E__1__________686__[]_1_1)&amp;sos_l=fr">Recettes avec pommes BIO</a></td></tr><tr role="row" class="even"><td tabindex="0"><i class="fas fa-hand-rock"></i></td><td class=" not_printable"><div class="addToGL" data-soscuisine-aisle="16" data-soscuisine-sip="3939481"><i class="fa fa-cart-plus" title="Ajouter à ma liste d'épicerie"></i><div></div></div></td><td><img class="storeItemImage" itemprop="image" alt="pommes vertes, Granny Smith" src="/media/images/store_item/569.jpg"></td><td>pommes vertes, Granny Smith</td><td class="not_printable sorting_1">fruits</td><td><img style="width:50%;" src="/media/images/logos/marchands/3.png" alt="IGA"></td><td><span itemprop="price">1,99 $</span><span itemprop="eligibleQuantity" itemscope="" itemtype="http://schema.org/QuantitativeValue">/<span itemprop="unitText">lb</span></span></td><td>4,39 $/kg</td><td style="display: none;">2020-02-26</td><td style="display: none;">USA</td><td style="display: none;"></td><td style="display: none;"></td><td style="display: none;"></td><td style="display: none;"></td><td style="display: none;"></td><td style="display: none;"></td><td style="display: none;"><a class="recipeLink" href="/recipe_ingredient_search_results.php?query=(_QU5E__1__________569__[]_1_1)&amp;sos_l=fr">Recettes avec pommes vertes, Granny Smith</a></td></tr><tr role="row" class="odd"><td tabindex="0"><i class="fas fa-hand-rock"></i></td><td class=" not_printable"><div class="addToGL" data-soscuisine-aisle="16" data-soscuisine-sip="3937675"><i class="fa fa-cart-plus" title="Ajouter à ma liste d'épicerie"></i><div></div></div></td><td><img class="storeItemImage" itemprop="image" alt="pommes vertes, Granny Smith" src="/media/images/store_item/569.jpg"></td><td>pommes vertes, Granny Smith</td><td class="not_printable sorting_1">fruits</td><td><img style="width:50%;" src="/media/images/logos/marchands/1.png" alt="Metro"></td><td><span itemprop="price">1,99 $</span><span itemprop="eligibleQuantity" itemscope="" itemtype="http://schema.org/QuantitativeValue">/<span itemprop="unitText">lb</span></span></td><td>4,39 $/kg</td><td style="display: none;">2020-02-26</td><td style="display: none;">Washington</td><td style="display: none;"></td><td style="display: none;"></td><td style="display: none;"></td><td style="display: none;"></td><td style="display: none;"></td><td style="display: none;"></td><td style="display: none;"><a class="recipeLink" href="/recipe_ingredient_search_results.php?query=(_QU5E__1__________569__[]_1_1)&amp;sos_l=fr">Recettes avec pommes vertes, Granny Smith</a></td></tr><tr role="row" class="even"><td tabindex="0"><i class="fa fa-thumbs-up"></i><i class="fa fa-thumbs-up"></i></td><td class=" not_printable"><div class="addToGL" data-soscuisine-aisle="16" data-soscuisine-sip="3939487"><i class="fa fa-cart-plus" title="Ajouter à ma liste d'épicerie"></i><div></div></div></td><td><img class="storeItemImage" itemprop="image" alt="pommes vertes, Granny Smith BIO" src="/media/images/store_item/809.jpg"></td><td>pommes vertes, Granny Smith BIO</td><td class="not_printable sorting_1">fruits</td><td><img style="width:50%;" src="/media/images/logos/marchands/3.png" alt="IGA"></td><td><span itemprop="price">1,99 $</span><span itemprop="eligibleQuantity" itemscope="" itemtype="http://schema.org/QuantitativeValue">/<span itemprop="unitText">lb</span></span></td><td>4,39 $/kg</td><td style="display: none;">2020-02-26</td><td style="display: none;">USA</td><td style="display: none;"></td><td style="display: none;"></td><td style="display: none;"></td><td style="display: none;"></td><td style="display: none;"></td><td style="display: none;"></td><td style="display: none;"><a class="recipeLink" href="/recipe_ingredient_search_results.php?query=(_QU5E__1__________809__[]_1_1)&amp;sos_l=fr">Recettes avec pommes vertes, Granny Smith BIO</a></td></tr><tr role="row" class="odd"><td tabindex="0"><i class="fas fa-exclamation"></i></td><td class=" not_printable"><div class="addToGL" data-soscuisine-aisle="16" data-soscuisine-sip="3938193"><i class="fa fa-cart-plus" title="Ajouter à ma liste d'épicerie"></i><div></div></div></td><td><img class="storeItemImage" itemprop="image" alt="prucots/pluots" src="/media/images/store_item/862.jpg"></td><td>prucots/pluots</td><td class="not_printable sorting_1">fruits</td><td><img style="width:50%;" src="/media/images/logos/marchands/2.png" alt="Provigo"></td><td><span itemprop="price">3,99 $</span><span itemprop="eligibleQuantity" itemscope="" itemtype="http://schema.org/QuantitativeValue">/<span itemprop="unitText">lb</span></span></td><td>8,80 $/kg</td><td style="display: none;">2020-02-26</td><td style="display: none;">Chili</td><td style="display: none;"></td><td style="display: none;"></td><td style="display: none;"></td><td style="display: none;"></td><td style="display: none;"></td><td style="display: none;"></td><td style="display: none;"><a class="recipeLink" href="/recipe_ingredient_search_results.php?query=(_QU5E__1__________862__[]_1_1)&amp;sos_l=fr">Recettes avec prucots/pluots</a></td></tr><tr role="row" class="even"><td tabindex="0"><i class="fa fa-thumbs-down"></i></td><td class=" not_printable"><div class="addToGL" data-soscuisine-aisle="16" data-soscuisine-sip="3939519"><i class="fa fa-cart-plus" title="Ajouter à ma liste d'épicerie"></i><div></div></div></td><td><img class="storeItemImage" itemprop="image" alt="prunes rouges ou noires" src="/media/images/store_item/79.jpg"></td><td>prunes rouges ou noires</td><td class="not_printable sorting_1">fruits</td><td><img style="width:50%;" src="/media/images/logos/marchands/3.png" alt="IGA"></td><td><span itemprop="price">2,99 $</span><span itemprop="eligibleQuantity" itemscope="" itemtype="http://schema.org/QuantitativeValue">/<span itemprop="unitText">lb</span></span></td><td>6,59 $/kg</td><td style="display: none;">2020-02-26</td><td style="display: none;">Chili</td><td style="display: none;"></td><td style="display: none;"></td><td style="display: none;"></td><td style="display: none;"></td><td style="display: none;"></td><td style="display: none;"></td><td style="display: none;"><a class="recipeLink" href="/recipe_ingredient_search_results.php?query=(_QU5E__1__________79__[]_1_1)&amp;sos_l=fr">Recettes avec prunes rouges ou noires</a></td></tr><tr role="row" class="odd"><td tabindex="0"><i class="fa fa-thumbs-down"></i></td><td class=" not_printable"><div class="addToGL" data-soscuisine-aisle="16" data-soscuisine-sip="3939821"><i class="fa fa-cart-plus" title="Ajouter à ma liste d'épicerie"></i><div></div></div></td><td><img class="storeItemImage" itemprop="image" alt="raisins" src="/media/images/store_item/73.jpg"></td><td>raisins</td><td class="not_printable sorting_1">fruits</td><td><img style="width:50%;" src="/media/images/logos/marchands/10.png" alt="Bonichoix "></td><td><span itemprop="price">3,49 $</span><span itemprop="eligibleQuantity" itemscope="" itemtype="http://schema.org/QuantitativeValue">/<span itemprop="unitText">lb</span></span></td><td>7,69 $/kg</td><td style="display: none;">2020-02-26</td><td style="display: none;">Pérou</td><td style="display: none;"></td><td style="display: none;"></td><td style="display: none;">rouges, verts, noirs</td><td style="display: none;"></td><td style="display: none;"></td><td style="display: none;"></td><td style="display: none;"><a class="recipeLink" href="/recipe_ingredient_search_results.php?query=(_QU5E__1__________73__[]_1_1)&amp;sos_l=fr">Recettes avec raisins</a></td></tr><tr role="row" class="even"><td tabindex="0"><i class="fa fa-thumbs-up"></i></td><td class=" not_printable"><div class="addToGL" data-soscuisine-aisle="16" data-soscuisine-sip="3938953"><i class="fa fa-cart-plus" title="Ajouter à ma liste d'épicerie"></i><div></div></div></td><td><img class="storeItemImage" itemprop="image" alt="raisins" src="/media/images/store_item/73.jpg"></td><td>raisins</td><td class="not_printable sorting_1">fruits</td><td><img style="width:50%;" src="/media/images/logos/marchands/3.png" alt="IGA"></td><td><span itemprop="price">1,99 $</span><span itemprop="eligibleQuantity" itemscope="" itemtype="http://schema.org/QuantitativeValue">/<span itemprop="unitText">lb</span></span></td><td>4,39 $/kg</td><td style="display: none;">2020-02-26</td><td style="display: none;">Importé</td><td style="display: none;"></td><td style="display: none;"></td><td style="display: none;">rouges, verts, noirs</td><td style="display: none;">sans pépins</td><td style="display: none;"></td><td style="display: none;">ou rouges Globe</td><td style="display: none;"><a class="recipeLink" href="/recipe_ingredient_search_results.php?query=(_QU5E__1__________73__[]_1_1)&amp;sos_l=fr">Recettes avec raisins</a></td></tr><tr role="row" class="odd"><td tabindex="0"><i class="fa fa-thumbs-down"></i></td><td class=" not_printable"><div class="addToGL" data-soscuisine-aisle="16" data-soscuisine-sip="3942051"><i class="fa fa-cart-plus" title="Ajouter à ma liste d'épicerie"></i><div></div></div></td><td><img class="storeItemImage" itemprop="image" alt="raisins" src="/media/images/store_item/73.jpg"></td><td>raisins</td><td class="not_printable sorting_1">fruits</td><td><img style="width:50%;" src="/media/images/logos/marchands/13.png" alt="Jardin Mobile"></td><td><span itemprop="price">2,99 $</span><span itemprop="eligibleQuantity" itemscope="" itemtype="http://schema.org/QuantitativeValue">/<span itemprop="unitText">lb</span></span></td><td>6,59 $/kg</td><td style="display: none;">2020-02-26</td><td style="display: none;">Importé</td><td style="display: none;"></td><td style="display: none;"></td><td style="display: none;"></td><td style="display: none;"></td><td style="display: none;"></td><td style="display: none;"></td><td style="display: none;"><a class="recipeLink" href="/recipe_ingredient_search_results.php?query=(_QU5E__1__________73__[]_1_1)&amp;sos_l=fr">Recettes avec raisins</a></td></tr><tr role="row" class="even"><td tabindex="0"><i class="fa fa-thumbs-up"></i></td><td class=" not_printable"><div class="addToGL" data-soscuisine-aisle="16" data-soscuisine-sip="3939073"><i class="fa fa-cart-plus" title="Ajouter à ma liste d'épicerie"></i><div></div></div></td><td><img class="storeItemImage" itemprop="image" alt="raisins" src="/media/images/store_item/73.jpg"></td><td>raisins</td><td class="not_printable sorting_1">fruits</td><td><img style="width:50%;" src="/media/images/logos/marchands/63.png" alt="Marché Adonis"></td><td><span itemprop="price">1,99 $</span><span itemprop="eligibleQuantity" itemscope="" itemtype="http://schema.org/QuantitativeValue">/<span itemprop="unitText">lb</span></span></td><td>4,39 $/kg</td><td style="display: none;">2020-02-26</td><td style="display: none;">Pérou</td><td style="display: none;"></td><td style="display: none;"></td><td style="display: none;">rouges ou verts, sans pépins</td><td style="display: none;"></td><td style="display: none;"></td><td style="display: none;">ou chili</td><td style="display: none;"><a class="recipeLink" href="/recipe_ingredient_search_results.php?query=(_QU5E__1__________73__[]_1_1)&amp;sos_l=fr">Recettes avec raisins</a></td></tr><tr role="row" class="odd"><td tabindex="0"><i class="fas fa-hand-rock"></i></td><td class=" not_printable"><div class="addToGL" data-soscuisine-aisle="16" data-soscuisine-sip="3937459"><i class="fa fa-cart-plus" title="Ajouter à ma liste d'épicerie"></i><div></div></div></td><td><img class="storeItemImage" itemprop="image" alt="raisins" src="/media/images/store_item/73.jpg"></td><td>raisins</td><td class="not_printable sorting_1">fruits</td><td><img style="width:50%;" src="/media/images/logos/marchands/6.png" alt="Maxi"></td><td><span itemprop="price">2,00 $</span><span itemprop="eligibleQuantity" itemscope="" itemtype="http://schema.org/QuantitativeValue">/<span itemprop="unitText">lb</span></span></td><td>4,41 $/kg</td><td style="display: none;">2020-02-26</td><td style="display: none;">Pérou</td><td style="display: none;"></td><td style="display: none;"></td><td style="display: none;">rouges, Globe</td><td style="display: none;"></td><td style="display: none;"></td><td style="display: none;"></td><td style="display: none;"><a class="recipeLink" href="/recipe_ingredient_search_results.php?query=(_QU5E__1__________73__[]_1_1)&amp;sos_l=fr">Recettes avec raisins</a></td></tr><tr role="row" class="even"><td tabindex="0"><i class="fas fa-hand-rock"></i></td><td class=" not_printable"><div class="addToGL" data-soscuisine-aisle="16" data-soscuisine-sip="3939057"><i class="fa fa-cart-plus" title="Ajouter à ma liste d'épicerie"></i><div></div></div></td><td><img class="storeItemImage" itemprop="image" alt="raisins" src="/media/images/store_item/73.jpg"></td><td>raisins</td><td class="not_printable sorting_1">fruits</td><td><img style="width:50%;" src="/media/images/logos/marchands/64.png" alt="Mourelatos"></td><td><span itemprop="price">2,49 $</span><span itemprop="eligibleQuantity" itemscope="" itemtype="http://schema.org/QuantitativeValue">/<span itemprop="unitText">lb</span></span></td><td>5,49 $/kg</td><td style="display: none;">2020-02-25</td><td style="display: none;"></td><td style="display: none;"></td><td style="display: none;"></td><td style="display: none;">rouge, sans pépins</td><td style="display: none;"></td><td style="display: none;"></td><td style="display: none;"></td><td style="display: none;"><a class="recipeLink" href="/recipe_ingredient_search_results.php?query=(_QU5E__1__________73__[]_1_1)&amp;sos_l=fr">Recettes avec raisins</a></td></tr><tr role="row" class="odd"><td tabindex="0"><i class="fa fa-thumbs-down"></i></td><td class=" not_printable"><div class="addToGL" data-soscuisine-aisle="16" data-soscuisine-sip="3938183"><i class="fa fa-cart-plus" title="Ajouter à ma liste d'épicerie"></i><div></div></div></td><td><img class="storeItemImage" itemprop="image" alt="raisins" src="/media/images/store_item/73.jpg"></td><td>raisins</td><td class="not_printable sorting_1">fruits</td><td><img style="width:50%;" src="/media/images/logos/marchands/2.png" alt="Provigo"></td><td><span itemprop="price">2,99 $</span><span itemprop="eligibleQuantity" itemscope="" itemtype="http://schema.org/QuantitativeValue">/<span itemprop="unitText">lb</span></span></td><td>6,59 $/kg</td><td style="display: none;">2020-02-26</td><td style="display: none;">Afrique du Sud</td><td style="display: none;">marque maison</td><td style="display: none;"></td><td style="display: none;">rouges ou verts, sans pépins</td><td style="display: none;"></td><td style="display: none;"></td><td style="display: none;"></td><td style="display: none;"><a class="recipeLink" href="/recipe_ingredient_search_results.php?query=(_QU5E__1__________73__[]_1_1)&amp;sos_l=fr">Recettes avec raisins</a></td></tr><tr role="row" class="even"><td tabindex="0"><i class="fa fa-thumbs-up"></i></td><td class=" not_printable"><div class="addToGL" data-soscuisine-aisle="16" data-soscuisine-sip="3940377"><i class="fa fa-cart-plus" title="Ajouter à ma liste d'épicerie"></i><div></div></div></td><td><img class="storeItemImage" itemprop="image" alt="raisins" src="/media/images/store_item/73.jpg"></td><td>raisins</td><td class="not_printable sorting_1">fruits</td><td><img style="width:50%;" src="/media/images/logos/marchands/5.png" alt="Super C"></td><td><span itemprop="price">1,98 $</span><span itemprop="eligibleQuantity" itemscope="" itemtype="http://schema.org/QuantitativeValue">/<span itemprop="unitText">lb</span></span></td><td>4,37 $/kg</td><td style="display: none;">2020-02-26</td><td style="display: none;"></td><td style="display: none;"></td><td style="display: none;"></td><td style="display: none;">rouges ou verts, sans pépins</td><td style="display: none;"></td><td style="display: none;"></td><td style="display: none;"></td><td style="display: none;"><a class="recipeLink" href="/recipe_ingredient_search_results.php?query=(_QU5E__1__________73__[]_1_1)&amp;sos_l=fr">Recettes avec raisins</a></td></tr><tr role="row" class="odd"><td tabindex="0"><i class="fa fa-thumbs-up"></i></td><td class=" not_printable"><div class="addToGL" data-soscuisine-aisle="16" data-soscuisine-sip="3935895"><i class="fa fa-cart-plus" title="Ajouter à ma liste d'épicerie"></i><div></div></div></td><td><img class="storeItemImage" itemprop="image" alt="raisins" src="/media/images/store_item/73.jpg"></td><td>raisins</td><td class="not_printable sorting_1">fruits</td><td><img style="width:50%;" src="/media/images/logos/marchands/62.png" alt="Supermarché PA"></td><td><span itemprop="price">1,99 $</span><span itemprop="eligibleQuantity" itemscope="" itemtype="http://schema.org/QuantitativeValue">/<span itemprop="unitText">lb</span></span></td><td>4,39 $/kg</td><td style="display: none;">2020-02-23</td><td style="display: none;"></td><td style="display: none;"></td><td style="display: none;"></td><td style="display: none;">rouges ou verts, sans pépins</td><td style="display: none;"></td><td style="display: none;"></td><td style="display: none;"></td><td style="display: none;"><a class="recipeLink" href="/recipe_ingredient_search_results.php?query=(_QU5E__1__________73__[]_1_1)&amp;sos_l=fr">Recettes avec raisins</a></td></tr><tr role="row" class="even"><td tabindex="0"><i class="fas fa-hand-rock"></i></td><td class=" not_printable"><div class="addToGL" data-soscuisine-aisle="16" data-soscuisine-sip="3940515"><i class="fa fa-cart-plus" title="Ajouter à ma liste d'épicerie"></i><div></div></div></td><td><img class="storeItemImage" itemprop="image" alt="raisins" src="/media/images/store_item/73.jpg"></td><td>raisins</td><td class="not_printable sorting_1">fruits</td><td><img style="width:50%;" src="/media/images/logos/marchands/11.png" alt="Tradition"></td><td><span itemprop="price">2,29 $</span><span itemprop="eligibleQuantity" itemscope="" itemtype="http://schema.org/QuantitativeValue">/<span itemprop="unitText">lb</span></span></td><td>5,05 $/kg</td><td style="display: none;">2020-02-26</td><td style="display: none;">Pérou</td><td style="display: none;"></td><td style="display: none;"></td><td style="display: none;">rouges, verts, noirs</td><td style="display: none;"></td><td style="display: none;"></td><td style="display: none;"></td><td style="display: none;"><a class="recipeLink" href="/recipe_ingredient_search_results.php?query=(_QU5E__1__________73__[]_1_1)&amp;sos_l=fr">Recettes avec raisins</a></td></tr><tr role="row" class="odd"><td tabindex="0"><i class="fas fa-hand-rock"></i></td><td class=" not_printable"><div class="addToGL" data-soscuisine-aisle="17" data-soscuisine-sip="3937471"><i class="fa fa-cart-plus" title="Ajouter à ma liste d'épicerie"></i><div></div></div></td><td><img class="storeItemImage" itemprop="image" alt="ail" src="/media/images/store_item/97.jpg"></td><td>ail</td><td class="not_printable sorting_1">légumes</td><td><img style="width:50%;" src="/media/images/logos/marchands/6.png" alt="Maxi"></td><td><span itemprop="price">0,67 $</span><span itemprop="eligibleQuantity" itemscope="" itemtype="http://schema.org/QuantitativeValue">/<span itemprop="unitText">3 têtes</span></span></td><td>5,32 $/kg</td><td style="display: none;">2020-02-26</td><td style="display: none;">Chine</td><td style="display: none;">Rooster</td><td style="display: none;">standard</td><td style="display: none;"></td><td style="display: none;"></td><td style="display: none;"></td><td style="display: none;"></td><td style="display: none;"><a class="recipeLink" href="/recipe_ingredient_search_results.php?query=(_QU5E__1__________97__[]_1_1)&amp;sos_l=fr">Recettes avec ail</a></td></tr><tr role="row" class="even"><td tabindex="0"><i class="fas fa-exclamation"></i></td><td class=" not_printable"><div class="addToGL" data-soscuisine-aisle="17" data-soscuisine-sip="3940461"><i class="fa fa-cart-plus" title="Ajouter à ma liste d'épicerie"></i><div></div></div></td><td><img class="storeItemImage" alt="artichauts" src="/media/images/store_item/blank.jpg"></td><td>artichauts</td><td class="not_printable sorting_1">légumes</td><td><img style="width:50%;" src="/media/images/logos/marchands/5.png" alt="Super C"></td><td><span itemprop="price">0,99 $</span><span itemprop="eligibleQuantity" itemscope="" itemtype="http://schema.org/QuantitativeValue"> ch.</span></td><td>3,96 $/kg</td><td style="display: none;">2020-02-26</td><td style="display: none;">USA</td><td style="display: none;"></td><td style="display: none;">gr.30</td><td style="display: none;"></td><td style="display: none;"></td><td style="display: none;"></td><td style="display: none;"></td><td style="display: none;"><a class="recipeLink" href="/recipe_ingredient_search_results.php?query=(_QU5E__1__________99__[]_1_1)&amp;sos_l=fr">Recettes avec artichauts</a></td></tr><tr role="row" class="odd"><td tabindex="0"><i class="fas fa-hand-rock"></i></td><td class=" not_printable"><div class="addToGL" data-soscuisine-aisle="17" data-soscuisine-sip="3939841"><i class="fa fa-cart-plus" title="Ajouter à ma liste d'épicerie"></i><div></div></div></td><td><img class="storeItemImage" itemprop="image" alt="asperges" src="/media/images/store_item/223.jpg"></td><td>asperges</td><td class="not_printable sorting_1">légumes</td><td><img style="width:50%;" src="/media/images/logos/marchands/10.png" alt="Bonichoix "></td><td><span itemprop="price">2,99 $</span><span itemprop="eligibleQuantity" itemscope="" itemtype="http://schema.org/QuantitativeValue">/<span itemprop="unitText">lb</span></span></td><td>6,59 $/kg</td><td style="display: none;">2020-02-26</td><td style="display: none;">Mexique</td><td style="display: none;"></td><td style="display: none;"></td><td style="display: none;">vert</td><td style="display: none;"></td><td style="display: none;"></td><td style="display: none;"></td><td style="display: none;"><a class="recipeLink" href="/recipe_ingredient_search_results.php?query=(_QU5E__1__________223__[]_1_1)&amp;sos_l=fr">Recettes avec asperges</a></td></tr><tr role="row" class="even"><td tabindex="0"><i class="fas fa-hand-rock"></i></td><td class=" not_printable"><div class="addToGL" data-soscuisine-aisle="17" data-soscuisine-sip="3939311"><i class="fa fa-cart-plus" title="Ajouter à ma liste d'épicerie"></i><div></div></div></td><td><img class="storeItemImage" itemprop="image" alt="asperges" src="/media/images/store_item/223.jpg"></td><td>asperges</td><td class="not_printable sorting_1">légumes</td><td><img style="width:50%;" src="/media/images/logos/marchands/3.png" alt="IGA"></td><td><span itemprop="price">2,99 $</span><span itemprop="eligibleQuantity" itemscope="" itemtype="http://schema.org/QuantitativeValue">/<span itemprop="unitText">lb</span></span></td><td>6,59 $/kg</td><td style="display: none;">2020-02-26</td><td style="display: none;">Mexique</td><td style="display: none;"></td><td style="display: none;"></td><td style="display: none;">vert</td><td style="display: none;"></td><td style="display: none;"></td><td style="display: none;"></td><td style="display: none;"><a class="recipeLink" href="/recipe_ingredient_search_results.php?query=(_QU5E__1__________223__[]_1_1)&amp;sos_l=fr">Recettes avec asperges</a></td></tr><tr role="row" class="odd"><td tabindex="0"><i class="fas fa-hand-rock"></i></td><td class=" not_printable"><div class="addToGL" data-soscuisine-aisle="17" data-soscuisine-sip="3942027"><i class="fa fa-cart-plus" title="Ajouter à ma liste d'épicerie"></i><div></div></div></td><td><img class="storeItemImage" itemprop="image" alt="asperges" src="/media/images/store_item/223.jpg"></td><td>asperges</td><td class="not_printable sorting_1">légumes</td><td><img style="width:50%;" src="/media/images/logos/marchands/13.png" alt="Jardin Mobile"></td><td><span itemprop="price">5,00 $</span><span itemprop="eligibleQuantity" itemscope="" itemtype="http://schema.org/QuantitativeValue">/<span itemprop="value">2</span>x<span itemprop="unitText">454g (1lb)</span></span></td><td>5,51 $/kg</td><td style="display: none;">2020-02-26</td><td style="display: none;">Mexique</td><td style="display: none;"></td><td style="display: none;"></td><td style="display: none;"></td><td style="display: none;"></td><td style="display: none;"></td><td style="display: none;"></td><td style="display: none;"><a class="recipeLink" href="/recipe_ingredient_search_results.php?query=(_QU5E__1__________223__[]_1_1)&amp;sos_l=fr">Recettes avec asperges</a></td></tr><tr role="row" class="even"><td tabindex="0"><i class="fas fa-hand-rock"></i></td><td class=" not_printable"><div class="addToGL" data-soscuisine-aisle="17" data-soscuisine-sip="3937449"><i class="fa fa-cart-plus" title="Ajouter à ma liste d'épicerie"></i><div></div></div></td><td><img class="storeItemImage" itemprop="image" alt="asperges" src="/media/images/store_item/223.jpg"></td><td>asperges</td><td class="not_printable sorting_1">légumes</td><td><img style="width:50%;" src="/media/images/logos/marchands/6.png" alt="Maxi"></td><td><span itemprop="price">2,00 $</span><span itemprop="eligibleQuantity" itemscope="" itemtype="http://schema.org/QuantitativeValue">/<span itemprop="unitText">325g</span></span></td><td>6,15 $/kg</td><td style="display: none;">2020-02-26</td><td style="display: none;">Mexique</td><td style="display: none;"></td><td style="display: none;"></td><td style="display: none;"></td><td style="display: none;"></td><td style="display: none;"></td><td style="display: none;"></td><td style="display: none;"><a class="recipeLink" href="/recipe_ingredient_search_results.php?query=(_QU5E__1__________223__[]_1_1)&amp;sos_l=fr">Recettes avec asperges</a></td></tr><tr role="row" class="odd"><td tabindex="0"><i class="fa fa-thumbs-down"></i></td><td class=" not_printable"><div class="addToGL" data-soscuisine-aisle="17" data-soscuisine-sip="3938133"><i class="fa fa-cart-plus" title="Ajouter à ma liste d'épicerie"></i><div></div></div></td><td><img class="storeItemImage" itemprop="image" alt="asperges" src="/media/images/store_item/223.jpg"></td><td>asperges</td><td class="not_printable sorting_1">légumes</td><td><img style="width:50%;" src="/media/images/logos/marchands/2.png" alt="Provigo"></td><td><span itemprop="price">4,99 $</span><span itemprop="eligibleQuantity" itemscope="" itemtype="http://schema.org/QuantitativeValue">/<span itemprop="unitText">lb</span></span></td><td>11,00 $/kg</td><td style="display: none;">2020-02-26</td><td style="display: none;">Mexique</td><td style="display: none;"></td><td style="display: none;"></td><td style="display: none;"></td><td style="display: none;"></td><td style="display: none;"></td><td style="display: none;"></td><td style="display: none;"><a class="recipeLink" href="/recipe_ingredient_search_results.php?query=(_QU5E__1__________223__[]_1_1)&amp;sos_l=fr">Recettes avec asperges</a></td></tr><tr role="row" class="even"><td tabindex="0"><i class="fas fa-hand-rock"></i></td><td class=" not_printable"><div class="addToGL" data-soscuisine-aisle="17" data-soscuisine-sip="3940387"><i class="fa fa-cart-plus" title="Ajouter à ma liste d'épicerie"></i><div></div></div></td><td><img class="storeItemImage" itemprop="image" alt="asperges" src="/media/images/store_item/223.jpg"></td><td>asperges</td><td class="not_printable sorting_1">légumes</td><td><img style="width:50%;" src="/media/images/logos/marchands/5.png" alt="Super C"></td><td><span itemprop="price">1,99 $</span><span itemprop="eligibleQuantity" itemscope="" itemtype="http://schema.org/QuantitativeValue">/<span itemprop="unitText">325g</span></span></td><td>6,12 $/kg</td><td style="display: none;">2020-02-26</td><td style="display: none;">Mexique</td><td style="display: none;"></td><td style="display: none;"></td><td style="display: none;"></td><td style="display: none;"></td><td style="display: none;"></td><td style="display: none;"></td><td style="display: none;"><a class="recipeLink" href="/recipe_ingredient_search_results.php?query=(_QU5E__1__________223__[]_1_1)&amp;sos_l=fr">Recettes avec asperges</a></td></tr><tr role="row" class="odd"><td tabindex="0"><i class="fa fa-thumbs-up"></i></td><td class=" not_printable"><div class="addToGL" data-soscuisine-aisle="17" data-soscuisine-sip="3935909"><i class="fa fa-cart-plus" title="Ajouter à ma liste d'épicerie"></i><div></div></div></td><td><img class="storeItemImage" itemprop="image" alt="asperges" src="/media/images/store_item/223.jpg"></td><td>asperges</td><td class="not_printable sorting_1">légumes</td><td><img style="width:50%;" src="/media/images/logos/marchands/62.png" alt="Supermarché PA"></td><td><span itemprop="price">4,00 $</span><span itemprop="eligibleQuantity" itemscope="" itemtype="http://schema.org/QuantitativeValue">/<span itemprop="value">2</span>x<span itemprop="unitText">454g (1lb)</span></span></td><td>4,41 $/kg</td><td style="display: none;">2020-02-23</td><td style="display: none;"></td><td style="display: none;"></td><td style="display: none;"></td><td style="display: none;"></td><td style="display: none;"></td><td style="display: none;"></td><td style="display: none;"></td><td style="display: none;"><a class="recipeLink" href="/recipe_ingredient_search_results.php?query=(_QU5E__1__________223__[]_1_1)&amp;sos_l=fr">Recettes avec asperges</a></td></tr><tr role="row" class="even"><td tabindex="0"><i class="fas fa-exclamation"></i></td><td class=" not_printable"><div class="addToGL" data-soscuisine-aisle="17" data-soscuisine-sip="3938793"><i class="fa fa-cart-plus" title="Ajouter à ma liste d'épicerie"></i><div></div></div></td><td><img class="storeItemImage" alt="asperges BIO" src="/media/images/store_item/blank.jpg"></td><td>asperges BIO</td><td class="not_printable sorting_1">légumes</td><td><img style="width:50%;" src="/media/images/logos/marchands/93.png" alt="Rachelle Béry"></td><td><span itemprop="price">5,99 $</span><span itemprop="eligibleQuantity" itemscope="" itemtype="http://schema.org/QuantitativeValue">/<span itemprop="unitText">lb</span></span></td><td>13,21 $/kg</td><td style="display: none;">2020-03-04</td><td style="display: none;">Mexique</td><td style="display: none;"></td><td style="display: none;"></td><td style="display: none;">vert</td><td style="display: none;"></td><td style="display: none;"></td><td style="display: none;"></td><td style="display: none;"><a class="recipeLink" href="/recipe_ingredient_search_results.php?query=(_QU5E__1__________808__[]_1_1)&amp;sos_l=fr">Recettes avec asperges BIO</a></td></tr><tr role="row" class="odd"><td tabindex="0"><i class="fas fa-hand-rock"></i></td><td class=" not_printable"><div class="addToGL" data-soscuisine-aisle="17" data-soscuisine-sip="3938491"><i class="fa fa-cart-plus" title="Ajouter à ma liste d'épicerie"></i><div></div></div></td><td><img class="storeItemImage" itemprop="image" alt="aubergines" src="/media/images/store_item/440.jpg"></td><td>aubergines</td><td class="not_printable sorting_1">légumes</td><td><img style="width:50%;" src="/media/images/logos/marchands/7.png" alt="Intermarché (Saveurs intl.)"></td><td><span itemprop="price">1,00 $</span><span itemprop="eligibleQuantity" itemscope="" itemtype="http://schema.org/QuantitativeValue">/<span itemprop="unitText">lb</span></span></td><td>2,20 $/kg</td><td style="display: none;">2020-02-26</td><td style="display: none;">USA</td><td style="display: none;"></td><td style="display: none;"></td><td style="display: none;"></td><td style="display: none;"></td><td style="display: none;"></td><td style="display: none;"></td><td style="display: none;"><a class="recipeLink" href="/recipe_ingredient_search_results.php?query=(_QU5E__1__________440__[]_1_1)&amp;sos_l=fr">Recettes avec aubergines</a></td></tr><tr role="row" class="even"><td tabindex="0"><i class="fa fa-thumbs-down"></i></td><td class=" not_printable"><div class="addToGL" data-soscuisine-aisle="17" data-soscuisine-sip="3939193"><i class="fa fa-cart-plus" title="Ajouter à ma liste d'épicerie"></i><div></div></div></td><td><img class="storeItemImage" itemprop="image" alt="aubergines" src="/media/images/store_item/440.jpg"></td><td>aubergines</td><td class="not_printable sorting_1">légumes</td><td><img style="width:50%;" src="/media/images/logos/marchands/63.png" alt="Marché Adonis"></td><td><span itemprop="price">1,69 $</span><span itemprop="eligibleQuantity" itemscope="" itemtype="http://schema.org/QuantitativeValue">/<span itemprop="unitText">lb</span></span></td><td>3,73 $/kg</td><td style="display: none;">2020-02-26</td><td style="display: none;">Mexique</td><td style="display: none;"></td><td style="display: none;">grosse(s)</td><td style="display: none;"></td><td style="display: none;"></td><td style="display: none;"></td><td style="display: none;"></td><td style="display: none;"><a class="recipeLink" href="/recipe_ingredient_search_results.php?query=(_QU5E__1__________440__[]_1_1)&amp;sos_l=fr">Recettes avec aubergines</a></td></tr><tr role="row" class="odd"><td tabindex="0"><i class="fas fa-circle"></i></td><td class=" not_printable"><div class="addToGL" data-soscuisine-aisle="17" data-soscuisine-sip="3939807"><i class="fa fa-cart-plus" title="Ajouter à ma liste d'épicerie"></i><div></div></div></td><td><img class="storeItemImage" itemprop="image" alt="avocats" src="/media/images/store_item/60.jpg"></td><td>avocats</td><td class="not_printable sorting_1">légumes</td><td><img style="width:50%;" src="/media/images/logos/marchands/10.png" alt="Bonichoix "></td><td><span itemprop="price">4,00 $</span><span itemprop="eligibleQuantity" itemscope="" itemtype="http://schema.org/QuantitativeValue">/<span itemprop="value">2</span></span></td><td>N/A</td><td style="display: none;">2020-02-26</td><td style="display: none;">Mexique</td><td style="display: none;"></td><td style="display: none;">gr. n.d.</td><td style="display: none;">Hass</td><td style="display: none;"></td><td style="display: none;"></td><td style="display: none;"></td><td style="display: none;"><a class="recipeLink" href="/recipe_ingredient_search_results.php?query=(_QU5E__1__________60__[]_1_1)&amp;sos_l=fr">Recettes avec avocats</a></td></tr><tr role="row" class="even"><td tabindex="0"><i class="fas fa-circle"></i></td><td class=" not_printable"><div class="addToGL" data-soscuisine-aisle="17" data-soscuisine-sip="3938919"><i class="fa fa-cart-plus" title="Ajouter à ma liste d'épicerie"></i><div></div></div></td><td><img class="storeItemImage" itemprop="image" alt="avocats" src="/media/images/store_item/60.jpg"></td><td>avocats</td><td class="not_printable sorting_1">légumes</td><td><img style="width:50%;" src="/media/images/logos/marchands/3.png" alt="IGA"></td><td><span itemprop="price">3,99 $</span><span itemprop="eligibleQuantity" itemscope="" itemtype="http://schema.org/QuantitativeValue">/<span itemprop="unitText">paq. de 5</span></span></td><td>N/A</td><td style="display: none;">2020-02-26</td><td style="display: none;">Mexique</td><td style="display: none;"></td><td style="display: none;">gr. n.d.</td><td style="display: none;">Hass</td><td style="display: none;"></td><td style="display: none;"></td><td style="display: none;"></td><td style="display: none;"><a class="recipeLink" href="/recipe_ingredient_search_results.php?query=(_QU5E__1__________60__[]_1_1)&amp;sos_l=fr">Recettes avec avocats</a></td></tr><tr role="row" class="odd"><td tabindex="0"><i class="fas fa-circle"></i></td><td class=" not_printable"><div class="addToGL" data-soscuisine-aisle="17" data-soscuisine-sip="3938567"><i class="fa fa-cart-plus" title="Ajouter à ma liste d'épicerie"></i><div></div></div></td><td><img class="storeItemImage" itemprop="image" alt="avocats" src="/media/images/store_item/60.jpg"></td><td>avocats</td><td class="not_printable sorting_1">légumes</td><td><img style="width:50%;" src="/media/images/logos/marchands/69.png" alt="Intermarché (Provincial)"></td><td><span itemprop="price">2,50 $</span><span itemprop="eligibleQuantity" itemscope="" itemtype="http://schema.org/QuantitativeValue">/<span itemprop="unitText">paq. de 6</span></span></td><td>N/A</td><td style="display: none;">2020-02-26</td><td style="display: none;">Mexique</td><td style="display: none;"></td><td style="display: none;">gr. n.d.</td><td style="display: none;"></td><td style="display: none;"></td><td style="display: none;"></td><td style="display: none;"></td><td style="display: none;"><a class="recipeLink" href="/recipe_ingredient_search_results.php?query=(_QU5E__1__________60__[]_1_1)&amp;sos_l=fr">Recettes avec avocats</a></td></tr><tr role="row" class="even"><td tabindex="0"><i class="fas fa-circle"></i></td><td class=" not_printable"><div class="addToGL" data-soscuisine-aisle="17" data-soscuisine-sip="3938551"><i class="fa fa-cart-plus" title="Ajouter à ma liste d'épicerie"></i><div></div></div></td><td><img class="storeItemImage" itemprop="image" alt="avocats" src="/media/images/store_item/60.jpg"></td><td>avocats</td><td class="not_printable sorting_1">légumes</td><td><img style="width:50%;" src="/media/images/logos/marchands/7.png" alt="Intermarché (Saveurs intl.)"></td><td><span itemprop="price">3,00 $</span><span itemprop="eligibleQuantity" itemscope="" itemtype="http://schema.org/QuantitativeValue">/<span itemprop="unitText">paq. de 6</span></span></td><td>N/A</td><td style="display: none;">2020-02-26</td><td style="display: none;">Mexique</td><td style="display: none;"></td><td style="display: none;">gr. n.d.</td><td style="display: none;"></td><td style="display: none;"></td><td style="display: none;"></td><td style="display: none;"></td><td style="display: none;"><a class="recipeLink" href="/recipe_ingredient_search_results.php?query=(_QU5E__1__________60__[]_1_1)&amp;sos_l=fr">Recettes avec avocats</a></td></tr><tr role="row" class="odd"><td tabindex="0"><i class="fas fa-circle"></i></td><td class=" not_printable"><div class="addToGL" data-soscuisine-aisle="17" data-soscuisine-sip="3942049"><i class="fa fa-cart-plus" title="Ajouter à ma liste d'épicerie"></i><div></div></div></td><td><img class="storeItemImage" itemprop="image" alt="avocats" src="/media/images/store_item/60.jpg"></td><td>avocats</td><td class="not_printable sorting_1">légumes</td><td><img style="width:50%;" src="/media/images/logos/marchands/13.png" alt="Jardin Mobile"></td><td><span itemprop="price">3,00 $</span><span itemprop="eligibleQuantity" itemscope="" itemtype="http://schema.org/QuantitativeValue">/<span itemprop="value">2</span></span></td><td>N/A</td><td style="display: none;">2020-02-26</td><td style="display: none;">Mexique</td><td style="display: none;"></td><td style="display: none;">gr. n.d.</td><td style="display: none;"></td><td style="display: none;"></td><td style="display: none;"></td><td style="display: none;"></td><td style="display: none;"><a class="recipeLink" href="/recipe_ingredient_search_results.php?query=(_QU5E__1__________60__[]_1_1)&amp;sos_l=fr">Recettes avec avocats</a></td></tr><tr role="row" class="even"><td tabindex="0"><i class="fas fa-circle"></i></td><td class=" not_printable"><div class="addToGL" data-soscuisine-aisle="17" data-soscuisine-sip="3937415"><i class="fa fa-cart-plus" title="Ajouter à ma liste d'épicerie"></i><div></div></div></td><td><img class="storeItemImage" itemprop="image" alt="avocats" src="/media/images/store_item/60.jpg"></td><td>avocats</td><td class="not_printable sorting_1">légumes</td><td><img style="width:50%;" src="/media/images/logos/marchands/6.png" alt="Maxi"></td><td><span itemprop="price">2,00 $</span><span itemprop="eligibleQuantity" itemscope="" itemtype="http://schema.org/QuantitativeValue">/<span itemprop="unitText">paq. de 6</span></span></td><td>N/A</td><td style="display: none;">2020-02-26</td><td style="display: none;">Mexique</td><td style="display: none;"></td><td style="display: none;">gr. n.d.</td><td style="display: none;"></td><td style="display: none;"></td><td style="display: none;"></td><td style="display: none;"></td><td style="display: none;"><a class="recipeLink" href="/recipe_ingredient_search_results.php?query=(_QU5E__1__________60__[]_1_1)&amp;sos_l=fr">Recettes avec avocats</a></td></tr><tr role="row" class="odd"><td tabindex="0"><i class="fas fa-circle"></i></td><td class=" not_printable"><div class="addToGL" data-soscuisine-aisle="17" data-soscuisine-sip="3937645"><i class="fa fa-cart-plus" title="Ajouter à ma liste d'épicerie"></i><div></div></div></td><td><img class="storeItemImage" itemprop="image" alt="avocats" src="/media/images/store_item/60.jpg"></td><td>avocats</td><td class="not_printable sorting_1">légumes</td><td><img style="width:50%;" src="/media/images/logos/marchands/1.png" alt="Metro"></td><td><span itemprop="price">2,99 $</span><span itemprop="eligibleQuantity" itemscope="" itemtype="http://schema.org/QuantitativeValue">/<span itemprop="unitText">paq. de 4</span></span></td><td>N/A</td><td style="display: none;">2020-02-26</td><td style="display: none;"></td><td style="display: none;"></td><td style="display: none;">gr. n.d.</td><td style="display: none;"></td><td style="display: none;"></td><td style="display: none;"></td><td style="display: none;"></td><td style="display: none;"><a class="recipeLink" href="/recipe_ingredient_search_results.php?query=(_QU5E__1__________60__[]_1_1)&amp;sos_l=fr">Recettes avec avocats</a></td></tr><tr role="row" class="even"><td tabindex="0"><i class="fa fa-thumbs-up"></i><i class="fa fa-thumbs-up"></i></td><td class=" not_printable"><div class="addToGL" data-soscuisine-aisle="17" data-soscuisine-sip="3940381"><i class="fa fa-cart-plus" title="Ajouter à ma liste d'épicerie"></i><div></div></div></td><td><img class="storeItemImage" itemprop="image" alt="avocats" src="/media/images/store_item/60.jpg"></td><td>avocats</td><td class="not_printable sorting_1">légumes</td><td><img style="width:50%;" src="/media/images/logos/marchands/5.png" alt="Super C"></td><td><span itemprop="price">0,88 $</span><span itemprop="eligibleQuantity" itemscope="" itemtype="http://schema.org/QuantitativeValue"> ch.</span></td><td>4,89 $/kg</td><td style="display: none;">2020-02-26</td><td style="display: none;"></td><td style="display: none;"></td><td style="display: none;">gr.20</td><td style="display: none;">Hass</td><td style="display: none;"></td><td style="display: none;"></td><td style="display: none;"></td><td style="display: none;"><a class="recipeLink" href="/recipe_ingredient_search_results.php?query=(_QU5E__1__________60__[]_1_1)&amp;sos_l=fr">Recettes avec avocats</a></td></tr><tr role="row" class="odd"><td tabindex="0"><i class="fas fa-circle"></i></td><td class=" not_printable"><div class="addToGL" data-soscuisine-aisle="17" data-soscuisine-sip="3940997"><i class="fa fa-cart-plus" title="Ajouter à ma liste d'épicerie"></i><div></div></div></td><td><img class="storeItemImage" itemprop="image" alt="avocats" src="/media/images/store_item/60.jpg"></td><td>avocats</td><td class="not_printable sorting_1">légumes</td><td><img style="width:50%;" src="/media/images/logos/marchands/73.png" alt="Walmart"></td><td><span itemprop="price">0,97 $</span><span itemprop="eligibleQuantity" itemscope="" itemtype="http://schema.org/QuantitativeValue"> ch.</span></td><td>N/A</td><td style="display: none;">2020-02-26</td><td style="display: none;">Mexique</td><td style="display: none;"></td><td style="display: none;">gr. n.d.</td><td style="display: none;"></td><td style="display: none;"></td><td style="display: none;"></td><td style="display: none;">seulement aux supercentres</td><td style="display: none;"><a class="recipeLink" href="/recipe_ingredient_search_results.php?query=(_QU5E__1__________60__[]_1_1)&amp;sos_l=fr">Recettes avec avocats</a></td></tr><tr role="row" class="even"><td tabindex="0"><i class="fa fa-thumbs-up"></i><i class="fa fa-thumbs-up"></i></td><td class=" not_printable"><div class="addToGL" data-soscuisine-aisle="17" data-soscuisine-sip="3912781"><i class="fa fa-cart-plus" title="Ajouter à ma liste d'épicerie"></i><div></div></div></td><td><img class="storeItemImage" itemprop="image" alt="avocats BIO" src="/media/images/store_item/687.jpg"></td><td>avocats BIO</td><td class="not_printable sorting_1">légumes</td><td><img style="width:50%;" src="/media/images/logos/marchands/94.png" alt="Avril"></td><td><span itemprop="price">2,99 $</span><span itemprop="eligibleQuantity" itemscope="" itemtype="http://schema.org/QuantitativeValue">/<span itemprop="value">3</span></span></td><td>5,86 $/kg</td><td style="display: none;">2020-03-03</td><td style="display: none;">Mexique</td><td style="display: none;"></td><td style="display: none;">standard</td><td style="display: none;"></td><td style="display: none;"></td><td style="display: none;"></td><td style="display: none;">valide du 5 au 18 février</td><td style="display: none;"><a class="recipeLink" href="/recipe_ingredient_search_results.php?query=(_QU5E__1__________687__[]_1_1)&amp;sos_l=fr">Recettes avec avocats BIO</a></td></tr><tr role="row" class="odd"><td tabindex="0"><i class="fa fa-thumbs-up"></i><i class="fa fa-thumbs-up"></i></td><td class=" not_printable"><div class="addToGL" data-soscuisine-aisle="17" data-soscuisine-sip="3912797"><i class="fa fa-cart-plus" title="Ajouter à ma liste d'épicerie"></i><div></div></div></td><td><img class="storeItemImage" itemprop="image" alt="avocats BIO" src="/media/images/store_item/687.jpg"></td><td>avocats BIO</td><td class="not_printable sorting_1">légumes</td><td><img style="width:50%;" src="/media/images/logos/marchands/94.png" alt="Avril"></td><td><span itemprop="price">1,00 $</span><span itemprop="eligibleQuantity" itemscope="" itemtype="http://schema.org/QuantitativeValue"> ch.</span></td><td>5,88 $/kg</td><td style="display: none;">2020-03-03</td><td style="display: none;">Mexique</td><td style="display: none;"></td><td style="display: none;">standard</td><td style="display: none;"></td><td style="display: none;"></td><td style="display: none;"></td><td style="display: none;">valide du 5 au 18 février</td><td style="display: none;"><a class="recipeLink" href="/recipe_ingredient_search_results.php?query=(_QU5E__1__________687__[]_1_1)&amp;sos_l=fr">Recettes avec avocats BIO</a></td></tr><tr role="row" class="even"><td tabindex="0"><i class="fas fa-circle"></i></td><td class=" not_printable"><div class="addToGL" data-soscuisine-aisle="17" data-soscuisine-sip="3938925"><i class="fa fa-cart-plus" title="Ajouter à ma liste d'épicerie"></i><div></div></div></td><td><img class="storeItemImage" itemprop="image" alt="avocats BIO" src="/media/images/store_item/687.jpg"></td><td>avocats BIO</td><td class="not_printable sorting_1">légumes</td><td><img style="width:50%;" src="/media/images/logos/marchands/3.png" alt="IGA"></td><td><span itemprop="price">3,99 $</span><span itemprop="eligibleQuantity" itemscope="" itemtype="http://schema.org/QuantitativeValue">/<span itemprop="unitText">paq. de 3</span></span></td><td>N/A</td><td style="display: none;">2020-02-26</td><td style="display: none;">Mexique</td><td style="display: none;"></td><td style="display: none;">gr. n.d.</td><td style="display: none;">Hass</td><td style="display: none;"></td><td style="display: none;"></td><td style="display: none;"></td><td style="display: none;"><a class="recipeLink" href="/recipe_ingredient_search_results.php?query=(_QU5E__1__________687__[]_1_1)&amp;sos_l=fr">Recettes avec avocats BIO</a></td></tr><tr role="row" class="odd"><td tabindex="0"><i class="fas fa-circle"></i></td><td class=" not_printable"><div class="addToGL" data-soscuisine-aisle="17" data-soscuisine-sip="3940631"><i class="fa fa-cart-plus" title="Ajouter à ma liste d'épicerie"></i><div></div></div></td><td><img class="storeItemImage" itemprop="image" alt="avocats BIO" src="/media/images/store_item/687.jpg"></td><td>avocats BIO</td><td class="not_printable sorting_1">légumes</td><td><img style="width:50%;" src="/media/images/logos/marchands/11.png" alt="Tradition"></td><td><span itemprop="price">5,00 $</span><span itemprop="eligibleQuantity" itemscope="" itemtype="http://schema.org/QuantitativeValue">/<span itemprop="value">2</span></span></td><td>N/A</td><td style="display: none;">2020-02-26</td><td style="display: none;">Mexique</td><td style="display: none;"></td><td style="display: none;">gr. n.d.</td><td style="display: none;">Hass</td><td style="display: none;"></td><td style="display: none;"></td><td style="display: none;"></td><td style="display: none;"><a class="recipeLink" href="/recipe_ingredient_search_results.php?query=(_QU5E__1__________687__[]_1_1)&amp;sos_l=fr">Recettes avec avocats BIO</a></td></tr><tr role="row" class="even"><td tabindex="0"><i class="fa fa-thumbs-down"></i></td><td class=" not_printable"><div class="addToGL" data-soscuisine-aisle="17" data-soscuisine-sip="3939845"><i class="fa fa-cart-plus" title="Ajouter à ma liste d'épicerie"></i><div></div></div></td><td><img class="storeItemImage" itemprop="image" alt="bébés épinards" src="/media/images/store_item/312.jpg"></td><td>bébés épinards</td><td class="not_printable sorting_1">légumes</td><td><img style="width:50%;" src="/media/images/logos/marchands/10.png" alt="Bonichoix "></td><td><span itemprop="price">7,00 $</span><span itemprop="eligibleQuantity" itemscope="" itemtype="http://schema.org/QuantitativeValue">/<span itemprop="value">2</span>x142g</span></td><td>2,46 $/100g</td><td style="display: none;">2020-02-26</td><td style="display: none;">USA</td><td style="display: none;">Attitude</td><td style="display: none;"></td><td style="display: none;"></td><td style="display: none;"></td><td style="display: none;"></td><td style="display: none;"></td><td style="display: none;"><a class="recipeLink" href="/recipe_ingredient_search_results.php?query=(_QU5E__1__________312__[]_1_1)&amp;sos_l=fr">Recettes avec bébés épinards</a></td></tr><tr role="row" class="odd"><td tabindex="0"><i class="fa fa-thumbs-up"></i><i class="fa fa-thumbs-up"></i></td><td class=" not_printable"><div class="addToGL" data-soscuisine-aisle="17" data-soscuisine-sip="3942075"><i class="fa fa-cart-plus" title="Ajouter à ma liste d'épicerie"></i><div></div></div></td><td><img class="storeItemImage" itemprop="image" alt="bébés épinards" src="/media/images/store_item/312.jpg"></td><td>bébés épinards</td><td class="not_printable sorting_1">légumes</td><td><img style="width:50%;" src="/media/images/logos/marchands/13.png" alt="Jardin Mobile"></td><td><span itemprop="price">2,99 $</span><span itemprop="eligibleQuantity" itemscope="" itemtype="http://schema.org/QuantitativeValue">/<span itemprop="unitText">250g</span></span></td><td>1,20 $/100g</td><td style="display: none;">2020-02-26</td><td style="display: none;">USA</td><td style="display: none;"></td><td style="display: none;"></td><td style="display: none;"></td><td style="display: none;"></td><td style="display: none;"></td><td style="display: none;"></td><td style="display: none;"><a class="recipeLink" href="/recipe_ingredient_search_results.php?query=(_QU5E__1__________312__[]_1_1)&amp;sos_l=fr">Recettes avec bébés épinards</a></td></tr><tr role="row" class="even"><td tabindex="0"><i class="fa fa-thumbs-up"></i></td><td class=" not_printable"><div class="addToGL" data-soscuisine-aisle="17" data-soscuisine-sip="3941007"><i class="fa fa-cart-plus" title="Ajouter à ma liste d'épicerie"></i><div></div></div></td><td><img class="storeItemImage" itemprop="image" alt="bébés épinards" src="/media/images/store_item/312.jpg"></td><td>bébés épinards</td><td class="not_printable sorting_1">légumes</td><td><img style="width:50%;" src="/media/images/logos/marchands/73.png" alt="Walmart"></td><td><span itemprop="price">5,97 $</span><span itemprop="eligibleQuantity" itemscope="" itemtype="http://schema.org/QuantitativeValue">/<span itemprop="unitText">454g (1lb)</span></span></td><td>1,32 $/100g</td><td style="display: none;">2020-02-26</td><td style="display: none;">USA</td><td style="display: none;">Attitude</td><td style="display: none;"></td><td style="display: none;"></td><td style="display: none;"></td><td style="display: none;"></td><td style="display: none;">seulement aux supercentres</td><td style="display: none;"><a class="recipeLink" href="/recipe_ingredient_search_results.php?query=(_QU5E__1__________312__[]_1_1)&amp;sos_l=fr">Recettes avec bébés épinards</a></td></tr><tr role="row" class="odd"><td tabindex="0"><i class="fa fa-thumbs-down"></i></td><td class=" not_printable"><div class="addToGL" data-soscuisine-aisle="17" data-soscuisine-sip="3938217"><i class="fa fa-cart-plus" title="Ajouter à ma liste d'épicerie"></i><div></div></div></td><td><img class="storeItemImage" itemprop="image" alt="bébés épinards BIO" src="/media/images/store_item/700.jpg"></td><td>bébés épinards BIO</td><td class="not_printable sorting_1">légumes</td><td><img style="width:50%;" src="/media/images/logos/marchands/2.png" alt="Provigo"></td><td><span itemprop="price">10,00 $</span><span itemprop="eligibleQuantity" itemscope="" itemtype="http://schema.org/QuantitativeValue">/<span itemprop="value">2</span>x142g</span></td><td>3,52 $/100g</td><td style="display: none;">2020-02-26</td><td style="display: none;">USA</td><td style="display: none;">marque maison</td><td style="display: none;"></td><td style="display: none;"></td><td style="display: none;"></td><td style="display: none;"></td><td style="display: none;"></td><td style="display: none;"><a class="recipeLink" href="/recipe_ingredient_search_results.php?query=(_QU5E__1__________700__[]_1_1)&amp;sos_l=fr">Recettes avec bébés épinards BIO</a></td></tr><tr role="row" class="even"><td tabindex="0"><i class="fa fa-thumbs-down"></i></td><td class=" not_printable"><div class="addToGL" data-soscuisine-aisle="17" data-soscuisine-sip="3938215"><i class="fa fa-cart-plus" title="Ajouter à ma liste d'épicerie"></i><div></div></div></td><td><img class="storeItemImage" itemprop="image" alt="bébés épinards BIO" src="/media/images/store_item/700.jpg"></td><td>bébés épinards BIO</td><td class="not_printable sorting_1">légumes</td><td><img style="width:50%;" src="/media/images/logos/marchands/2.png" alt="Provigo"></td><td><span itemprop="price">5,49 $</span><span itemprop="eligibleQuantity" itemscope="" itemtype="http://schema.org/QuantitativeValue">/142g</span></td><td>3,87 $/100g</td><td style="display: none;">2020-02-26</td><td style="display: none;">USA</td><td style="display: none;">marque maison</td><td style="display: none;"></td><td style="display: none;"></td><td style="display: none;"></td><td style="display: none;"></td><td style="display: none;"></td><td style="display: none;"><a class="recipeLink" href="/recipe_ingredient_search_results.php?query=(_QU5E__1__________700__[]_1_1)&amp;sos_l=fr">Recettes avec bébés épinards BIO</a></td></tr><tr role="row" class="odd"><td tabindex="0"><i class="fas fa-circle"></i></td><td class=" not_printable"><div class="addToGL" data-soscuisine-aisle="17" data-soscuisine-sip="3939315"><i class="fa fa-cart-plus" title="Ajouter à ma liste d'épicerie"></i><div></div></div></td><td><img class="storeItemImage" itemprop="image" alt="bette à carde" src="/media/images/store_item/229.jpg"></td><td>bette à carde</td><td class="not_printable sorting_1">légumes</td><td><img style="width:50%;" src="/media/images/logos/marchands/3.png" alt="IGA"></td><td><span itemprop="price">6,00 $</span><span itemprop="eligibleQuantity" itemscope="" itemtype="http://schema.org/QuantitativeValue">/<span itemprop="value">2</span> bottes</span></td><td>N/A</td><td style="display: none;">2020-02-26</td><td style="display: none;">USA</td><td style="display: none;"></td><td style="display: none;">gr. n.d.</td><td style="display: none;"></td><td style="display: none;"></td><td style="display: none;"></td><td style="display: none;">ou Mexique</td><td style="display: none;"><a class="recipeLink" href="/recipe_ingredient_search_results.php?query=(_QU5E__1__________229__[]_1_1)&amp;sos_l=fr">Recettes avec bette à carde</a></td></tr><tr role="row" class="even"><td tabindex="0"><i class="fas fa-circle"></i></td><td class=" not_printable"><div class="addToGL" data-soscuisine-aisle="17" data-soscuisine-sip="3938499"><i class="fa fa-cart-plus" title="Ajouter à ma liste d'épicerie"></i><div></div></div></td><td><img class="storeItemImage" itemprop="image" alt="bette à carde" src="/media/images/store_item/229.jpg"></td><td>bette à carde</td><td class="not_printable sorting_1">légumes</td><td><img style="width:50%;" src="/media/images/logos/marchands/7.png" alt="Intermarché (Saveurs intl.)"></td><td><span itemprop="price">1,67 $</span><span itemprop="eligibleQuantity" itemscope="" itemtype="http://schema.org/QuantitativeValue">/botte</span></td><td>N/A</td><td style="display: none;">2020-02-26</td><td style="display: none;">USA</td><td style="display: none;"></td><td style="display: none;">gr. n.d.</td><td style="display: none;">verte ou rouge</td><td style="display: none;"></td><td style="display: none;"></td><td style="display: none;"></td><td style="display: none;"><a class="recipeLink" href="/recipe_ingredient_search_results.php?query=(_QU5E__1__________229__[]_1_1)&amp;sos_l=fr">Recettes avec bette à carde</a></td></tr><tr role="row" class="odd"><td tabindex="0"><i class="fas fa-circle"></i></td><td class=" not_printable"><div class="addToGL" data-soscuisine-aisle="17" data-soscuisine-sip="3939205"><i class="fa fa-cart-plus" title="Ajouter à ma liste d'épicerie"></i><div></div></div></td><td><img class="storeItemImage" itemprop="image" alt="bette à carde" src="/media/images/store_item/229.jpg"></td><td>bette à carde</td><td class="not_printable sorting_1">légumes</td><td><img style="width:50%;" src="/media/images/logos/marchands/63.png" alt="Marché Adonis"></td><td><span itemprop="price">5,00 $</span><span itemprop="eligibleQuantity" itemscope="" itemtype="http://schema.org/QuantitativeValue">/<span itemprop="value">3</span> bottes</span></td><td>N/A</td><td style="display: none;">2020-02-26</td><td style="display: none;">USA</td><td style="display: none;"></td><td style="display: none;">gr. n.d.</td><td style="display: none;"></td><td style="display: none;"></td><td style="display: none;"></td><td style="display: none;"></td><td style="display: none;"><a class="recipeLink" href="/recipe_ingredient_search_results.php?query=(_QU5E__1__________229__[]_1_1)&amp;sos_l=fr">Recettes avec bette à carde</a></td></tr><tr role="row" class="even"><td tabindex="0"><i class="fas fa-circle"></i></td><td class=" not_printable"><div class="addToGL" data-soscuisine-aisle="17" data-soscuisine-sip="3939337"><i class="fa fa-cart-plus" title="Ajouter à ma liste d'épicerie"></i><div></div></div></td><td><img class="storeItemImage" itemprop="image" alt="betteraves" src="/media/images/store_item/228.jpg"></td><td>betteraves</td><td class="not_printable sorting_1">légumes</td><td><img style="width:50%;" src="/media/images/logos/marchands/3.png" alt="IGA"></td><td><span itemprop="price">6,00 $</span><span itemprop="eligibleQuantity" itemscope="" itemtype="http://schema.org/QuantitativeValue">/<span itemprop="value">2</span>x<span itemprop="unitText">botte</span></span></td><td>N/A</td><td style="display: none;">2020-02-26</td><td style="display: none;">USA</td><td style="display: none;"></td><td style="display: none;">gr. n.d.</td><td style="display: none;"></td><td style="display: none;"></td><td style="display: none;"></td><td style="display: none;">ou Mexique</td><td style="display: none;"><a class="recipeLink" href="/recipe_ingredient_search_results.php?query=(_QU5E__1__________228__[]_1_1)&amp;sos_l=fr">Recettes avec betteraves</a></td></tr><tr role="row" class="odd"><td tabindex="0"><i class="fas fa-hand-rock"></i></td><td class=" not_printable"><div class="addToGL" data-soscuisine-aisle="17" data-soscuisine-sip="3939547"><i class="fa fa-cart-plus" title="Ajouter à ma liste d'épicerie"></i><div></div></div></td><td><img class="storeItemImage" itemprop="image" alt="brocoli" src="/media/images/store_item/125.jpg"></td><td>brocoli</td><td class="not_printable sorting_1">légumes</td><td><img style="width:50%;" src="/media/images/logos/marchands/10.png" alt="Bonichoix "></td><td><span itemprop="price">4,00 $</span><span itemprop="eligibleQuantity" itemscope="" itemtype="http://schema.org/QuantitativeValue">/<span itemprop="value">2</span></span></td><td>4,44 $/kg</td><td style="display: none;">2020-02-26</td><td style="display: none;">USA</td><td style="display: none;"></td><td style="display: none;">gr.14</td><td style="display: none;"></td><td style="display: none;"></td><td style="display: none;"></td><td style="display: none;">ou Mexique</td><td style="display: none;"><a class="recipeLink" href="/recipe_ingredient_search_results.php?query=(_QU5E__1__________125__[]_1_1)&amp;sos_l=fr">Recettes avec brocoli</a></td></tr><tr role="row" class="even"><td tabindex="0"><i class="fas fa-circle"></i></td><td class=" not_printable"><div class="addToGL" data-soscuisine-aisle="17" data-soscuisine-sip="3938941"><i class="fa fa-cart-plus" title="Ajouter à ma liste d'épicerie"></i><div></div></div></td><td><img class="storeItemImage" itemprop="image" alt="brocoli" src="/media/images/store_item/125.jpg"></td><td>brocoli</td><td class="not_printable sorting_1">légumes</td><td><img style="width:50%;" src="/media/images/logos/marchands/3.png" alt="IGA"></td><td><span itemprop="price">3,99 $</span><span itemprop="eligibleQuantity" itemscope="" itemtype="http://schema.org/QuantitativeValue">/<span itemprop="value">3</span></span></td><td>N/A</td><td style="display: none;">2020-02-26</td><td style="display: none;">USA</td><td style="display: none;"></td><td style="display: none;">gr. n.d.</td><td style="display: none;"></td><td style="display: none;"></td><td style="display: none;">couronnes</td><td style="display: none;">ou Mexique</td><td style="display: none;"><a class="recipeLink" href="/recipe_ingredient_search_results.php?query=(_QU5E__1__________125__[]_1_1)&amp;sos_l=fr">Recettes avec brocoli</a></td></tr><tr role="row" class="odd"><td tabindex="0"><i class="fa fa-thumbs-up"></i></td><td class=" not_printable"><div class="addToGL" data-soscuisine-aisle="17" data-soscuisine-sip="3942061"><i class="fa fa-cart-plus" title="Ajouter à ma liste d'épicerie"></i><div></div></div></td><td><img class="storeItemImage" itemprop="image" alt="brocoli" src="/media/images/store_item/125.jpg"></td><td>brocoli</td><td class="not_printable sorting_1">légumes</td><td><img style="width:50%;" src="/media/images/logos/marchands/13.png" alt="Jardin Mobile"></td><td><span itemprop="price">1,99 $</span><span itemprop="eligibleQuantity" itemscope="" itemtype="http://schema.org/QuantitativeValue">/<span itemprop="unitText">lb</span></span></td><td>4,39 $/kg</td><td style="display: none;">2020-02-26</td><td style="display: none;">USA</td><td style="display: none;"></td><td style="display: none;"></td><td style="display: none;"></td><td style="display: none;"></td><td style="display: none;">couronnes</td><td style="display: none;"></td><td style="display: none;"><a class="recipeLink" href="/recipe_ingredient_search_results.php?query=(_QU5E__1__________125__[]_1_1)&amp;sos_l=fr">Recettes avec brocoli</a></td></tr><tr role="row" class="even"><td tabindex="0"><i class="fas fa-circle"></i></td><td class=" not_printable"><div class="addToGL" data-soscuisine-aisle="17" data-soscuisine-sip="3937447"><i class="fa fa-cart-plus" title="Ajouter à ma liste d'épicerie"></i><div></div></div></td><td><img class="storeItemImage" itemprop="image" alt="brocoli" src="/media/images/store_item/125.jpg"></td><td>brocoli</td><td class="not_printable sorting_1">légumes</td><td><img style="width:50%;" src="/media/images/logos/marchands/6.png" alt="Maxi"></td><td><span itemprop="price">2,00 $</span><span itemprop="eligibleQuantity" itemscope="" itemtype="http://schema.org/QuantitativeValue"> ch.</span></td><td>N/A</td><td style="display: none;">2020-02-26</td><td style="display: none;">USA</td><td style="display: none;"></td><td style="display: none;">gr. n.d.</td><td style="display: none;"></td><td style="display: none;"></td><td style="display: none;"></td><td style="display: none;">ou Mexique</td><td style="display: none;"><a class="recipeLink" href="/recipe_ingredient_search_results.php?query=(_QU5E__1__________125__[]_1_1)&amp;sos_l=fr">Recettes avec brocoli</a></td></tr><tr role="row" class="odd"><td tabindex="0"><i class="fas fa-circle"></i></td><td class=" not_printable"><div class="addToGL" data-soscuisine-aisle="17" data-soscuisine-sip="3938187"><i class="fa fa-cart-plus" title="Ajouter à ma liste d'épicerie"></i><div></div></div></td><td><img class="storeItemImage" itemprop="image" alt="brocoli" src="/media/images/store_item/125.jpg"></td><td>brocoli</td><td class="not_printable sorting_1">légumes</td><td><img style="width:50%;" src="/media/images/logos/marchands/2.png" alt="Provigo"></td><td><span itemprop="price">3,99 $</span><span itemprop="eligibleQuantity" itemscope="" itemtype="http://schema.org/QuantitativeValue"> ch.</span></td><td>N/A</td><td style="display: none;">2020-02-26</td><td style="display: none;">USA</td><td style="display: none;"></td><td style="display: none;">gr. n.d.</td><td style="display: none;"></td><td style="display: none;"></td><td style="display: none;"></td><td style="display: none;">ou Mexique</td><td style="display: none;"><a class="recipeLink" href="/recipe_ingredient_search_results.php?query=(_QU5E__1__________125__[]_1_1)&amp;sos_l=fr">Recettes avec brocoli</a></td></tr><tr role="row" class="even"><td tabindex="0"><i class="fas fa-circle"></i></td><td class=" not_printable"><div class="addToGL" data-soscuisine-aisle="17" data-soscuisine-sip="3938191"><i class="fa fa-cart-plus" title="Ajouter à ma liste d'épicerie"></i><div></div></div></td><td><img class="storeItemImage" itemprop="image" alt="brocoli" src="/media/images/store_item/125.jpg"></td><td>brocoli</td><td class="not_printable sorting_1">légumes</td><td><img style="width:50%;" src="/media/images/logos/marchands/2.png" alt="Provigo"></td><td><span itemprop="price">7,00 $</span><span itemprop="eligibleQuantity" itemscope="" itemtype="http://schema.org/QuantitativeValue">/<span itemprop="value">2</span></span></td><td>N/A</td><td style="display: none;">2020-02-26</td><td style="display: none;">USA</td><td style="display: none;"></td><td style="display: none;">gr. n.d.</td><td style="display: none;"></td><td style="display: none;"></td><td style="display: none;"></td><td style="display: none;">ou Mexique</td><td style="display: none;"><a class="recipeLink" href="/recipe_ingredient_search_results.php?query=(_QU5E__1__________125__[]_1_1)&amp;sos_l=fr">Recettes avec brocoli</a></td></tr><tr role="row" class="odd"><td tabindex="0"><i class="fas fa-hand-rock"></i></td><td class=" not_printable"><div class="addToGL" data-soscuisine-aisle="17" data-soscuisine-sip="3940471"><i class="fa fa-cart-plus" title="Ajouter à ma liste d'épicerie"></i><div></div></div></td><td><img class="storeItemImage" itemprop="image" alt="brocoli" src="/media/images/store_item/125.jpg"></td><td>brocoli</td><td class="not_printable sorting_1">légumes</td><td><img style="width:50%;" src="/media/images/logos/marchands/5.png" alt="Super C"></td><td><span itemprop="price">1,99 $</span><span itemprop="eligibleQuantity" itemscope="" itemtype="http://schema.org/QuantitativeValue"> ch.</span></td><td>4,42 $/kg</td><td style="display: none;">2020-02-26</td><td style="display: none;">USA</td><td style="display: none;"></td><td style="display: none;">standard</td><td style="display: none;"></td><td style="display: none;"></td><td style="display: none;"></td><td style="display: none;">ou Mexique, Espagne</td><td style="display: none;"><a class="recipeLink" href="/recipe_ingredient_search_results.php?query=(_QU5E__1__________125__[]_1_1)&amp;sos_l=fr">Recettes avec brocoli</a></td></tr><tr role="row" class="even"><td tabindex="0"><i class="fa fa-thumbs-up"></i><i class="fa fa-thumbs-up"></i></td><td class=" not_printable"><div class="addToGL" data-soscuisine-aisle="17" data-soscuisine-sip="3938373"><i class="fa fa-cart-plus" title="Ajouter à ma liste d'épicerie"></i><div></div></div></td><td><img class="storeItemImage" itemprop="image" alt="brocoli BIO" src="/media/images/store_item/678.jpg"></td><td>brocoli BIO</td><td class="not_printable sorting_1">légumes</td><td><img style="width:50%;" src="/media/images/logos/marchands/7.png" alt="Intermarché (Saveurs intl.)"></td><td><span itemprop="price">1,99 $</span><span itemprop="eligibleQuantity" itemscope="" itemtype="http://schema.org/QuantitativeValue"> ch.</span></td><td>4,42 $/kg</td><td style="display: none;">2020-02-26</td><td style="display: none;">USA</td><td style="display: none;"></td><td style="display: none;">gr.14</td><td style="display: none;"></td><td style="display: none;"></td><td style="display: none;"></td><td style="display: none;"></td><td style="display: none;"><a class="recipeLink" href="/recipe_ingredient_search_results.php?query=(_QU5E__1__________678__[]_1_1)&amp;sos_l=fr">Recettes avec brocoli BIO</a></td></tr><tr role="row" class="odd"><td tabindex="0"><i class="fas fa-hand-rock"></i></td><td class=" not_printable"><div class="addToGL" data-soscuisine-aisle="17" data-soscuisine-sip="3937689"><i class="fa fa-cart-plus" title="Ajouter à ma liste d'épicerie"></i><div></div></div></td><td><img class="storeItemImage" itemprop="image" alt="brocoli BIO" src="/media/images/store_item/678.jpg"></td><td>brocoli BIO</td><td class="not_printable sorting_1">légumes</td><td><img style="width:50%;" src="/media/images/logos/marchands/1.png" alt="Metro"></td><td><span itemprop="price">3,49 $</span><span itemprop="eligibleQuantity" itemscope="" itemtype="http://schema.org/QuantitativeValue"> ch.</span></td><td>7,76 $/kg</td><td style="display: none;">2020-02-26</td><td style="display: none;">USA</td><td style="display: none;"></td><td style="display: none;">gr.14</td><td style="display: none;"></td><td style="display: none;"></td><td style="display: none;"></td><td style="display: none;">ou Mexique</td><td style="display: none;"><a class="recipeLink" href="/recipe_ingredient_search_results.php?query=(_QU5E__1__________678__[]_1_1)&amp;sos_l=fr">Recettes avec brocoli BIO</a></td></tr><tr role="row" class="even"><td tabindex="0"><i class="fas fa-hand-rock"></i></td><td class=" not_printable"><div class="addToGL" data-soscuisine-aisle="17" data-soscuisine-sip="3939055"><i class="fa fa-cart-plus" title="Ajouter à ma liste d'épicerie"></i><div></div></div></td><td><img class="storeItemImage" itemprop="image" alt="carottes" src="/media/images/store_item/92.jpg"></td><td>carottes</td><td class="not_printable sorting_1">légumes</td><td><img style="width:50%;" src="/media/images/logos/marchands/64.png" alt="Mourelatos"></td><td><span itemprop="price">2,49 $</span><span itemprop="eligibleQuantity" itemscope="" itemtype="http://schema.org/QuantitativeValue">/<span itemprop="unitText">5lb (2,3kg)</span></span></td><td>1,10 $/kg</td><td style="display: none;">2020-02-25</td><td style="display: none;"></td><td style="display: none;"></td><td style="display: none;"></td><td style="display: none;"></td><td style="display: none;"></td><td style="display: none;"></td><td style="display: none;"></td><td style="display: none;"><a class="recipeLink" href="/recipe_ingredient_search_results.php?query=(_QU5E__1__________92__[]_1_1)&amp;sos_l=fr">Recettes avec carottes</a></td></tr><tr role="row" class="odd"><td tabindex="0"><i class="fas fa-hand-rock"></i></td><td class=" not_printable"><div class="addToGL" data-soscuisine-aisle="17" data-soscuisine-sip="3940577"><i class="fa fa-cart-plus" title="Ajouter à ma liste d'épicerie"></i><div></div></div></td><td><img class="storeItemImage" itemprop="image" alt="carottes" src="/media/images/store_item/92.jpg"></td><td>carottes</td><td class="not_printable sorting_1">légumes</td><td><img style="width:50%;" src="/media/images/logos/marchands/11.png" alt="Tradition"></td><td><span itemprop="price">3,99 $</span><span itemprop="eligibleQuantity" itemscope="" itemtype="http://schema.org/QuantitativeValue">/<span itemprop="unitText">5lb (2,3kg)</span></span></td><td>1,76 $/kg</td><td style="display: none;">2020-02-26</td><td style="display: none;">Québec</td><td style="display: none;"></td><td style="display: none;"></td><td style="display: none;"></td><td style="display: none;"></td><td style="display: none;"></td><td style="display: none;"></td><td style="display: none;"><a class="recipeLink" href="/recipe_ingredient_search_results.php?query=(_QU5E__1__________92__[]_1_1)&amp;sos_l=fr">Recettes avec carottes</a></td></tr><tr role="row" class="even"><td tabindex="0"><i class="fa fa-thumbs-up"></i><i class="fa fa-thumbs-up"></i></td><td class=" not_printable"><div class="addToGL" data-soscuisine-aisle="17" data-soscuisine-sip="3937391"><i class="fa fa-cart-plus" title="Ajouter à ma liste d'épicerie"></i><div></div></div></td><td><img class="storeItemImage" itemprop="image" alt="carottes BIO" src="/media/images/store_item/685.jpg"></td><td>carottes BIO</td><td class="not_printable sorting_1">légumes</td><td><img style="width:50%;" src="/media/images/logos/marchands/95.png" alt="Marchés Tau"></td><td><span itemprop="price">3,99 $</span><span itemprop="eligibleQuantity" itemscope="" itemtype="http://schema.org/QuantitativeValue">/<span itemprop="unitText">5lb (2,3kg)</span></span></td><td>1,76 $/kg</td><td style="display: none;">2020-03-29</td><td style="display: none;">USA</td><td style="display: none;"></td><td style="display: none;"></td><td style="display: none;"></td><td style="display: none;"></td><td style="display: none;"></td><td style="display: none;"></td><td style="display: none;"><a class="recipeLink" href="/recipe_ingredient_search_results.php?query=(_QU5E__1__________685__[]_1_1)&amp;sos_l=fr">Recettes avec carottes BIO</a></td></tr><tr role="row" class="odd"><td tabindex="0"><i class="fa fa-thumbs-up"></i><i class="fa fa-thumbs-up"></i></td><td class=" not_printable"><div class="addToGL" data-soscuisine-aisle="17" data-soscuisine-sip="3937297"><i class="fa fa-cart-plus" title="Ajouter à ma liste d'épicerie"></i><div></div></div></td><td><img class="storeItemImage" itemprop="image" alt="carottes coupées (cocktail)" src="/media/images/store_item/756.jpg"></td><td>carottes coupées (cocktail)</td><td class="not_printable sorting_1">légumes</td><td><img style="width:50%;" src="/media/images/logos/marchands/75.png" alt="Fruiterie 440"></td><td><span itemprop="price">0,99 $</span><span itemprop="eligibleQuantity" itemscope="" itemtype="http://schema.org/QuantitativeValue">/<span itemprop="unitText">340g (12oz)</span></span></td><td>2,91 $/kg</td><td style="display: none;">2020-02-23</td><td style="display: none;">USA</td><td style="display: none;"></td><td style="display: none;"></td><td style="display: none;"></td><td style="display: none;"></td><td style="display: none;"></td><td style="display: none;"></td><td style="display: none;"></td></tr><tr role="row" class="even"><td tabindex="0"><i class="fas fa-hand-rock"></i></td><td class=" not_printable"><div class="addToGL" data-soscuisine-aisle="17" data-soscuisine-sip="3939491"><i class="fa fa-cart-plus" title="Ajouter à ma liste d'épicerie"></i><div></div></div></td><td><img class="storeItemImage" itemprop="image" alt="carottes coupées (cocktail)" src="/media/images/store_item/756.jpg"></td><td>carottes coupées (cocktail)</td><td class="not_printable sorting_1">légumes</td><td><img style="width:50%;" src="/media/images/logos/marchands/3.png" alt="IGA"></td><td><span itemprop="price">3,00 $</span><span itemprop="eligibleQuantity" itemscope="" itemtype="http://schema.org/QuantitativeValue">/<span itemprop="value">2</span>x<span itemprop="unitText">340g (12oz)</span></span></td><td>4,41 $/kg</td><td style="display: none;">2020-02-26</td><td style="display: none;">USA</td><td style="display: none;">marque maison</td><td style="display: none;"></td><td style="display: none;"></td><td style="display: none;"></td><td style="display: none;"></td><td style="display: none;"></td><td style="display: none;"></td></tr><tr role="row" class="odd"><td tabindex="0"><i class="fas fa-hand-rock"></i></td><td class=" not_printable"><div class="addToGL" data-soscuisine-aisle="17" data-soscuisine-sip="3938631"><i class="fa fa-cart-plus" title="Ajouter à ma liste d'épicerie"></i><div></div></div></td><td><img class="storeItemImage" itemprop="image" alt="carottes coupées (cocktail)" src="/media/images/store_item/756.jpg"></td><td>carottes coupées (cocktail)</td><td class="not_printable sorting_1">légumes</td><td><img style="width:50%;" src="/media/images/logos/marchands/69.png" alt="Intermarché (Provincial)"></td><td><span itemprop="price">1,49 $</span><span itemprop="eligibleQuantity" itemscope="" itemtype="http://schema.org/QuantitativeValue">/<span itemprop="unitText">340g (12oz)</span></span></td><td>4,38 $/kg</td><td style="display: none;">2020-02-26</td><td style="display: none;">USA</td><td style="display: none;">marque maison</td><td style="display: none;"></td><td style="display: none;"></td><td style="display: none;"></td><td style="display: none;"></td><td style="display: none;"></td><td style="display: none;"></td></tr><tr role="row" class="even"><td tabindex="0"><i class="fas fa-hand-rock"></i></td><td class=" not_printable"><div class="addToGL" data-soscuisine-aisle="17" data-soscuisine-sip="3938537"><i class="fa fa-cart-plus" title="Ajouter à ma liste d'épicerie"></i><div></div></div></td><td><img class="storeItemImage" itemprop="image" alt="carottes coupées (cocktail)" src="/media/images/store_item/756.jpg"></td><td>carottes coupées (cocktail)</td><td class="not_printable sorting_1">légumes</td><td><img style="width:50%;" src="/media/images/logos/marchands/7.png" alt="Intermarché (Saveurs intl.)"></td><td><span itemprop="price">1,00 $</span><span itemprop="eligibleQuantity" itemscope="" itemtype="http://schema.org/QuantitativeValue">/<span itemprop="unitText">340g (12oz)</span></span></td><td>2,94 $/kg</td><td style="display: none;">2020-02-26</td><td style="display: none;">USA</td><td style="display: none;">marque maison</td><td style="display: none;"></td><td style="display: none;"></td><td style="display: none;"></td><td style="display: none;"></td><td style="display: none;"></td><td style="display: none;"></td></tr><tr role="row" class="odd"><td tabindex="0"><i class="fa fa-thumbs-down"></i></td><td class=" not_printable"><div class="addToGL" data-soscuisine-aisle="17" data-soscuisine-sip="3938167"><i class="fa fa-cart-plus" title="Ajouter à ma liste d'épicerie"></i><div></div></div></td><td><img class="storeItemImage" itemprop="image" alt="carottes coupées (cocktail)" src="/media/images/store_item/756.jpg"></td><td>carottes coupées (cocktail)</td><td class="not_printable sorting_1">légumes</td><td><img style="width:50%;" src="/media/images/logos/marchands/2.png" alt="Provigo"></td><td><span itemprop="price">4,99 $</span><span itemprop="eligibleQuantity" itemscope="" itemtype="http://schema.org/QuantitativeValue">/<span itemprop="unitText">2lb (907g)</span></span></td><td>5,50 $/kg</td><td style="display: none;">2020-02-26</td><td style="display: none;">USA</td><td style="display: none;">marque maison</td><td style="display: none;"></td><td style="display: none;"></td><td style="display: none;"></td><td style="display: none;"></td><td style="display: none;"></td><td style="display: none;"></td></tr><tr role="row" class="even"><td tabindex="0"><i class="fa fa-thumbs-down"></i></td><td class=" not_printable"><div class="addToGL" data-soscuisine-aisle="17" data-soscuisine-sip="3939495"><i class="fa fa-cart-plus" title="Ajouter à ma liste d'épicerie"></i><div></div></div></td><td><img class="storeItemImage" itemprop="image" alt="carottes coupées (cocktail) BIO" src="/media/images/store_item/757.jpg"></td><td>carottes coupées (cocktail) BIO</td><td class="not_printable sorting_1">légumes</td><td><img style="width:50%;" src="/media/images/logos/marchands/3.png" alt="IGA"></td><td><span itemprop="price">5,00 $</span><span itemprop="eligibleQuantity" itemscope="" itemtype="http://schema.org/QuantitativeValue">/<span itemprop="value">2</span>x<span itemprop="unitText">340g (12oz)</span></span></td><td>7,35 $/kg</td><td style="display: none;">2020-02-26</td><td style="display: none;">USA</td><td style="display: none;">marque maison</td><td style="display: none;"></td><td style="display: none;"></td><td style="display: none;"></td><td style="display: none;"></td><td style="display: none;"></td><td style="display: none;"></td></tr><tr role="row" class="odd"><td tabindex="0"><i class="fa fa-thumbs-up"></i><i class="fa fa-thumbs-up"></i></td><td class=" not_printable"><div class="addToGL" data-soscuisine-aisle="17" data-soscuisine-sip="3937387"><i class="fa fa-cart-plus" title="Ajouter à ma liste d'épicerie"></i><div></div></div></td><td><img class="storeItemImage" itemprop="image" alt="carottes coupées (cocktail) BIO" src="/media/images/store_item/757.jpg"></td><td>carottes coupées (cocktail) BIO</td><td class="not_printable sorting_1">légumes</td><td><img style="width:50%;" src="/media/images/logos/marchands/95.png" alt="Marchés Tau"></td><td><span itemprop="price">1,99 $</span><span itemprop="eligibleQuantity" itemscope="" itemtype="http://schema.org/QuantitativeValue">/<span itemprop="unitText">454g (1lb)</span></span></td><td>4,39 $/kg</td><td style="display: none;">2020-03-29</td><td style="display: none;">USA</td><td style="display: none;"></td><td style="display: none;"></td><td style="display: none;"></td><td style="display: none;"></td><td style="display: none;"></td><td style="display: none;"></td><td style="display: none;"></td></tr><tr role="row" class="even"><td tabindex="0"><i class="fas fa-hand-rock"></i></td><td class=" not_printable"><div class="addToGL" data-soscuisine-aisle="17" data-soscuisine-sip="3937489"><i class="fa fa-cart-plus" title="Ajouter à ma liste d'épicerie"></i><div></div></div></td><td><img class="storeItemImage" alt="carottes Nantaises" src="/media/images/store_item/blank.jpg"></td><td>carottes Nantaises</td><td class="not_printable sorting_1">légumes</td><td><img style="width:50%;" src="/media/images/logos/marchands/6.png" alt="Maxi"></td><td><span itemprop="price">2,00 $</span><span itemprop="eligibleQuantity" itemscope="" itemtype="http://schema.org/QuantitativeValue">/<span itemprop="unitText">454g (1lb)</span></span></td><td>4,41 $/kg</td><td style="display: none;">2020-02-26</td><td style="display: none;">Mexique</td><td style="display: none;"></td><td style="display: none;"></td><td style="display: none;"></td><td style="display: none;"></td><td style="display: none;"></td><td style="display: none;"></td><td style="display: none;"><a class="recipeLink" href="/recipe_ingredient_search_results.php?query=(_QU5E__1__________1058__[]_1_1)&amp;sos_l=fr">Recettes avec carottes Nantaises</a></td></tr><tr role="row" class="odd"><td tabindex="0"><i class="fa fa-thumbs-up"></i><i class="fa fa-thumbs-up"></i></td><td class=" not_printable"><div class="addToGL" data-soscuisine-aisle="17" data-soscuisine-sip="3937589"><i class="fa fa-cart-plus" title="Ajouter à ma liste d'épicerie"></i><div></div></div></td><td><img class="storeItemImage" alt="carottes Nantaises" src="/media/images/store_item/blank.jpg"></td><td>carottes Nantaises</td><td class="not_printable sorting_1">légumes</td><td><img style="width:50%;" src="/media/images/logos/marchands/1.png" alt="Metro"></td><td><span itemprop="price">5,00 $</span><span itemprop="eligibleQuantity" itemscope="" itemtype="http://schema.org/QuantitativeValue">/<span itemprop="value">4</span>x<span itemprop="unitText">454g (1lb)</span></span></td><td>2,76 $/kg</td><td style="display: none;">2020-02-26</td><td style="display: none;">Mexique</td><td style="display: none;"></td><td style="display: none;"></td><td style="display: none;"></td><td style="display: none;"></td><td style="display: none;"></td><td style="display: none;"></td><td style="display: none;"><a class="recipeLink" href="/recipe_ingredient_search_results.php?query=(_QU5E__1__________1058__[]_1_1)&amp;sos_l=fr">Recettes avec carottes Nantaises</a></td></tr><tr role="row" class="even"><td tabindex="0"><i class="fa fa-thumbs-up"></i><i class="fa fa-thumbs-up"></i></td><td class=" not_printable"><div class="addToGL" data-soscuisine-aisle="17" data-soscuisine-sip="3938161"><i class="fa fa-cart-plus" title="Ajouter à ma liste d'épicerie"></i><div></div></div></td><td><img class="storeItemImage" alt="carottes Nantaises" src="/media/images/store_item/blank.jpg"></td><td>carottes Nantaises</td><td class="not_printable sorting_1">légumes</td><td><img style="width:50%;" src="/media/images/logos/marchands/2.png" alt="Provigo"></td><td><span itemprop="price">4,99 $</span><span itemprop="eligibleQuantity" itemscope="" itemtype="http://schema.org/QuantitativeValue">/<span itemprop="unitText">10lb (4,54kg)</span></span></td><td>1,10 $/kg</td><td style="display: none;">2020-02-26</td><td style="display: none;">Québec</td><td style="display: none;"></td><td style="display: none;"></td><td style="display: none;"></td><td style="display: none;"></td><td style="display: none;"></td><td style="display: none;"></td><td style="display: none;"><a class="recipeLink" href="/recipe_ingredient_search_results.php?query=(_QU5E__1__________1058__[]_1_1)&amp;sos_l=fr">Recettes avec carottes Nantaises</a></td></tr><tr role="row" class="odd"><td tabindex="0"><i class="fas fa-hand-rock"></i></td><td class=" not_printable"><div class="addToGL" data-soscuisine-aisle="17" data-soscuisine-sip="3940469"><i class="fa fa-cart-plus" title="Ajouter à ma liste d'épicerie"></i><div></div></div></td><td><img class="storeItemImage" alt="carottes Nantaises" src="/media/images/store_item/blank.jpg"></td><td>carottes Nantaises</td><td class="not_printable sorting_1">légumes</td><td><img style="width:50%;" src="/media/images/logos/marchands/5.png" alt="Super C"></td><td><span itemprop="price">1,99 $</span><span itemprop="eligibleQuantity" itemscope="" itemtype="http://schema.org/QuantitativeValue">/<span itemprop="unitText">454g (1lb)</span></span></td><td>4,39 $/kg</td><td style="display: none;">2020-02-26</td><td style="display: none;">Mexique</td><td style="display: none;"></td><td style="display: none;"></td><td style="display: none;"></td><td style="display: none;"></td><td style="display: none;"></td><td style="display: none;"></td><td style="display: none;"><a class="recipeLink" href="/recipe_ingredient_search_results.php?query=(_QU5E__1__________1058__[]_1_1)&amp;sos_l=fr">Recettes avec carottes Nantaises</a></td></tr><tr role="row" class="even"><td tabindex="0"><i class="fa fa-thumbs-up"></i></td><td class=" not_printable"><div class="addToGL" data-soscuisine-aisle="17" data-soscuisine-sip="3938943"><i class="fa fa-cart-plus" title="Ajouter à ma liste d'épicerie"></i><div></div></div></td><td><img class="storeItemImage" itemprop="image" alt="céleri" src="/media/images/store_item/96.jpg"></td><td>céleri</td><td class="not_printable sorting_1">légumes</td><td><img style="width:50%;" src="/media/images/logos/marchands/3.png" alt="IGA"></td><td><span itemprop="price">3,99 $</span><span itemprop="eligibleQuantity" itemscope="" itemtype="http://schema.org/QuantitativeValue">/<span itemprop="value">3</span></span></td><td>1,58 $/kg</td><td style="display: none;">2020-02-26</td><td style="display: none;">USA</td><td style="display: none;"></td><td style="display: none;">gr.24</td><td style="display: none;"></td><td style="display: none;"></td><td style="display: none;"></td><td style="display: none;">ou Espagne</td><td style="display: none;"><a class="recipeLink" href="/recipe_ingredient_search_results.php?query=(_QU5E__1__________96__[]_1_1)&amp;sos_l=fr">Recettes avec céleri</a></td></tr><tr role="row" class="odd"><td tabindex="0"><i class="fas fa-circle"></i></td><td class=" not_printable"><div class="addToGL" data-soscuisine-aisle="17" data-soscuisine-sip="3942059"><i class="fa fa-cart-plus" title="Ajouter à ma liste d'épicerie"></i><div></div></div></td><td><img class="storeItemImage" itemprop="image" alt="céleri" src="/media/images/store_item/96.jpg"></td><td>céleri</td><td class="not_printable sorting_1">légumes</td><td><img style="width:50%;" src="/media/images/logos/marchands/13.png" alt="Jardin Mobile"></td><td><span itemprop="price">3,00 $</span><span itemprop="eligibleQuantity" itemscope="" itemtype="http://schema.org/QuantitativeValue">/<span itemprop="value">2</span></span></td><td>N/A</td><td style="display: none;">2020-02-26</td><td style="display: none;">USA</td><td style="display: none;"></td><td style="display: none;">gr. n.d.</td><td style="display: none;"></td><td style="display: none;"></td><td style="display: none;"></td><td style="display: none;"></td><td style="display: none;"><a class="recipeLink" href="/recipe_ingredient_search_results.php?query=(_QU5E__1__________96__[]_1_1)&amp;sos_l=fr">Recettes avec céleri</a></td></tr><tr role="row" class="even"><td tabindex="0"><i class="fas fa-hand-rock"></i></td><td class=" not_printable"><div class="addToGL" data-soscuisine-aisle="17" data-soscuisine-sip="3937585"><i class="fa fa-cart-plus" title="Ajouter à ma liste d'épicerie"></i><div></div></div></td><td><img class="storeItemImage" itemprop="image" alt="céleri" src="/media/images/store_item/96.jpg"></td><td>céleri</td><td class="not_printable sorting_1">légumes</td><td><img style="width:50%;" src="/media/images/logos/marchands/1.png" alt="Metro"></td><td><span itemprop="price">5,00 $</span><span itemprop="eligibleQuantity" itemscope="" itemtype="http://schema.org/QuantitativeValue">/<span itemprop="value">4</span></span></td><td>1,86 $/kg</td><td style="display: none;">2020-02-26</td><td style="display: none;">USA</td><td style="display: none;"></td><td style="display: none;">gr.30</td><td style="display: none;"></td><td style="display: none;"></td><td style="display: none;"></td><td style="display: none;">ou Mexique</td><td style="display: none;"><a class="recipeLink" href="/recipe_ingredient_search_results.php?query=(_QU5E__1__________96__[]_1_1)&amp;sos_l=fr">Recettes avec céleri</a></td></tr><tr role="row" class="odd"><td tabindex="0"><i class="fas fa-circle"></i></td><td class=" not_printable"><div class="addToGL" data-soscuisine-aisle="17" data-soscuisine-sip="3939041"><i class="fa fa-cart-plus" title="Ajouter à ma liste d'épicerie"></i><div></div></div></td><td><img class="storeItemImage" itemprop="image" alt="céleri" src="/media/images/store_item/96.jpg"></td><td>céleri</td><td class="not_printable sorting_1">légumes</td><td><img style="width:50%;" src="/media/images/logos/marchands/64.png" alt="Mourelatos"></td><td><span itemprop="price">0,99 $</span><span itemprop="eligibleQuantity" itemscope="" itemtype="http://schema.org/QuantitativeValue"> ch.</span></td><td>N/A</td><td style="display: none;">2020-02-25</td><td style="display: none;"></td><td style="display: none;"></td><td style="display: none;">gr. n.d.</td><td style="display: none;"></td><td style="display: none;"></td><td style="display: none;"></td><td style="display: none;"></td><td style="display: none;"><a class="recipeLink" href="/recipe_ingredient_search_results.php?query=(_QU5E__1__________96__[]_1_1)&amp;sos_l=fr">Recettes avec céleri</a></td></tr><tr role="row" class="even"><td tabindex="0"><i class="fas fa-circle"></i></td><td class=" not_printable"><div class="addToGL" data-soscuisine-aisle="17" data-soscuisine-sip="3936043"><i class="fa fa-cart-plus" title="Ajouter à ma liste d'épicerie"></i><div></div></div></td><td><img class="storeItemImage" itemprop="image" alt="céleri" src="/media/images/store_item/96.jpg"></td><td>céleri</td><td class="not_printable sorting_1">légumes</td><td><img style="width:50%;" src="/media/images/logos/marchands/62.png" alt="Supermarché PA"></td><td><span itemprop="price">0,99 $</span><span itemprop="eligibleQuantity" itemscope="" itemtype="http://schema.org/QuantitativeValue"> ch.</span></td><td>N/A</td><td style="display: none;">2020-02-23</td><td style="display: none;"></td><td style="display: none;"></td><td style="display: none;">gr. n.d.</td><td style="display: none;"></td><td style="display: none;"></td><td style="display: none;"></td><td style="display: none;"></td><td style="display: none;"><a class="recipeLink" href="/recipe_ingredient_search_results.php?query=(_QU5E__1__________96__[]_1_1)&amp;sos_l=fr">Recettes avec céleri</a></td></tr><tr role="row" class="odd"><td tabindex="0"><i class="fa fa-thumbs-up"></i><i class="fa fa-thumbs-up"></i></td><td class=" not_printable"><div class="addToGL" data-soscuisine-aisle="17" data-soscuisine-sip="3938945"><i class="fa fa-cart-plus" title="Ajouter à ma liste d'épicerie"></i><div></div></div></td><td><img class="storeItemImage" itemprop="image" alt="céleri BIO" src="/media/images/store_item/689.jpg"></td><td>céleri BIO</td><td class="not_printable sorting_1">légumes</td><td><img style="width:50%;" src="/media/images/logos/marchands/3.png" alt="IGA"></td><td><span itemprop="price">3,99 $</span><span itemprop="eligibleQuantity" itemscope="" itemtype="http://schema.org/QuantitativeValue">/<span itemprop="value">3</span></span></td><td>1,58 $/kg</td><td style="display: none;">2020-02-26</td><td style="display: none;">USA</td><td style="display: none;"></td><td style="display: none;">gr.24</td><td style="display: none;"></td><td style="display: none;"></td><td style="display: none;"></td><td style="display: none;">ou Espagne</td><td style="display: none;"><a class="recipeLink" href="/recipe_ingredient_search_results.php?query=(_QU5E__1__________689__[]_1_1)&amp;sos_l=fr">Recettes avec céleri BIO</a></td></tr><tr role="row" class="even"><td tabindex="0"><i class="fas fa-circle"></i></td><td class=" not_printable"><div class="addToGL" data-soscuisine-aisle="17" data-soscuisine-sip="3938779"><i class="fa fa-cart-plus" title="Ajouter à ma liste d'épicerie"></i><div></div></div></td><td><img class="storeItemImage" itemprop="image" alt="céleri BIO" src="/media/images/store_item/689.jpg"></td><td>céleri BIO</td><td class="not_printable sorting_1">légumes</td><td><img style="width:50%;" src="/media/images/logos/marchands/93.png" alt="Rachelle Béry"></td><td><span itemprop="price">2,98 $</span><span itemprop="eligibleQuantity" itemscope="" itemtype="http://schema.org/QuantitativeValue">/<span itemprop="value">2</span></span></td><td>N/A</td><td style="display: none;">2020-03-04</td><td style="display: none;">USA</td><td style="display: none;"></td><td style="display: none;">gr. n.d.</td><td style="display: none;"></td><td style="display: none;"></td><td style="display: none;"></td><td style="display: none;">ou Mexique</td><td style="display: none;"><a class="recipeLink" href="/recipe_ingredient_search_results.php?query=(_QU5E__1__________689__[]_1_1)&amp;sos_l=fr">Recettes avec céleri BIO</a></td></tr><tr role="row" class="odd"><td tabindex="0"><i class="fas fa-exclamation"></i></td><td class=" not_printable"><div class="addToGL" data-soscuisine-aisle="17" data-soscuisine-sip="3940457"><i class="fa fa-cart-plus" title="Ajouter à ma liste d'épicerie"></i><div></div></div></td><td><img class="storeItemImage" alt="céleri-rave" src="/media/images/store_item/blank.jpg"></td><td>céleri-rave</td><td class="not_printable sorting_1">légumes</td><td><img style="width:50%;" src="/media/images/logos/marchands/5.png" alt="Super C"></td><td><span itemprop="price">0,99 $</span><span itemprop="eligibleQuantity" itemscope="" itemtype="http://schema.org/QuantitativeValue">/<span itemprop="unitText">lb</span></span></td><td>2,18 $/kg</td><td style="display: none;">2020-02-26</td><td style="display: none;">Québec</td><td style="display: none;"></td><td style="display: none;"></td><td style="display: none;"></td><td style="display: none;"></td><td style="display: none;"></td><td style="display: none;"></td><td style="display: none;"><a class="recipeLink" href="/recipe_ingredient_search_results.php?query=(_QU5E__1__________95__[]_1_1)&amp;sos_l=fr">Recettes avec céleri-rave</a></td></tr><tr role="row" class="even"><td tabindex="0"><i class="fa fa-thumbs-up"></i><i class="fa fa-thumbs-up"></i></td><td class=" not_printable"><div class="addToGL" data-soscuisine-aisle="17" data-soscuisine-sip="3937271"><i class="fa fa-cart-plus" title="Ajouter à ma liste d'épicerie"></i><div></div></div></td><td><img class="storeItemImage" itemprop="image" alt="champignons de Paris" src="/media/images/store_item/98.jpg"></td><td>champignons de Paris</td><td class="not_printable sorting_1">légumes</td><td><img style="width:50%;" src="/media/images/logos/marchands/75.png" alt="Fruiterie 440"></td><td><span itemprop="price">0,99 $</span><span itemprop="eligibleQuantity" itemscope="" itemtype="http://schema.org/QuantitativeValue">/<span itemprop="unitText">227g (8oz)</span></span></td><td>4,36 $/kg</td><td style="display: none;">2020-02-23</td><td style="display: none;">Canada</td><td style="display: none;"></td><td style="display: none;"></td><td style="display: none;"></td><td style="display: none;"></td><td style="display: none;"></td><td style="display: none;">valide du 17 au 20</td><td style="display: none;"><a class="recipeLink" href="/recipe_ingredient_search_results.php?query=(_QU5E__1__________98__[]_1_1)&amp;sos_l=fr">Recettes avec champignons de Paris</a></td></tr><tr role="row" class="odd"><td tabindex="0"><i class="fa fa-thumbs-up"></i></td><td class=" not_printable"><div class="addToGL" data-soscuisine-aisle="17" data-soscuisine-sip="3938937"><i class="fa fa-cart-plus" title="Ajouter à ma liste d'épicerie"></i><div></div></div></td><td><img class="storeItemImage" itemprop="image" alt="champignons de Paris" src="/media/images/store_item/98.jpg"></td><td>champignons de Paris</td><td class="not_printable sorting_1">légumes</td><td><img style="width:50%;" src="/media/images/logos/marchands/3.png" alt="IGA"></td><td><span itemprop="price">3,99 $</span><span itemprop="eligibleQuantity" itemscope="" itemtype="http://schema.org/QuantitativeValue">/<span itemprop="value">3</span>x<span itemprop="unitText">227g (8oz)</span></span></td><td>5,86 $/kg</td><td style="display: none;">2020-02-26</td><td style="display: none;">Canada</td><td style="display: none;"></td><td style="display: none;"></td><td style="display: none;">blancs, cafés</td><td style="display: none;"></td><td style="display: none;">entiers, tranchés</td><td style="display: none;"></td><td style="display: none;"><a class="recipeLink" href="/recipe_ingredient_search_results.php?query=(_QU5E__1__________98__[]_1_1)&amp;sos_l=fr">Recettes avec champignons de Paris</a></td></tr><tr role="row" class="even"><td tabindex="0"><i class="fa fa-thumbs-down"></i></td><td class=" not_printable"><div class="addToGL" data-soscuisine-aisle="17" data-soscuisine-sip="3937637"><i class="fa fa-cart-plus" title="Ajouter à ma liste d'épicerie"></i><div></div></div></td><td><img class="storeItemImage" itemprop="image" alt="champignons de Paris" src="/media/images/store_item/98.jpg"></td><td>champignons de Paris</td><td class="not_printable sorting_1">légumes</td><td><img style="width:50%;" src="/media/images/logos/marchands/1.png" alt="Metro"></td><td><span itemprop="price">5,00 $</span><span itemprop="eligibleQuantity" itemscope="" itemtype="http://schema.org/QuantitativeValue">/<span itemprop="value">2</span>x<span itemprop="unitText">227g (8oz)</span></span></td><td>11,01 $/kg</td><td style="display: none;">2020-02-26</td><td style="display: none;">Canada</td><td style="display: none;"></td><td style="display: none;"></td><td style="display: none;">café</td><td style="display: none;"></td><td style="display: none;">tranché</td><td style="display: none;"></td><td style="display: none;"><a class="recipeLink" href="/recipe_ingredient_search_results.php?query=(_QU5E__1__________98__[]_1_1)&amp;sos_l=fr">Recettes avec champignons de Paris</a></td></tr><tr role="row" class="odd"><td tabindex="0"><i class="fa fa-thumbs-down"></i></td><td class=" not_printable"><div class="addToGL" data-soscuisine-aisle="17" data-soscuisine-sip="3938141"><i class="fa fa-cart-plus" title="Ajouter à ma liste d'épicerie"></i><div></div></div></td><td><img class="storeItemImage" itemprop="image" alt="champignons de Paris BIO" src="/media/images/store_item/684.jpg"></td><td>champignons de Paris BIO</td><td class="not_printable sorting_1">légumes</td><td><img style="width:50%;" src="/media/images/logos/marchands/2.png" alt="Provigo"></td><td><span itemprop="price">5,00 $</span><span itemprop="eligibleQuantity" itemscope="" itemtype="http://schema.org/QuantitativeValue">/<span itemprop="value">2</span>x<span itemprop="unitText">227g (8oz)</span></span></td><td>11,01 $/kg</td><td style="display: none;">2020-02-26</td><td style="display: none;">Canada</td><td style="display: none;">marque maison</td><td style="display: none;"></td><td style="display: none;">blancs, cafés</td><td style="display: none;"></td><td style="display: none;"></td><td style="display: none;"></td><td style="display: none;"><a class="recipeLink" href="/recipe_ingredient_search_results.php?query=(_QU5E__1__________684__[]_1_1)&amp;sos_l=fr">Recettes avec champignons de Paris BIO</a></td></tr><tr role="row" class="even"><td tabindex="0"><i class="fa fa-thumbs-down"></i></td><td class=" not_printable"><div class="addToGL" data-soscuisine-aisle="17" data-soscuisine-sip="3938139"><i class="fa fa-cart-plus" title="Ajouter à ma liste d'épicerie"></i><div></div></div></td><td><img class="storeItemImage" itemprop="image" alt="champignons de Paris BIO" src="/media/images/store_item/684.jpg"></td><td>champignons de Paris BIO</td><td class="not_printable sorting_1">légumes</td><td><img style="width:50%;" src="/media/images/logos/marchands/2.png" alt="Provigo"></td><td><span itemprop="price">2,99 $</span><span itemprop="eligibleQuantity" itemscope="" itemtype="http://schema.org/QuantitativeValue">/<span itemprop="unitText">227g (8oz)</span></span></td><td>13,17 $/kg</td><td style="display: none;">2020-02-26</td><td style="display: none;">Canada</td><td style="display: none;">marque maison</td><td style="display: none;"></td><td style="display: none;">blancs, cafés</td><td style="display: none;"></td><td style="display: none;"></td><td style="display: none;"></td><td style="display: none;"><a class="recipeLink" href="/recipe_ingredient_search_results.php?query=(_QU5E__1__________684__[]_1_1)&amp;sos_l=fr">Recettes avec champignons de Paris BIO</a></td></tr><tr role="row" class="odd"><td tabindex="0"><i class="fa fa-thumbs-down"></i></td><td class=" not_printable"><div class="addToGL" data-soscuisine-aisle="17" data-soscuisine-sip="3940623"><i class="fa fa-cart-plus" title="Ajouter à ma liste d'épicerie"></i><div></div></div></td><td><img class="storeItemImage" itemprop="image" alt="champignons de Paris BIO" src="/media/images/store_item/684.jpg"></td><td>champignons de Paris BIO</td><td class="not_printable sorting_1">légumes</td><td><img style="width:50%;" src="/media/images/logos/marchands/11.png" alt="Tradition"></td><td><span itemprop="price">5,00 $</span><span itemprop="eligibleQuantity" itemscope="" itemtype="http://schema.org/QuantitativeValue">/<span itemprop="value">2</span>x<span itemprop="unitText">227g (8oz)</span></span></td><td>11,01 $/kg</td><td style="display: none;">2020-02-26</td><td style="display: none;">Canada</td><td style="display: none;">marque maison</td><td style="display: none;"></td><td style="display: none;">blancs, cafés</td><td style="display: none;"></td><td style="display: none;">entier(es)</td><td style="display: none;"></td><td style="display: none;"><a class="recipeLink" href="/recipe_ingredient_search_results.php?query=(_QU5E__1__________684__[]_1_1)&amp;sos_l=fr">Recettes avec champignons de Paris BIO</a></td></tr><tr role="row" class="even"><td tabindex="0"><i class="fa fa-thumbs-down"></i></td><td class=" not_printable"><div class="addToGL" data-soscuisine-aisle="17" data-soscuisine-sip="3939501"><i class="fa fa-cart-plus" title="Ajouter à ma liste d'épicerie"></i><div></div></div></td><td><img class="storeItemImage" itemprop="image" alt="champignons Portobello" src="/media/images/store_item/450.jpg"></td><td>champignons Portobello</td><td class="not_printable sorting_1">légumes</td><td><img style="width:50%;" src="/media/images/logos/marchands/3.png" alt="IGA"></td><td><span itemprop="price">4,49 $</span><span itemprop="eligibleQuantity" itemscope="" itemtype="http://schema.org/QuantitativeValue">/171g</span></td><td>26,26 $/kg</td><td style="display: none;">2020-02-26</td><td style="display: none;">Canada</td><td style="display: none;"></td><td style="display: none;"></td><td style="display: none;"></td><td style="display: none;"></td><td style="display: none;">entiers, tranchés</td><td style="display: none;"></td><td style="display: none;"><a class="recipeLink" href="/recipe_ingredient_search_results.php?query=(_QU5E__1__________450__[]_1_1)&amp;sos_l=fr">Recettes avec champignons Portobello</a></td></tr><tr role="row" class="odd"><td tabindex="0"><i class="fas fa-exclamation"></i></td><td class=" not_printable"><div class="addToGL" data-soscuisine-aisle="17" data-soscuisine-sip="3939507"><i class="fa fa-cart-plus" title="Ajouter à ma liste d'épicerie"></i><div></div></div></td><td><img class="storeItemImage" alt="champignons Portobello BIO" src="/media/images/store_item/blank.jpg"></td><td>champignons Portobello BIO</td><td class="not_printable sorting_1">légumes</td><td><img style="width:50%;" src="/media/images/logos/marchands/3.png" alt="IGA"></td><td><span itemprop="price">4,49 $</span><span itemprop="eligibleQuantity" itemscope="" itemtype="http://schema.org/QuantitativeValue">/171g</span></td><td>26,26 $/kg</td><td style="display: none;">2020-02-26</td><td style="display: none;">Canada</td><td style="display: none;"></td><td style="display: none;"></td><td style="display: none;"></td><td style="display: none;"></td><td style="display: none;"></td><td style="display: none;"></td><td style="display: none;"><a class="recipeLink" href="/recipe_ingredient_search_results.php?query=(_QU5E__1__________783__[]_1_1)&amp;sos_l=fr">Recettes avec champignons Portobello BIO</a></td></tr><tr role="row" class="even"><td tabindex="0"><i class="fas fa-exclamation"></i></td><td class=" not_printable"><div class="addToGL" data-soscuisine-aisle="17" data-soscuisine-sip="3939505"><i class="fa fa-cart-plus" title="Ajouter à ma liste d'épicerie"></i><div></div></div></td><td><img class="storeItemImage" alt="champignons shiitake" src="/media/images/store_item/blank.jpg"></td><td>champignons shiitake</td><td class="not_printable sorting_1">légumes</td><td><img style="width:50%;" src="/media/images/logos/marchands/3.png" alt="IGA"></td><td><span itemprop="price">4,49 $</span><span itemprop="eligibleQuantity" itemscope="" itemtype="http://schema.org/QuantitativeValue">/<span itemprop="unitText">113g (4oz)</span></span></td><td>39,73 $/kg</td><td style="display: none;">2020-02-26</td><td style="display: none;">Canada</td><td style="display: none;"></td><td style="display: none;"></td><td style="display: none;"></td><td style="display: none;"></td><td style="display: none;"></td><td style="display: none;"></td><td style="display: none;"><a class="recipeLink" href="/recipe_ingredient_search_results.php?query=(_QU5E__1__________417__[]_1_1)&amp;sos_l=fr">Recettes avec champignons shiitake</a></td></tr><tr role="row" class="odd"><td tabindex="0"><i class="fas fa-exclamation"></i></td><td class=" not_printable"><div class="addToGL" data-soscuisine-aisle="17" data-soscuisine-sip="3939511"><i class="fa fa-cart-plus" title="Ajouter à ma liste d'épicerie"></i><div></div></div></td><td><img class="storeItemImage" alt="champignons shiitake BIO" src="/media/images/store_item/blank.jpg"></td><td>champignons shiitake BIO</td><td class="not_printable sorting_1">légumes</td><td><img style="width:50%;" src="/media/images/logos/marchands/3.png" alt="IGA"></td><td><span itemprop="price">4,49 $</span><span itemprop="eligibleQuantity" itemscope="" itemtype="http://schema.org/QuantitativeValue">/<span itemprop="unitText">113g (4oz)</span></span></td><td>39,73 $/kg</td><td style="display: none;">2020-02-26</td><td style="display: none;">Canada</td><td style="display: none;"></td><td style="display: none;"></td><td style="display: none;"></td><td style="display: none;"></td><td style="display: none;"></td><td style="display: none;"></td><td style="display: none;"><a class="recipeLink" href="/recipe_ingredient_search_results.php?query=(_QU5E__1__________722__[]_1_1)&amp;sos_l=fr">Recettes avec champignons shiitake BIO</a></td></tr><tr role="row" class="even"><td tabindex="0"><i class="fas fa-circle"></i></td><td class=" not_printable"><div class="addToGL" data-soscuisine-aisle="17" data-soscuisine-sip="3939321"><i class="fa fa-cart-plus" title="Ajouter à ma liste d'épicerie"></i><div></div></div></td><td><img class="storeItemImage" alt="chou cavalier" src="/media/images/store_item/blank.jpg"></td><td>chou cavalier</td><td class="not_printable sorting_1">légumes</td><td><img style="width:50%;" src="/media/images/logos/marchands/3.png" alt="IGA"></td><td><span itemprop="price">6,00 $</span><span itemprop="eligibleQuantity" itemscope="" itemtype="http://schema.org/QuantitativeValue">/<span itemprop="value">2</span>x<span itemprop="unitText">botte</span></span></td><td>N/A</td><td style="display: none;">2020-02-26</td><td style="display: none;">USA</td><td style="display: none;"></td><td style="display: none;">gr. n.d.</td><td style="display: none;"></td><td style="display: none;"></td><td style="display: none;"></td><td style="display: none;">ou Mexique</td><td style="display: none;"><a class="recipeLink" href="/recipe_ingredient_search_results.php?query=(_QU5E__1__________1129__[]_1_1)&amp;sos_l=fr">Recettes avec chou cavalier</a></td></tr><tr role="row" class="odd"><td tabindex="0"><i class="fas fa-circle"></i></td><td class=" not_printable"><div class="addToGL" data-soscuisine-aisle="17" data-soscuisine-sip="3939327"><i class="fa fa-cart-plus" title="Ajouter à ma liste d'épicerie"></i><div></div></div></td><td><img class="storeItemImage" itemprop="image" alt="chou frisé/borécole" src="/media/images/store_item/124.jpg"></td><td>chou frisé/borécole</td><td class="not_printable sorting_1">légumes</td><td><img style="width:50%;" src="/media/images/logos/marchands/3.png" alt="IGA"></td><td><span itemprop="price">6,00 $</span><span itemprop="eligibleQuantity" itemscope="" itemtype="http://schema.org/QuantitativeValue">/<span itemprop="value">2</span>x<span itemprop="unitText">botte</span></span></td><td>N/A</td><td style="display: none;">2020-02-26</td><td style="display: none;">USA</td><td style="display: none;"></td><td style="display: none;">gr. n.d.</td><td style="display: none;"></td><td style="display: none;"></td><td style="display: none;"></td><td style="display: none;">ou Mexique</td><td style="display: none;"><a class="recipeLink" href="/recipe_ingredient_search_results.php?query=(_QU5E__1__________124__[]_1_1)&amp;sos_l=fr">Recettes avec chou frisé/borécole</a></td></tr><tr role="row" class="even"><td tabindex="0"><i class="fas fa-circle"></i></td><td class=" not_printable"><div class="addToGL" data-soscuisine-aisle="17" data-soscuisine-sip="3940513"><i class="fa fa-cart-plus" title="Ajouter à ma liste d'épicerie"></i><div></div></div></td><td><img class="storeItemImage" itemprop="image" alt="chou frisé/borécole" src="/media/images/store_item/124.jpg"></td><td>chou frisé/borécole</td><td class="not_printable sorting_1">légumes</td><td><img style="width:50%;" src="/media/images/logos/marchands/5.png" alt="Super C"></td><td><span itemprop="price">1,99 $</span><span itemprop="eligibleQuantity" itemscope="" itemtype="http://schema.org/QuantitativeValue">/<span itemprop="unitText">botte</span></span></td><td>N/A</td><td style="display: none;">2020-02-26</td><td style="display: none;">USA</td><td style="display: none;"></td><td style="display: none;">gr. n.d.</td><td style="display: none;"></td><td style="display: none;"></td><td style="display: none;"></td><td style="display: none;">ou Mexique</td><td style="display: none;"><a class="recipeLink" href="/recipe_ingredient_search_results.php?query=(_QU5E__1__________124__[]_1_1)&amp;sos_l=fr">Recettes avec chou frisé/borécole</a></td></tr><tr role="row" class="odd"><td tabindex="0"><i class="fa fa-thumbs-down"></i></td><td class=" not_printable"><div class="addToGL" data-soscuisine-aisle="17" data-soscuisine-sip="3939301"><i class="fa fa-cart-plus" title="Ajouter à ma liste d'épicerie"></i><div></div></div></td><td><img class="storeItemImage" itemprop="image" alt="chou-fleur" src="/media/images/store_item/123.jpg"></td><td>chou-fleur</td><td class="not_printable sorting_1">légumes</td><td><img style="width:50%;" src="/media/images/logos/marchands/3.png" alt="IGA"></td><td><span itemprop="price">3,99 $</span><span itemprop="eligibleQuantity" itemscope="" itemtype="http://schema.org/QuantitativeValue"> ch.</span></td><td>3,99 $/kg</td><td style="display: none;">2020-02-26</td><td style="display: none;">USA</td><td style="display: none;"></td><td style="display: none;">gr.12</td><td style="display: none;">blanc</td><td style="display: none;"></td><td style="display: none;"></td><td style="display: none;">ou Espagne</td><td style="display: none;"><a class="recipeLink" href="/recipe_ingredient_search_results.php?query=(_QU5E__1__________123__[]_1_1)&amp;sos_l=fr">Recettes avec chou-fleur</a></td></tr><tr role="row" class="even"><td tabindex="0"><i class="fas fa-circle"></i></td><td class=" not_printable"><div class="addToGL" data-soscuisine-aisle="17" data-soscuisine-sip="3938571"><i class="fa fa-cart-plus" title="Ajouter à ma liste d'épicerie"></i><div></div></div></td><td><img class="storeItemImage" itemprop="image" alt="chou-fleur" src="/media/images/store_item/123.jpg"></td><td>chou-fleur</td><td class="not_printable sorting_1">légumes</td><td><img style="width:50%;" src="/media/images/logos/marchands/69.png" alt="Intermarché (Provincial)"></td><td><span itemprop="price">2,50 $</span><span itemprop="eligibleQuantity" itemscope="" itemtype="http://schema.org/QuantitativeValue"> ch.</span></td><td>N/A</td><td style="display: none;">2020-02-26</td><td style="display: none;">USA</td><td style="display: none;"></td><td style="display: none;">gr. n.d.</td><td style="display: none;">blanc</td><td style="display: none;"></td><td style="display: none;"></td><td style="display: none;"></td><td style="display: none;"><a class="recipeLink" href="/recipe_ingredient_search_results.php?query=(_QU5E__1__________123__[]_1_1)&amp;sos_l=fr">Recettes avec chou-fleur</a></td></tr><tr role="row" class="odd"><td tabindex="0"><i class="fas fa-circle"></i></td><td class=" not_printable"><div class="addToGL" data-soscuisine-aisle="17" data-soscuisine-sip="3942025"><i class="fa fa-cart-plus" title="Ajouter à ma liste d'épicerie"></i><div></div></div></td><td><img class="storeItemImage" itemprop="image" alt="chou-fleur" src="/media/images/store_item/123.jpg"></td><td>chou-fleur</td><td class="not_printable sorting_1">légumes</td><td><img style="width:50%;" src="/media/images/logos/marchands/13.png" alt="Jardin Mobile"></td><td><span itemprop="price">5,00 $</span><span itemprop="eligibleQuantity" itemscope="" itemtype="http://schema.org/QuantitativeValue">/<span itemprop="value">2</span></span></td><td>N/A</td><td style="display: none;">2020-02-26</td><td style="display: none;">USA</td><td style="display: none;"></td><td style="display: none;">gr. n.d.</td><td style="display: none;"></td><td style="display: none;"></td><td style="display: none;"></td><td style="display: none;"></td><td style="display: none;"><a class="recipeLink" href="/recipe_ingredient_search_results.php?query=(_QU5E__1__________123__[]_1_1)&amp;sos_l=fr">Recettes avec chou-fleur</a></td></tr><tr role="row" class="even"><td tabindex="0"><i class="fas fa-hand-rock"></i></td><td class=" not_printable"><div class="addToGL" data-soscuisine-aisle="17" data-soscuisine-sip="3939197"><i class="fa fa-cart-plus" title="Ajouter à ma liste d'épicerie"></i><div></div></div></td><td><img class="storeItemImage" itemprop="image" alt="chou-fleur" src="/media/images/store_item/123.jpg"></td><td>chou-fleur</td><td class="not_printable sorting_1">légumes</td><td><img style="width:50%;" src="/media/images/logos/marchands/63.png" alt="Marché Adonis"></td><td><span itemprop="price">2,99 $</span><span itemprop="eligibleQuantity" itemscope="" itemtype="http://schema.org/QuantitativeValue"> ch.</span></td><td>2,99 $/kg</td><td style="display: none;">2020-02-26</td><td style="display: none;">USA</td><td style="display: none;"></td><td style="display: none;">gr.12</td><td style="display: none;">blanc</td><td style="display: none;"></td><td style="display: none;"></td><td style="display: none;"></td><td style="display: none;"><a class="recipeLink" href="/recipe_ingredient_search_results.php?query=(_QU5E__1__________123__[]_1_1)&amp;sos_l=fr">Recettes avec chou-fleur</a></td></tr><tr role="row" class="odd"><td tabindex="0"><i class="fas fa-circle"></i></td><td class=" not_printable"><div class="addToGL" data-soscuisine-aisle="17" data-soscuisine-sip="3938007"><i class="fa fa-cart-plus" title="Ajouter à ma liste d'épicerie"></i><div></div></div></td><td><img class="storeItemImage" itemprop="image" alt="chou-fleur" src="/media/images/store_item/123.jpg"></td><td>chou-fleur</td><td class="not_printable sorting_1">légumes</td><td><img style="width:50%;" src="/media/images/logos/marchands/2.png" alt="Provigo"></td><td><span itemprop="price">5,00 $</span><span itemprop="eligibleQuantity" itemscope="" itemtype="http://schema.org/QuantitativeValue">/<span itemprop="value">2</span></span></td><td>N/A</td><td style="display: none;">2020-02-26</td><td style="display: none;">USA</td><td style="display: none;"></td><td style="display: none;">gr. n.d.</td><td style="display: none;"></td><td style="display: none;"></td><td style="display: none;"></td><td style="display: none;">ou Mexique</td><td style="display: none;"><a class="recipeLink" href="/recipe_ingredient_search_results.php?query=(_QU5E__1__________123__[]_1_1)&amp;sos_l=fr">Recettes avec chou-fleur</a></td></tr><tr role="row" class="even"><td tabindex="0"><i class="fas fa-circle"></i></td><td class=" not_printable"><div class="addToGL" data-soscuisine-aisle="17" data-soscuisine-sip="3938003"><i class="fa fa-cart-plus" title="Ajouter à ma liste d'épicerie"></i><div></div></div></td><td><img class="storeItemImage" itemprop="image" alt="chou-fleur" src="/media/images/store_item/123.jpg"></td><td>chou-fleur</td><td class="not_printable sorting_1">légumes</td><td><img style="width:50%;" src="/media/images/logos/marchands/2.png" alt="Provigo"></td><td><span itemprop="price">2,99 $</span><span itemprop="eligibleQuantity" itemscope="" itemtype="http://schema.org/QuantitativeValue"> ch.</span></td><td>N/A</td><td style="display: none;">2020-02-26</td><td style="display: none;">USA</td><td style="display: none;"></td><td style="display: none;">gr. n.d.</td><td style="display: none;"></td><td style="display: none;"></td><td style="display: none;"></td><td style="display: none;">ou Mexique</td><td style="display: none;"><a class="recipeLink" href="/recipe_ingredient_search_results.php?query=(_QU5E__1__________123__[]_1_1)&amp;sos_l=fr">Recettes avec chou-fleur</a></td></tr><tr role="row" class="odd"><td tabindex="0"><i class="fa fa-thumbs-down"></i></td><td class=" not_printable"><div class="addToGL" data-soscuisine-aisle="17" data-soscuisine-sip="3940899"><i class="fa fa-cart-plus" title="Ajouter à ma liste d'épicerie"></i><div></div></div></td><td><img class="storeItemImage" itemprop="image" alt="chou-fleur" src="/media/images/store_item/123.jpg"></td><td>chou-fleur</td><td class="not_printable sorting_1">légumes</td><td><img style="width:50%;" src="/media/images/logos/marchands/12.png" alt="Richelieu"></td><td><span itemprop="price">3,99 $</span><span itemprop="eligibleQuantity" itemscope="" itemtype="http://schema.org/QuantitativeValue"> ch.</span></td><td>3,99 $/kg</td><td style="display: none;">2020-02-26</td><td style="display: none;">USA</td><td style="display: none;"></td><td style="display: none;">gr.12</td><td style="display: none;"></td><td style="display: none;"></td><td style="display: none;"></td><td style="display: none;"></td><td style="display: none;"><a class="recipeLink" href="/recipe_ingredient_search_results.php?query=(_QU5E__1__________123__[]_1_1)&amp;sos_l=fr">Recettes avec chou-fleur</a></td></tr><tr role="row" class="even"><td tabindex="0"><i class="fa fa-thumbs-down"></i></td><td class=" not_printable"><div class="addToGL" data-soscuisine-aisle="17" data-soscuisine-sip="3939309"><i class="fa fa-cart-plus" title="Ajouter à ma liste d'épicerie"></i><div></div></div></td><td><img class="storeItemImage" itemprop="image" alt="chou-fleur BIO" src="/media/images/store_item/711.jpg"></td><td>chou-fleur BIO</td><td class="not_printable sorting_1">légumes</td><td><img style="width:50%;" src="/media/images/logos/marchands/3.png" alt="IGA"></td><td><span itemprop="price">4,49 $</span><span itemprop="eligibleQuantity" itemscope="" itemtype="http://schema.org/QuantitativeValue"> ch.</span></td><td>4,49 $/kg</td><td style="display: none;">2020-02-26</td><td style="display: none;">USA</td><td style="display: none;"></td><td style="display: none;">gr.12</td><td style="display: none;">blanc</td><td style="display: none;"></td><td style="display: none;"></td><td style="display: none;">ou Espagne</td><td style="display: none;"><a class="recipeLink" href="/recipe_ingredient_search_results.php?query=(_QU5E__1__________711__[]_1_1)&amp;sos_l=fr">Recettes avec chou-fleur BIO</a></td></tr><tr role="row" class="odd"><td tabindex="0"><i class="fa fa-thumbs-up"></i><i class="fa fa-thumbs-up"></i></td><td class=" not_printable"><div class="addToGL" data-soscuisine-aisle="17" data-soscuisine-sip="3938751"><i class="fa fa-cart-plus" title="Ajouter à ma liste d'épicerie"></i><div></div></div></td><td><img class="storeItemImage" itemprop="image" alt="chou-fleur BIO" src="/media/images/store_item/711.jpg"></td><td>chou-fleur BIO</td><td class="not_printable sorting_1">légumes</td><td><img style="width:50%;" src="/media/images/logos/marchands/93.png" alt="Rachelle Béry"></td><td><span itemprop="price">2,49 $</span><span itemprop="eligibleQuantity" itemscope="" itemtype="http://schema.org/QuantitativeValue"> ch.</span></td><td>2,49 $/kg</td><td style="display: none;">2020-03-04</td><td style="display: none;">USA</td><td style="display: none;"></td><td style="display: none;">gr.12</td><td style="display: none;">blanc</td><td style="display: none;"></td><td style="display: none;"></td><td style="display: none;"></td><td style="display: none;"><a class="recipeLink" href="/recipe_ingredient_search_results.php?query=(_QU5E__1__________711__[]_1_1)&amp;sos_l=fr">Recettes avec chou-fleur BIO</a></td></tr><tr role="row" class="even"><td tabindex="0"><i class="fa fa-thumbs-up"></i><i class="fa fa-thumbs-up"></i></td><td class=" not_printable"><div class="addToGL" data-soscuisine-aisle="17" data-soscuisine-sip="3942089"><i class="fa fa-cart-plus" title="Ajouter à ma liste d'épicerie"></i><div></div></div></td><td><img class="storeItemImage" itemprop="image" alt="choux de Bruxelles" src="/media/images/store_item/122.jpg"></td><td>choux de Bruxelles</td><td class="not_printable sorting_1">légumes</td><td><img style="width:50%;" src="/media/images/logos/marchands/13.png" alt="Jardin Mobile"></td><td><span itemprop="price">1,99 $</span><span itemprop="eligibleQuantity" itemscope="" itemtype="http://schema.org/QuantitativeValue">/<span itemprop="unitText">lb</span></span></td><td>4,39 $/kg</td><td style="display: none;">2020-02-26</td><td style="display: none;">USA</td><td style="display: none;"></td><td style="display: none;"></td><td style="display: none;"></td><td style="display: none;"></td><td style="display: none;"></td><td style="display: none;"></td><td style="display: none;"><a class="recipeLink" href="/recipe_ingredient_search_results.php?query=(_QU5E__1__________122__[]_1_1)&amp;sos_l=fr">Recettes avec choux de Bruxelles</a></td></tr><tr role="row" class="odd"><td tabindex="0"><i class="fas fa-hand-rock"></i></td><td class=" not_printable"><div class="addToGL" data-soscuisine-aisle="17" data-soscuisine-sip="3937635"><i class="fa fa-cart-plus" title="Ajouter à ma liste d'épicerie"></i><div></div></div></td><td><img class="storeItemImage" itemprop="image" alt="choux de Bruxelles" src="/media/images/store_item/122.jpg"></td><td>choux de Bruxelles</td><td class="not_printable sorting_1">légumes</td><td><img style="width:50%;" src="/media/images/logos/marchands/1.png" alt="Metro"></td><td><span itemprop="price">2,99 $</span><span itemprop="eligibleQuantity" itemscope="" itemtype="http://schema.org/QuantitativeValue">/<span itemprop="unitText">lb</span></span></td><td>6,59 $/kg</td><td style="display: none;">2020-02-26</td><td style="display: none;">USA</td><td style="display: none;"></td><td style="display: none;"></td><td style="display: none;"></td><td style="display: none;"></td><td style="display: none;"></td><td style="display: none;">ou Belgique</td><td style="display: none;"><a class="recipeLink" href="/recipe_ingredient_search_results.php?query=(_QU5E__1__________122__[]_1_1)&amp;sos_l=fr">Recettes avec choux de Bruxelles</a></td></tr><tr role="row" class="even"><td tabindex="0"><i class="fas fa-hand-rock"></i></td><td class=" not_printable"><div class="addToGL" data-soscuisine-aisle="17" data-soscuisine-sip="3940503"><i class="fa fa-cart-plus" title="Ajouter à ma liste d'épicerie"></i><div></div></div></td><td><img class="storeItemImage" itemprop="image" alt="choux de Bruxelles" src="/media/images/store_item/122.jpg"></td><td>choux de Bruxelles</td><td class="not_printable sorting_1">légumes</td><td><img style="width:50%;" src="/media/images/logos/marchands/5.png" alt="Super C"></td><td><span itemprop="price">2,99 $</span><span itemprop="eligibleQuantity" itemscope="" itemtype="http://schema.org/QuantitativeValue">/<span itemprop="unitText">lb</span></span></td><td>6,59 $/kg</td><td style="display: none;">2020-02-26</td><td style="display: none;">USA</td><td style="display: none;"></td><td style="display: none;"></td><td style="display: none;"></td><td style="display: none;"></td><td style="display: none;"></td><td style="display: none;">ou Mexique, Belgique</td><td style="display: none;"><a class="recipeLink" href="/recipe_ingredient_search_results.php?query=(_QU5E__1__________122__[]_1_1)&amp;sos_l=fr">Recettes avec choux de Bruxelles</a></td></tr><tr role="row" class="odd"><td tabindex="0"><i class="fas fa-hand-rock"></i></td><td class=" not_printable"><div class="addToGL" data-soscuisine-aisle="17" data-soscuisine-sip="3940915"><i class="fa fa-cart-plus" title="Ajouter à ma liste d'épicerie"></i><div></div></div></td><td><img class="storeItemImage" alt="choux verts" src="/media/images/store_item/blank.jpg"></td><td>choux verts</td><td class="not_printable sorting_1">légumes</td><td><img style="width:50%;" src="/media/images/logos/marchands/12.png" alt="Richelieu"></td><td><span itemprop="price">0,79 $</span><span itemprop="eligibleQuantity" itemscope="" itemtype="http://schema.org/QuantitativeValue">/<span itemprop="unitText">lb</span></span></td><td>1,74 $/kg</td><td style="display: none;">2020-02-26</td><td style="display: none;">Québec</td><td style="display: none;"></td><td style="display: none;"></td><td style="display: none;"></td><td style="display: none;"></td><td style="display: none;"></td><td style="display: none;"></td><td style="display: none;"><a class="recipeLink" href="/recipe_ingredient_search_results.php?query=(_QU5E__1__________543__[]_1_1)&amp;sos_l=fr">Recettes avec choux verts</a></td></tr><tr role="row" class="even"><td tabindex="0"><i class="fas fa-circle"></i></td><td class=" not_printable"><div class="addToGL" data-soscuisine-aisle="17" data-soscuisine-sip="3939339"><i class="fa fa-cart-plus" title="Ajouter à ma liste d'épicerie"></i><div></div></div></td><td><img class="storeItemImage" alt="choux-rave" src="/media/images/store_item/blank.jpg"></td><td>choux-rave</td><td class="not_printable sorting_1">légumes</td><td><img style="width:50%;" src="/media/images/logos/marchands/3.png" alt="IGA"></td><td><span itemprop="price">6,00 $</span><span itemprop="eligibleQuantity" itemscope="" itemtype="http://schema.org/QuantitativeValue">/<span itemprop="value">2</span>x<span itemprop="unitText">botte</span></span></td><td>N/A</td><td style="display: none;">2020-02-26</td><td style="display: none;">USA</td><td style="display: none;"></td><td style="display: none;">gr. n.d.</td><td style="display: none;"></td><td style="display: none;"></td><td style="display: none;"></td><td style="display: none;">ou Mexique</td><td style="display: none;"><a class="recipeLink" href="/recipe_ingredient_search_results.php?query=(_QU5E__1__________611__[]_1_1)&amp;sos_l=fr">Recettes avec choux-rave</a></td></tr><tr role="row" class="odd"><td tabindex="0"><i class="fa fa-thumbs-down"></i></td><td class=" not_printable"><div class="addToGL" data-soscuisine-aisle="17" data-soscuisine-sip="3939839"><i class="fa fa-cart-plus" title="Ajouter à ma liste d'épicerie"></i><div></div></div></td><td><img class="storeItemImage" itemprop="image" alt="concombres" src="/media/images/store_item/104.jpg"></td><td>concombres</td><td class="not_printable sorting_1">légumes</td><td><img style="width:50%;" src="/media/images/logos/marchands/10.png" alt="Bonichoix "></td><td><span itemprop="price">3,99 $</span><span itemprop="eligibleQuantity" itemscope="" itemtype="http://schema.org/QuantitativeValue">/<span itemprop="unitText">paq. de 6</span></span></td><td>9,50 $/kg</td><td style="display: none;">2020-02-26</td><td style="display: none;">Québec</td><td style="display: none;"></td><td style="display: none;">libanais/mini</td><td style="display: none;">sans pépins</td><td style="display: none;"></td><td style="display: none;"></td><td style="display: none;"></td><td style="display: none;"><a class="recipeLink" href="/recipe_ingredient_search_results.php?query=(_QU5E__1__________104__[]_1_1)&amp;sos_l=fr">Recettes avec concombres</a></td></tr><tr role="row" class="even"><td tabindex="0"><i class="fas fa-circle"></i></td><td class=" not_printable"><div class="addToGL" data-soscuisine-aisle="17" data-soscuisine-sip="3939249"><i class="fa fa-cart-plus" title="Ajouter à ma liste d'épicerie"></i><div></div></div></td><td><img class="storeItemImage" itemprop="image" alt="concombres" src="/media/images/store_item/104.jpg"></td><td>concombres</td><td class="not_printable sorting_1">légumes</td><td><img style="width:50%;" src="/media/images/logos/marchands/3.png" alt="IGA"></td><td><span itemprop="price">5,00 $</span><span itemprop="eligibleQuantity" itemscope="" itemtype="http://schema.org/QuantitativeValue">/<span itemprop="value">2</span></span></td><td>N/A</td><td style="display: none;">2020-02-26</td><td style="display: none;">Québec</td><td style="display: none;"></td><td style="display: none;">gr. n.d.</td><td style="display: none;">sans pépins</td><td style="display: none;"></td><td style="display: none;"></td><td style="display: none;"></td><td style="display: none;"><a class="recipeLink" href="/recipe_ingredient_search_results.php?query=(_QU5E__1__________104__[]_1_1)&amp;sos_l=fr">Recettes avec concombres</a></td></tr><tr role="row" class="odd"><td tabindex="0"><i class="fas fa-hand-rock"></i></td><td class=" not_printable"><div class="addToGL" data-soscuisine-aisle="17" data-soscuisine-sip="3937591"><i class="fa fa-cart-plus" title="Ajouter à ma liste d'épicerie"></i><div></div></div></td><td><img class="storeItemImage" itemprop="image" alt="concombres" src="/media/images/store_item/104.jpg"></td><td>concombres</td><td class="not_printable sorting_1">légumes</td><td><img style="width:50%;" src="/media/images/logos/marchands/1.png" alt="Metro"></td><td><span itemprop="price">5,00 $</span><span itemprop="eligibleQuantity" itemscope="" itemtype="http://schema.org/QuantitativeValue">/<span itemprop="value">4</span></span></td><td>4,17 $/kg</td><td style="display: none;">2020-02-26</td><td style="display: none;">Mexique</td><td style="display: none;"></td><td style="display: none;">anglais</td><td style="display: none;">sans pépins</td><td style="display: none;"></td><td style="display: none;"></td><td style="display: none;"></td><td style="display: none;"><a class="recipeLink" href="/recipe_ingredient_search_results.php?query=(_QU5E__1__________104__[]_1_1)&amp;sos_l=fr">Recettes avec concombres</a></td></tr><tr role="row" class="even"><td tabindex="0"><i class="fa fa-thumbs-down"></i></td><td class=" not_printable"><div class="addToGL" data-soscuisine-aisle="17" data-soscuisine-sip="3937671"><i class="fa fa-cart-plus" title="Ajouter à ma liste d'épicerie"></i><div></div></div></td><td><img class="storeItemImage" itemprop="image" alt="concombres" src="/media/images/store_item/104.jpg"></td><td>concombres</td><td class="not_printable sorting_1">légumes</td><td><img style="width:50%;" src="/media/images/logos/marchands/1.png" alt="Metro"></td><td><span itemprop="price">3,99 $</span><span itemprop="eligibleQuantity" itemscope="" itemtype="http://schema.org/QuantitativeValue">/<span itemprop="unitText">397g (14oz)</span></span></td><td>10,05 $/kg</td><td style="display: none;">2020-02-26</td><td style="display: none;">Canada</td><td style="display: none;"></td><td style="display: none;">libanais/mini</td><td style="display: none;"></td><td style="display: none;"></td><td style="display: none;"></td><td style="display: none;">ou Mexique</td><td style="display: none;"><a class="recipeLink" href="/recipe_ingredient_search_results.php?query=(_QU5E__1__________104__[]_1_1)&amp;sos_l=fr">Recettes avec concombres</a></td></tr><tr role="row" class="odd"><td tabindex="0"><i class="fa fa-thumbs-up"></i><i class="fa fa-thumbs-up"></i></td><td class=" not_printable"><div class="addToGL" data-soscuisine-aisle="17" data-soscuisine-sip="3938871"><i class="fa fa-cart-plus" title="Ajouter à ma liste d'épicerie"></i><div></div></div></td><td><img class="storeItemImage" itemprop="image" alt="concombres" src="/media/images/store_item/104.jpg"></td><td>concombres</td><td class="not_printable sorting_1">légumes</td><td><img style="width:50%;" src="/media/images/logos/marchands/64.png" alt="Mourelatos"></td><td><span itemprop="price">0,67 $</span><span itemprop="eligibleQuantity" itemscope="" itemtype="http://schema.org/QuantitativeValue"> ch.</span></td><td>2,23 $/kg</td><td style="display: none;">2020-02-25</td><td style="display: none;"></td><td style="display: none;"></td><td style="display: none;">anglais</td><td style="display: none;"></td><td style="display: none;"></td><td style="display: none;"></td><td style="display: none;"></td><td style="display: none;"><a class="recipeLink" href="/recipe_ingredient_search_results.php?query=(_QU5E__1__________104__[]_1_1)&amp;sos_l=fr">Recettes avec concombres</a></td></tr><tr role="row" class="even"><td tabindex="0"><i class="fa fa-thumbs-down"></i></td><td class=" not_printable"><div class="addToGL" data-soscuisine-aisle="17" data-soscuisine-sip="3938199"><i class="fa fa-cart-plus" title="Ajouter à ma liste d'épicerie"></i><div></div></div></td><td><img class="storeItemImage" itemprop="image" alt="concombres" src="/media/images/store_item/104.jpg"></td><td>concombres</td><td class="not_printable sorting_1">légumes</td><td><img style="width:50%;" src="/media/images/logos/marchands/2.png" alt="Provigo"></td><td><span itemprop="price">5,00 $</span><span itemprop="eligibleQuantity" itemscope="" itemtype="http://schema.org/QuantitativeValue">/<span itemprop="value">2</span></span></td><td>8,33 $/kg</td><td style="display: none;">2020-02-26</td><td style="display: none;">Canada</td><td style="display: none;"></td><td style="display: none;">anglais</td><td style="display: none;"></td><td style="display: none;"></td><td style="display: none;"></td><td style="display: none;"></td><td style="display: none;"><a class="recipeLink" href="/recipe_ingredient_search_results.php?query=(_QU5E__1__________104__[]_1_1)&amp;sos_l=fr">Recettes avec concombres</a></td></tr><tr role="row" class="odd"><td tabindex="0"><i class="fa fa-thumbs-down"></i></td><td class=" not_printable"><div class="addToGL" data-soscuisine-aisle="17" data-soscuisine-sip="3938197"><i class="fa fa-cart-plus" title="Ajouter à ma liste d'épicerie"></i><div></div></div></td><td><img class="storeItemImage" itemprop="image" alt="concombres" src="/media/images/store_item/104.jpg"></td><td>concombres</td><td class="not_printable sorting_1">légumes</td><td><img style="width:50%;" src="/media/images/logos/marchands/2.png" alt="Provigo"></td><td><span itemprop="price">2,79 $</span><span itemprop="eligibleQuantity" itemscope="" itemtype="http://schema.org/QuantitativeValue"> ch.</span></td><td>9,30 $/kg</td><td style="display: none;">2020-02-26</td><td style="display: none;">Canada</td><td style="display: none;"></td><td style="display: none;">anglais</td><td style="display: none;"></td><td style="display: none;"></td><td style="display: none;"></td><td style="display: none;"></td><td style="display: none;"><a class="recipeLink" href="/recipe_ingredient_search_results.php?query=(_QU5E__1__________104__[]_1_1)&amp;sos_l=fr">Recettes avec concombres</a></td></tr><tr role="row" class="even"><td tabindex="0"><i class="fa fa-thumbs-down"></i></td><td class=" not_printable"><div class="addToGL" data-soscuisine-aisle="17" data-soscuisine-sip="3940903"><i class="fa fa-cart-plus" title="Ajouter à ma liste d'épicerie"></i><div></div></div></td><td><img class="storeItemImage" itemprop="image" alt="concombres" src="/media/images/store_item/104.jpg"></td><td>concombres</td><td class="not_printable sorting_1">légumes</td><td><img style="width:50%;" src="/media/images/logos/marchands/12.png" alt="Richelieu"></td><td><span itemprop="price">3,99 $</span><span itemprop="eligibleQuantity" itemscope="" itemtype="http://schema.org/QuantitativeValue">/<span itemprop="unitText">397g (14oz)</span></span></td><td>10,05 $/kg</td><td style="display: none;">2020-02-26</td><td style="display: none;">Canada</td><td style="display: none;"></td><td style="display: none;">libanais/mini</td><td style="display: none;"></td><td style="display: none;"></td><td style="display: none;"></td><td style="display: none;"></td><td style="display: none;"><a class="recipeLink" href="/recipe_ingredient_search_results.php?query=(_QU5E__1__________104__[]_1_1)&amp;sos_l=fr">Recettes avec concombres</a></td></tr><tr role="row" class="odd"><td tabindex="0"><i class="fa fa-thumbs-down"></i></td><td class=" not_printable"><div class="addToGL" data-soscuisine-aisle="17" data-soscuisine-sip="3940499"><i class="fa fa-cart-plus" title="Ajouter à ma liste d'épicerie"></i><div></div></div></td><td><img class="storeItemImage" itemprop="image" alt="concombres" src="/media/images/store_item/104.jpg"></td><td>concombres</td><td class="not_printable sorting_1">légumes</td><td><img style="width:50%;" src="/media/images/logos/marchands/5.png" alt="Super C"></td><td><span itemprop="price">2,99 $</span><span itemprop="eligibleQuantity" itemscope="" itemtype="http://schema.org/QuantitativeValue">/<span itemprop="unitText">397g (14oz)</span></span></td><td>7,53 $/kg</td><td style="display: none;">2020-02-26</td><td style="display: none;">Canada</td><td style="display: none;"></td><td style="display: none;">libanais/mini</td><td style="display: none;"></td><td style="display: none;"></td><td style="display: none;"></td><td style="display: none;">ou Mexique</td><td style="display: none;"><a class="recipeLink" href="/recipe_ingredient_search_results.php?query=(_QU5E__1__________104__[]_1_1)&amp;sos_l=fr">Recettes avec concombres</a></td></tr><tr role="row" class="even"><td tabindex="0"><i class="fas fa-circle"></i></td><td class=" not_printable"><div class="addToGL" data-soscuisine-aisle="17" data-soscuisine-sip="3940497"><i class="fa fa-cart-plus" title="Ajouter à ma liste d'épicerie"></i><div></div></div></td><td><img class="storeItemImage" itemprop="image" alt="concombres" src="/media/images/store_item/104.jpg"></td><td>concombres</td><td class="not_printable sorting_1">légumes</td><td><img style="width:50%;" src="/media/images/logos/marchands/11.png" alt="Tradition"></td><td><span itemprop="price">3,00 $</span><span itemprop="eligibleQuantity" itemscope="" itemtype="http://schema.org/QuantitativeValue">/<span itemprop="value">2</span></span></td><td>N/A</td><td style="display: none;">2020-02-26</td><td style="display: none;">Québec</td><td style="display: none;"></td><td style="display: none;">gr. n.d.</td><td style="display: none;"></td><td style="display: none;"></td><td style="display: none;"></td><td style="display: none;"></td><td style="display: none;"><a class="recipeLink" href="/recipe_ingredient_search_results.php?query=(_QU5E__1__________104__[]_1_1)&amp;sos_l=fr">Recettes avec concombres</a></td></tr><tr role="row" class="odd"><td tabindex="0"><i class="fas fa-circle"></i></td><td class=" not_printable"><div class="addToGL" data-soscuisine-aisle="17" data-soscuisine-sip="3939257"><i class="fa fa-cart-plus" title="Ajouter à ma liste d'épicerie"></i><div></div></div></td><td><img class="storeItemImage" itemprop="image" alt="concombres BIO" src="/media/images/store_item/793.jpg"></td><td>concombres BIO</td><td class="not_printable sorting_1">légumes</td><td><img style="width:50%;" src="/media/images/logos/marchands/3.png" alt="IGA"></td><td><span itemprop="price">6,00 $</span><span itemprop="eligibleQuantity" itemscope="" itemtype="http://schema.org/QuantitativeValue">/<span itemprop="value">2</span></span></td><td>N/A</td><td style="display: none;">2020-02-26</td><td style="display: none;">Québec</td><td style="display: none;"></td><td style="display: none;">gr. n.d.</td><td style="display: none;">sans pépins</td><td style="display: none;"></td><td style="display: none;"></td><td style="display: none;">ou Espagne</td><td style="display: none;"><a class="recipeLink" href="/recipe_ingredient_search_results.php?query=(_QU5E__1__________793__[]_1_1)&amp;sos_l=fr">Recettes avec concombres BIO</a></td></tr><tr role="row" class="even"><td tabindex="0"><i class="fa fa-thumbs-down"></i></td><td class=" not_printable"><div class="addToGL" data-soscuisine-aisle="17" data-soscuisine-sip="3938637"><i class="fa fa-cart-plus" title="Ajouter à ma liste d'épicerie"></i><div></div></div></td><td><img class="storeItemImage" itemprop="image" alt="courgettes zucchini" src="/media/images/store_item/113.jpg"></td><td>courgettes zucchini</td><td class="not_printable sorting_1">légumes</td><td><img style="width:50%;" src="/media/images/logos/marchands/69.png" alt="Intermarché (Provincial)"></td><td><span itemprop="price">1,99 $</span><span itemprop="eligibleQuantity" itemscope="" itemtype="http://schema.org/QuantitativeValue">/<span itemprop="unitText">lb</span></span></td><td>4,39 $/kg</td><td style="display: none;">2020-02-26</td><td style="display: none;">Mexique</td><td style="display: none;"></td><td style="display: none;"></td><td style="display: none;"></td><td style="display: none;"></td><td style="display: none;"></td><td style="display: none;"></td><td style="display: none;"><a class="recipeLink" href="/recipe_ingredient_search_results.php?query=(_QU5E__1__________113__[]_1_1)&amp;sos_l=fr">Recettes avec courgettes zucchini</a></td></tr><tr role="row" class="odd"><td tabindex="0"><i class="fa fa-thumbs-down"></i></td><td class=" not_printable"><div class="addToGL" data-soscuisine-aisle="17" data-soscuisine-sip="3937493"><i class="fa fa-cart-plus" title="Ajouter à ma liste d'épicerie"></i><div></div></div></td><td><img class="storeItemImage" itemprop="image" alt="courgettes zucchini" src="/media/images/store_item/113.jpg"></td><td>courgettes zucchini</td><td class="not_printable sorting_1">légumes</td><td><img style="width:50%;" src="/media/images/logos/marchands/6.png" alt="Maxi"></td><td><span itemprop="price">2,00 $</span><span itemprop="eligibleQuantity" itemscope="" itemtype="http://schema.org/QuantitativeValue">/<span itemprop="unitText">lb</span></span></td><td>4,41 $/kg</td><td style="display: none;">2020-02-26</td><td style="display: none;">Mexique</td><td style="display: none;"></td><td style="display: none;"></td><td style="display: none;">vert</td><td style="display: none;"></td><td style="display: none;"></td><td style="display: none;"></td><td style="display: none;"><a class="recipeLink" href="/recipe_ingredient_search_results.php?query=(_QU5E__1__________113__[]_1_1)&amp;sos_l=fr">Recettes avec courgettes zucchini</a></td></tr><tr role="row" class="even"><td tabindex="0"><i class="fa fa-thumbs-down"></i></td><td class=" not_printable"><div class="addToGL" data-soscuisine-aisle="17" data-soscuisine-sip="3937653"><i class="fa fa-cart-plus" title="Ajouter à ma liste d'épicerie"></i><div></div></div></td><td><img class="storeItemImage" itemprop="image" alt="courgettes zucchini" src="/media/images/store_item/113.jpg"></td><td>courgettes zucchini</td><td class="not_printable sorting_1">légumes</td><td><img style="width:50%;" src="/media/images/logos/marchands/1.png" alt="Metro"></td><td><span itemprop="price">2,99 $</span><span itemprop="eligibleQuantity" itemscope="" itemtype="http://schema.org/QuantitativeValue">/<span itemprop="unitText">lb</span></span></td><td>6,59 $/kg</td><td style="display: none;">2020-02-26</td><td style="display: none;">Mexique</td><td style="display: none;"></td><td style="display: none;"></td><td style="display: none;"></td><td style="display: none;"></td><td style="display: none;"></td><td style="display: none;"></td><td style="display: none;"><a class="recipeLink" href="/recipe_ingredient_search_results.php?query=(_QU5E__1__________113__[]_1_1)&amp;sos_l=fr">Recettes avec courgettes zucchini</a></td></tr><tr role="row" class="odd"><td tabindex="0"><i class="fa fa-thumbs-down"></i></td><td class=" not_printable"><div class="addToGL" data-soscuisine-aisle="17" data-soscuisine-sip="3940613"><i class="fa fa-cart-plus" title="Ajouter à ma liste d'épicerie"></i><div></div></div></td><td><img class="storeItemImage" itemprop="image" alt="courgettes zucchini" src="/media/images/store_item/113.jpg"></td><td>courgettes zucchini</td><td class="not_printable sorting_1">légumes</td><td><img style="width:50%;" src="/media/images/logos/marchands/11.png" alt="Tradition"></td><td><span itemprop="price">2,99 $</span><span itemprop="eligibleQuantity" itemscope="" itemtype="http://schema.org/QuantitativeValue">/<span itemprop="unitText">lb</span></span></td><td>6,59 $/kg</td><td style="display: none;">2020-02-26</td><td style="display: none;">Mexique</td><td style="display: none;"></td><td style="display: none;"></td><td style="display: none;">vert</td><td style="display: none;"></td><td style="display: none;"></td><td style="display: none;"></td><td style="display: none;"><a class="recipeLink" href="/recipe_ingredient_search_results.php?query=(_QU5E__1__________113__[]_1_1)&amp;sos_l=fr">Recettes avec courgettes zucchini</a></td></tr><tr role="row" class="even"><td tabindex="0"><i class="fas fa-hand-rock"></i></td><td class=" not_printable"><div class="addToGL" data-soscuisine-aisle="17" data-soscuisine-sip="3939251"><i class="fa fa-cart-plus" title="Ajouter à ma liste d'épicerie"></i><div></div></div></td><td><img class="storeItemImage" alt="échalotes françaises" src="/media/images/store_item/blank.jpg"></td><td>échalotes françaises</td><td class="not_printable sorting_1">légumes</td><td><img style="width:50%;" src="/media/images/logos/marchands/3.png" alt="IGA"></td><td><span itemprop="price">5,00 $</span><span itemprop="eligibleQuantity" itemscope="" itemtype="http://schema.org/QuantitativeValue">/<span itemprop="value">2</span>x<span itemprop="unitText">350g</span></span></td><td>7,14 $/kg</td><td style="display: none;">2020-02-26</td><td style="display: none;">Québec</td><td style="display: none;"></td><td style="display: none;"></td><td style="display: none;"></td><td style="display: none;"></td><td style="display: none;"></td><td style="display: none;"></td><td style="display: none;"><a class="recipeLink" href="/recipe_ingredient_search_results.php?query=(_QU5E__1__________117__[]_1_1)&amp;sos_l=fr">Recettes avec échalotes françaises</a></td></tr><tr role="row" class="odd"><td tabindex="0"><i class="fas fa-exclamation"></i></td><td class=" not_printable"><div class="addToGL" data-soscuisine-aisle="17" data-soscuisine-sip="3939265"><i class="fa fa-cart-plus" title="Ajouter à ma liste d'épicerie"></i><div></div></div></td><td><img class="storeItemImage" alt="échalotes françaises BIO" src="/media/images/store_item/blank.jpg"></td><td>échalotes françaises BIO</td><td class="not_printable sorting_1">légumes</td><td><img style="width:50%;" src="/media/images/logos/marchands/3.png" alt="IGA"></td><td><span itemprop="price">3,99 $</span><span itemprop="eligibleQuantity" itemscope="" itemtype="http://schema.org/QuantitativeValue">/<span itemprop="unitText">150g</span></span></td><td>26,60 $/kg</td><td style="display: none;">2020-02-26</td><td style="display: none;">USA</td><td style="display: none;"></td><td style="display: none;"></td><td style="display: none;"></td><td style="display: none;"></td><td style="display: none;"></td><td style="display: none;"></td><td style="display: none;"><a class="recipeLink" href="/recipe_ingredient_search_results.php?query=(_QU5E__1__________740__[]_1_1)&amp;sos_l=fr">Recettes avec échalotes françaises BIO</a></td></tr><tr role="row" class="even"><td tabindex="0"><i class="fa fa-thumbs-down"></i></td><td class=" not_printable"><div class="addToGL" data-soscuisine-aisle="17" data-soscuisine-sip="3937955"><i class="fa fa-cart-plus" title="Ajouter à ma liste d'épicerie"></i><div></div></div></td><td><img class="storeItemImage" itemprop="image" alt="épinards" src="/media/images/store_item/121.jpg"></td><td>épinards</td><td class="not_printable sorting_1">légumes</td><td><img style="width:50%;" src="/media/images/logos/marchands/1.png" alt="Metro"></td><td><span itemprop="price">2,09 $</span><span itemprop="eligibleQuantity" itemscope="" itemtype="http://schema.org/QuantitativeValue">/171g</span></td><td>12,22 $/kg</td><td style="display: none;">2020-02-26</td><td style="display: none;">USA</td><td style="display: none;"></td><td style="display: none;"></td><td style="display: none;"></td><td style="display: none;"></td><td style="display: none;"></td><td style="display: none;">ou Mexique</td><td style="display: none;"><a class="recipeLink" href="/recipe_ingredient_search_results.php?query=(_QU5E__1__________121__[]_1_1)&amp;sos_l=fr">Recettes avec épinards</a></td></tr><tr role="row" class="odd"><td tabindex="0"><i class="fas fa-circle"></i></td><td class=" not_printable"><div class="addToGL" data-soscuisine-aisle="17" data-soscuisine-sip="3939045"><i class="fa fa-cart-plus" title="Ajouter à ma liste d'épicerie"></i><div></div></div></td><td><img class="storeItemImage" itemprop="image" alt="épinards" src="/media/images/store_item/121.jpg"></td><td>épinards</td><td class="not_printable sorting_1">légumes</td><td><img style="width:50%;" src="/media/images/logos/marchands/64.png" alt="Mourelatos"></td><td><span itemprop="price">0,99 $</span><span itemprop="eligibleQuantity" itemscope="" itemtype="http://schema.org/QuantitativeValue">/<span itemprop="unitText">botte</span></span></td><td>N/A</td><td style="display: none;">2020-02-25</td><td style="display: none;"></td><td style="display: none;"></td><td style="display: none;">standard</td><td style="display: none;"></td><td style="display: none;"></td><td style="display: none;"></td><td style="display: none;"></td><td style="display: none;"><a class="recipeLink" href="/recipe_ingredient_search_results.php?query=(_QU5E__1__________121__[]_1_1)&amp;sos_l=fr">Recettes avec épinards</a></td></tr><tr role="row" class="even"><td tabindex="0"><i class="fas fa-circle"></i></td><td class=" not_printable"><div class="addToGL" data-soscuisine-aisle="17" data-soscuisine-sip="3940521"><i class="fa fa-cart-plus" title="Ajouter à ma liste d'épicerie"></i><div></div></div></td><td><img class="storeItemImage" itemprop="image" alt="épinards" src="/media/images/store_item/121.jpg"></td><td>épinards</td><td class="not_printable sorting_1">légumes</td><td><img style="width:50%;" src="/media/images/logos/marchands/5.png" alt="Super C"></td><td><span itemprop="price">1,99 $</span><span itemprop="eligibleQuantity" itemscope="" itemtype="http://schema.org/QuantitativeValue">/<span itemprop="unitText">botte</span></span></td><td>N/A</td><td style="display: none;">2020-02-26</td><td style="display: none;">USA</td><td style="display: none;"></td><td style="display: none;">standard</td><td style="display: none;"></td><td style="display: none;"></td><td style="display: none;"></td><td style="display: none;">ou Mexique</td><td style="display: none;"><a class="recipeLink" href="/recipe_ingredient_search_results.php?query=(_QU5E__1__________121__[]_1_1)&amp;sos_l=fr">Recettes avec épinards</a></td></tr><tr role="row" class="odd"><td tabindex="0"><i class="fa fa-thumbs-up"></i><i class="fa fa-thumbs-up"></i></td><td class=" not_printable"><div class="addToGL" data-soscuisine-aisle="17" data-soscuisine-sip="3942069"><i class="fa fa-cart-plus" title="Ajouter à ma liste d'épicerie"></i><div></div></div></td><td><img class="storeItemImage" itemprop="image" alt="fèves germées de soja/haricot mungo" src="/media/images/store_item/103.jpg"></td><td>fèves germées de soja/haricot mungo</td><td class="not_printable sorting_1">légumes</td><td><img style="width:50%;" src="/media/images/logos/marchands/13.png" alt="Jardin Mobile"></td><td><span itemprop="price">0,99 $</span><span itemprop="eligibleQuantity" itemscope="" itemtype="http://schema.org/QuantitativeValue">/<span itemprop="unitText">lb</span></span></td><td>2,18 $/kg</td><td style="display: none;">2020-02-26</td><td style="display: none;">Québec</td><td style="display: none;"></td><td style="display: none;"></td><td style="display: none;"></td><td style="display: none;"></td><td style="display: none;"></td><td style="display: none;"></td><td style="display: none;"><a class="recipeLink" href="/recipe_ingredient_search_results.php?query=(_QU5E__1__________103__[]_1_1)&amp;sos_l=fr">Recettes avec fèves germées de soja/haricot mungo</a></td></tr><tr role="row" class="even"><td tabindex="0"><i class="fas fa-exclamation"></i></td><td class=" not_printable"><div class="addToGL" data-soscuisine-aisle="17" data-soscuisine-sip="3937703"><i class="fa fa-cart-plus" title="Ajouter à ma liste d'épicerie"></i><div></div></div></td><td><img class="storeItemImage" alt="germes de luzerne BIO" src="/media/images/store_item/blank.jpg"></td><td>germes de luzerne BIO</td><td class="not_printable sorting_1">légumes</td><td><img style="width:50%;" src="/media/images/logos/marchands/1.png" alt="Metro"></td><td><span itemprop="price">2,49 $</span><span itemprop="eligibleQuantity" itemscope="" itemtype="http://schema.org/QuantitativeValue">/<span itemprop="unitText">75g</span></span></td><td>33,20 $/kg</td><td style="display: none;">2020-02-26</td><td style="display: none;">Québec</td><td style="display: none;">Aquafuchsia</td><td style="display: none;"></td><td style="display: none;"></td><td style="display: none;"></td><td style="display: none;"></td><td style="display: none;"></td><td style="display: none;"><a class="recipeLink" href="/recipe_ingredient_search_results.php?query=(_QU5E__1__________832__[]_1_1)&amp;sos_l=fr">Recettes avec germes de luzerne BIO</a></td></tr><tr role="row" class="odd"><td tabindex="0"><i class="fas fa-hand-rock"></i></td><td class=" not_printable"><div class="addToGL" data-soscuisine-aisle="17" data-soscuisine-sip="3939851"><i class="fa fa-cart-plus" title="Ajouter à ma liste d'épicerie"></i><div></div></div></td><td><img class="storeItemImage" itemprop="image" alt="haricots verts/fèves vertes" src="/media/images/store_item/106.jpg"></td><td>haricots verts/fèves vertes</td><td class="not_printable sorting_1">légumes</td><td><img style="width:50%;" src="/media/images/logos/marchands/10.png" alt="Bonichoix "></td><td><span itemprop="price">2,99 $</span><span itemprop="eligibleQuantity" itemscope="" itemtype="http://schema.org/QuantitativeValue">/<span itemprop="unitText">lb</span></span></td><td>6,59 $/kg</td><td style="display: none;">2020-02-26</td><td style="display: none;">USA</td><td style="display: none;"></td><td style="display: none;"></td><td style="display: none;"></td><td style="display: none;"></td><td style="display: none;"></td><td style="display: none;"></td><td style="display: none;"><a class="recipeLink" href="/recipe_ingredient_search_results.php?query=(_QU5E__1__________106__[]_1_1)&amp;sos_l=fr">Recettes avec haricots verts/fèves vertes</a></td></tr><tr role="row" class="even"><td tabindex="0"><i class="fa fa-thumbs-up"></i></td><td class=" not_printable"><div class="addToGL" data-soscuisine-aisle="17" data-soscuisine-sip="3937275"><i class="fa fa-cart-plus" title="Ajouter à ma liste d'épicerie"></i><div></div></div></td><td><img class="storeItemImage" itemprop="image" alt="haricots verts/fèves vertes" src="/media/images/store_item/106.jpg"></td><td>haricots verts/fèves vertes</td><td class="not_printable sorting_1">légumes</td><td><img style="width:50%;" src="/media/images/logos/marchands/75.png" alt="Fruiterie 440"></td><td><span itemprop="price">1,49 $</span><span itemprop="eligibleQuantity" itemscope="" itemtype="http://schema.org/QuantitativeValue">/<span itemprop="unitText">lb</span></span></td><td>3,28 $/kg</td><td style="display: none;">2020-02-23</td><td style="display: none;">USA</td><td style="display: none;"></td><td style="display: none;"></td><td style="display: none;"></td><td style="display: none;"></td><td style="display: none;"></td><td style="display: none;"></td><td style="display: none;"><a class="recipeLink" href="/recipe_ingredient_search_results.php?query=(_QU5E__1__________106__[]_1_1)&amp;sos_l=fr">Recettes avec haricots verts/fèves vertes</a></td></tr><tr role="row" class="odd"><td tabindex="0"><i class="fa fa-thumbs-down"></i></td><td class=" not_printable"><div class="addToGL" data-soscuisine-aisle="17" data-soscuisine-sip="3937633"><i class="fa fa-cart-plus" title="Ajouter à ma liste d'épicerie"></i><div></div></div></td><td><img class="storeItemImage" itemprop="image" alt="haricots verts/fèves vertes" src="/media/images/store_item/106.jpg"></td><td>haricots verts/fèves vertes</td><td class="not_printable sorting_1">légumes</td><td><img style="width:50%;" src="/media/images/logos/marchands/1.png" alt="Metro"></td><td><span itemprop="price">3,99 $</span><span itemprop="eligibleQuantity" itemscope="" itemtype="http://schema.org/QuantitativeValue">/<span itemprop="unitText">340g (12oz)</span></span></td><td>11,74 $/kg</td><td style="display: none;">2020-02-26</td><td style="display: none;">USA</td><td style="display: none;"></td><td style="display: none;"></td><td style="display: none;"></td><td style="display: none;"></td><td style="display: none;"></td><td style="display: none;"></td><td style="display: none;"><a class="recipeLink" href="/recipe_ingredient_search_results.php?query=(_QU5E__1__________106__[]_1_1)&amp;sos_l=fr">Recettes avec haricots verts/fèves vertes</a></td></tr><tr role="row" class="even"><td tabindex="0"><i class="fas fa-hand-rock"></i></td><td class=" not_printable"><div class="addToGL" data-soscuisine-aisle="17" data-soscuisine-sip="3940921"><i class="fa fa-cart-plus" title="Ajouter à ma liste d'épicerie"></i><div></div></div></td><td><img class="storeItemImage" itemprop="image" alt="haricots verts/fèves vertes" src="/media/images/store_item/106.jpg"></td><td>haricots verts/fèves vertes</td><td class="not_printable sorting_1">légumes</td><td><img style="width:50%;" src="/media/images/logos/marchands/12.png" alt="Richelieu"></td><td><span itemprop="price">3,99 $</span><span itemprop="eligibleQuantity" itemscope="" itemtype="http://schema.org/QuantitativeValue">/<span itemprop="unitText">lb</span></span></td><td>8,80 $/kg</td><td style="display: none;">2020-02-26</td><td style="display: none;">USA</td><td style="display: none;"></td><td style="display: none;"></td><td style="display: none;"></td><td style="display: none;"></td><td style="display: none;"></td><td style="display: none;"></td><td style="display: none;"><a class="recipeLink" href="/recipe_ingredient_search_results.php?query=(_QU5E__1__________106__[]_1_1)&amp;sos_l=fr">Recettes avec haricots verts/fèves vertes</a></td></tr><tr role="row" class="odd"><td tabindex="0"><i class="fas fa-circle"></i></td><td class=" not_printable"><div class="addToGL" data-soscuisine-aisle="17" data-soscuisine-sip="3937487"><i class="fa fa-cart-plus" title="Ajouter à ma liste d'épicerie"></i><div></div></div></td><td><img class="storeItemImage" itemprop="image" alt="laitue Boston" src="/media/images/store_item/310.jpg"></td><td>laitue Boston</td><td class="not_printable sorting_1">légumes</td><td><img style="width:50%;" src="/media/images/logos/marchands/6.png" alt="Maxi"></td><td><span itemprop="price">2,00 $</span><span itemprop="eligibleQuantity" itemscope="" itemtype="http://schema.org/QuantitativeValue">/<span itemprop="unitText">paq. de 2</span></span></td><td>N/A</td><td style="display: none;">2020-02-26</td><td style="display: none;">Québec</td><td style="display: none;">Mirabel</td><td style="display: none;">gr. n.d.</td><td style="display: none;">hydroponique</td><td style="display: none;"></td><td style="display: none;"></td><td style="display: none;"></td><td style="display: none;"><a class="recipeLink" href="/recipe_ingredient_search_results.php?query=(_QU5E__1__________310__[]_1_1)&amp;sos_l=fr">Recettes avec laitue Boston</a></td></tr><tr role="row" class="even"><td tabindex="0"><i class="fa fa-thumbs-down"></i></td><td class=" not_printable"><div class="addToGL" data-soscuisine-aisle="17" data-soscuisine-sip="3940855"><i class="fa fa-cart-plus" title="Ajouter à ma liste d'épicerie"></i><div></div></div></td><td><img class="storeItemImage" itemprop="image" alt="laitue en pomme (iceberg)" src="/media/images/store_item/690.jpg"></td><td>laitue en pomme (iceberg)</td><td class="not_printable sorting_1">légumes</td><td><img style="width:50%;" src="/media/images/logos/marchands/12.png" alt="Richelieu"></td><td><span itemprop="price">3,00 $</span><span itemprop="eligibleQuantity" itemscope="" itemtype="http://schema.org/QuantitativeValue">/<span itemprop="value">2</span></span></td><td>2,48 $/kg</td><td style="display: none;">2020-02-26</td><td style="display: none;">USA</td><td style="display: none;"></td><td style="display: none;">gr.30</td><td style="display: none;"></td><td style="display: none;"></td><td style="display: none;"></td><td style="display: none;"></td><td style="display: none;"></td></tr><tr role="row" class="odd"><td tabindex="0"><i class="fas fa-circle"></i></td><td class=" not_printable"><div class="addToGL" data-soscuisine-aisle="17" data-soscuisine-sip="3940551"><i class="fa fa-cart-plus" title="Ajouter à ma liste d'épicerie"></i><div></div></div></td><td><img class="storeItemImage" itemprop="image" alt="laitue en pomme (iceberg)" src="/media/images/store_item/690.jpg"></td><td>laitue en pomme (iceberg)</td><td class="not_printable sorting_1">légumes</td><td><img style="width:50%;" src="/media/images/logos/marchands/11.png" alt="Tradition"></td><td><span itemprop="price">5,00 $</span><span itemprop="eligibleQuantity" itemscope="" itemtype="http://schema.org/QuantitativeValue">/<span itemprop="value">2</span></span></td><td>N/A</td><td style="display: none;">2020-02-26</td><td style="display: none;">USA</td><td style="display: none;"></td><td style="display: none;">gr. n.d.</td><td style="display: none;"></td><td style="display: none;"></td><td style="display: none;"></td><td style="display: none;"></td><td style="display: none;"></td></tr><tr role="row" class="even"><td tabindex="0"><i class="fas fa-circle"></i></td><td class=" not_printable"><div class="addToGL" data-soscuisine-aisle="17" data-soscuisine-sip="3938791"><i class="fa fa-cart-plus" title="Ajouter à ma liste d'épicerie"></i><div></div></div></td><td><img class="storeItemImage" itemprop="image" alt="laitue en pomme (iceberg) BIO" src="/media/images/store_item/813.jpg"></td><td>laitue en pomme (iceberg) BIO</td><td class="not_printable sorting_1">légumes</td><td><img style="width:50%;" src="/media/images/logos/marchands/93.png" alt="Rachelle Béry"></td><td><span itemprop="price">2,99 $</span><span itemprop="eligibleQuantity" itemscope="" itemtype="http://schema.org/QuantitativeValue"> ch.</span></td><td>N/A</td><td style="display: none;">2020-03-04</td><td style="display: none;">USA</td><td style="display: none;"></td><td style="display: none;">gr. n.d.</td><td style="display: none;"></td><td style="display: none;"></td><td style="display: none;"></td><td style="display: none;"></td><td style="display: none;"></td></tr><tr role="row" class="odd"><td tabindex="0"><i class="fa fa-thumbs-down"></i></td><td class=" not_printable"><div class="addToGL" data-soscuisine-aisle="17" data-soscuisine-sip="3939349"><i class="fa fa-cart-plus" title="Ajouter à ma liste d'épicerie"></i><div></div></div></td><td><img class="storeItemImage" alt="laitue romaine, coeurs" src="/media/images/store_item/blank.jpg"></td><td>laitue romaine, coeurs</td><td class="not_printable sorting_1">légumes</td><td><img style="width:50%;" src="/media/images/logos/marchands/3.png" alt="IGA"></td><td><span itemprop="price">6,99 $</span><span itemprop="eligibleQuantity" itemscope="" itemtype="http://schema.org/QuantitativeValue">/<span itemprop="unitText">paq. de 6</span></span></td><td>10,31 $/kg</td><td style="display: none;">2020-02-26</td><td style="display: none;">USA</td><td style="display: none;"></td><td style="display: none;">standard</td><td style="display: none;"></td><td style="display: none;"></td><td style="display: none;"></td><td style="display: none;"></td><td style="display: none;"><a class="recipeLink" href="/recipe_ingredient_search_results.php?query=(_QU5E__1__________1020__[]_1_1)&amp;sos_l=fr">Recettes avec laitue romaine, coeurs</a></td></tr><tr role="row" class="even"><td tabindex="0"><i class="fas fa-hand-rock"></i></td><td class=" not_printable"><div class="addToGL" data-soscuisine-aisle="17" data-soscuisine-sip="3939081"><i class="fa fa-cart-plus" title="Ajouter à ma liste d'épicerie"></i><div></div></div></td><td><img class="storeItemImage" alt="laitue romaine, coeurs" src="/media/images/store_item/blank.jpg"></td><td>laitue romaine, coeurs</td><td class="not_printable sorting_1">légumes</td><td><img style="width:50%;" src="/media/images/logos/marchands/63.png" alt="Marché Adonis"></td><td><span itemprop="price">5,00 $</span><span itemprop="eligibleQuantity" itemscope="" itemtype="http://schema.org/QuantitativeValue">/<span itemprop="value">2</span> paquets de 3</span></td><td>7,37 $/kg</td><td style="display: none;">2020-02-26</td><td style="display: none;">USA</td><td style="display: none;">Andy Boy</td><td style="display: none;">standard</td><td style="display: none;"></td><td style="display: none;"></td><td style="display: none;"></td><td style="display: none;"></td><td style="display: none;"><a class="recipeLink" href="/recipe_ingredient_search_results.php?query=(_QU5E__1__________1020__[]_1_1)&amp;sos_l=fr">Recettes avec laitue romaine, coeurs</a></td></tr><tr role="row" class="odd"><td tabindex="0"><i class="fa fa-thumbs-down"></i></td><td class=" not_printable"><div class="addToGL" data-soscuisine-aisle="17" data-soscuisine-sip="3938201"><i class="fa fa-cart-plus" title="Ajouter à ma liste d'épicerie"></i><div></div></div></td><td><img class="storeItemImage" alt="laitue romaine, coeurs" src="/media/images/store_item/blank.jpg"></td><td>laitue romaine, coeurs</td><td class="not_printable sorting_1">légumes</td><td><img style="width:50%;" src="/media/images/logos/marchands/2.png" alt="Provigo"></td><td><span itemprop="price">3,99 $</span><span itemprop="eligibleQuantity" itemscope="" itemtype="http://schema.org/QuantitativeValue">/<span itemprop="unitText">paq. de 3</span></span></td><td>11,77 $/kg</td><td style="display: none;">2020-02-26</td><td style="display: none;">USA</td><td style="display: none;"></td><td style="display: none;">standard</td><td style="display: none;"></td><td style="display: none;"></td><td style="display: none;"></td><td style="display: none;">ou Mexique</td><td style="display: none;"><a class="recipeLink" href="/recipe_ingredient_search_results.php?query=(_QU5E__1__________1020__[]_1_1)&amp;sos_l=fr">Recettes avec laitue romaine, coeurs</a></td></tr><tr role="row" class="even"><td tabindex="0"><i class="fa fa-thumbs-up"></i><i class="fa fa-thumbs-up"></i></td><td class=" not_printable"><div class="addToGL" data-soscuisine-aisle="17" data-soscuisine-sip="3940393"><i class="fa fa-cart-plus" title="Ajouter à ma liste d'épicerie"></i><div></div></div></td><td><img class="storeItemImage" alt="laitue romaine, coeurs" src="/media/images/store_item/blank.jpg"></td><td>laitue romaine, coeurs</td><td class="not_printable sorting_1">légumes</td><td><img style="width:50%;" src="/media/images/logos/marchands/5.png" alt="Super C"></td><td><span itemprop="price">1,99 $</span><span itemprop="eligibleQuantity" itemscope="" itemtype="http://schema.org/QuantitativeValue">/<span itemprop="unitText">paq. de 3</span></span></td><td>5,87 $/kg</td><td style="display: none;">2020-02-26</td><td style="display: none;">USA</td><td style="display: none;">Andy Boy</td><td style="display: none;">standard</td><td style="display: none;"></td><td style="display: none;"></td><td style="display: none;"></td><td style="display: none;"></td><td style="display: none;"><a class="recipeLink" href="/recipe_ingredient_search_results.php?query=(_QU5E__1__________1020__[]_1_1)&amp;sos_l=fr">Recettes avec laitue romaine, coeurs</a></td></tr><tr role="row" class="odd"><td tabindex="0"><i class="fa fa-thumbs-up"></i></td><td class=" not_printable"><div class="addToGL" data-soscuisine-aisle="17" data-soscuisine-sip="3936023"><i class="fa fa-cart-plus" title="Ajouter à ma liste d'épicerie"></i><div></div></div></td><td><img class="storeItemImage" alt="laitue romaine, coeurs" src="/media/images/store_item/blank.jpg"></td><td>laitue romaine, coeurs</td><td class="not_printable sorting_1">légumes</td><td><img style="width:50%;" src="/media/images/logos/marchands/62.png" alt="Supermarché PA"></td><td><span itemprop="price">4,00 $</span><span itemprop="eligibleQuantity" itemscope="" itemtype="http://schema.org/QuantitativeValue">/<span itemprop="value">2</span> paquets de 3</span></td><td>5,90 $/kg</td><td style="display: none;">2020-02-23</td><td style="display: none;"></td><td style="display: none;"></td><td style="display: none;">standard</td><td style="display: none;"></td><td style="display: none;"></td><td style="display: none;"></td><td style="display: none;"></td><td style="display: none;"><a class="recipeLink" href="/recipe_ingredient_search_results.php?query=(_QU5E__1__________1020__[]_1_1)&amp;sos_l=fr">Recettes avec laitue romaine, coeurs</a></td></tr><tr role="row" class="even"><td tabindex="0"><i class="fas fa-hand-rock"></i></td><td class=" not_printable"><div class="addToGL" data-soscuisine-aisle="17" data-soscuisine-sip="3939351"><i class="fa fa-cart-plus" title="Ajouter à ma liste d'épicerie"></i><div></div></div></td><td><img class="storeItemImage" itemprop="image" alt="laitue romaine, coeurs, BIO" src="/media/images/store_item/1022.jpg"></td><td>laitue romaine, coeurs, BIO</td><td class="not_printable sorting_1">légumes</td><td><img style="width:50%;" src="/media/images/logos/marchands/3.png" alt="IGA"></td><td><span itemprop="price">3,49 $</span><span itemprop="eligibleQuantity" itemscope="" itemtype="http://schema.org/QuantitativeValue">/<span itemprop="unitText">paq. de 3</span></span></td><td>10,29 $/kg</td><td style="display: none;">2020-02-26</td><td style="display: none;">USA</td><td style="display: none;"></td><td style="display: none;">standard</td><td style="display: none;"></td><td style="display: none;"></td><td style="display: none;"></td><td style="display: none;"></td><td style="display: none;"><a class="recipeLink" href="/recipe_ingredient_search_results.php?query=(_QU5E__1__________1022__[]_1_1)&amp;sos_l=fr">Recettes avec laitue romaine, coeurs, BIO</a></td></tr><tr role="row" class="odd"><td tabindex="0"><i class="fa fa-thumbs-up"></i><i class="fa fa-thumbs-up"></i></td><td class=" not_printable"><div class="addToGL" data-soscuisine-aisle="17" data-soscuisine-sip="3938787"><i class="fa fa-cart-plus" title="Ajouter à ma liste d'épicerie"></i><div></div></div></td><td><img class="storeItemImage" itemprop="image" alt="laitue romaine, coeurs, BIO" src="/media/images/store_item/1022.jpg"></td><td>laitue romaine, coeurs, BIO</td><td class="not_printable sorting_1">légumes</td><td><img style="width:50%;" src="/media/images/logos/marchands/93.png" alt="Rachelle Béry"></td><td><span itemprop="price">2,99 $</span><span itemprop="eligibleQuantity" itemscope="" itemtype="http://schema.org/QuantitativeValue">/<span itemprop="unitText">paq. de 3</span></span></td><td>8,82 $/kg</td><td style="display: none;">2020-03-04</td><td style="display: none;">USA</td><td style="display: none;"></td><td style="display: none;">standard</td><td style="display: none;"></td><td style="display: none;"></td><td style="display: none;"></td><td style="display: none;"></td><td style="display: none;"><a class="recipeLink" href="/recipe_ingredient_search_results.php?query=(_QU5E__1__________1022__[]_1_1)&amp;sos_l=fr">Recettes avec laitue romaine, coeurs, BIO</a></td></tr><tr role="row" class="even"><td tabindex="0"><i class="fas fa-exclamation"></i></td><td class=" not_printable"><div class="addToGL" data-soscuisine-aisle="17" data-soscuisine-sip="3942013"><i class="fa fa-cart-plus" title="Ajouter à ma liste d'épicerie"></i><div></div></div></td><td><img class="storeItemImage" alt="laitues frisées" src="/media/images/store_item/blank.jpg"></td><td>laitues frisées</td><td class="not_printable sorting_1">légumes</td><td><img style="width:50%;" src="/media/images/logos/marchands/13.png" alt="Jardin Mobile"></td><td><span itemprop="price">0,99 $</span><span itemprop="eligibleQuantity" itemscope="" itemtype="http://schema.org/QuantitativeValue"> ch.</span></td><td>2,83 $/kg</td><td style="display: none;">2020-02-26</td><td style="display: none;">USA</td><td style="display: none;"></td><td style="display: none;">standard</td><td style="display: none;">verte ou rouge</td><td style="display: none;"></td><td style="display: none;"></td><td style="display: none;"></td><td style="display: none;"><a class="recipeLink" href="/recipe_ingredient_search_results.php?query=(_QU5E__1__________345__[]_1_1)&amp;sos_l=fr">Recettes avec laitues frisées</a></td></tr><tr role="row" class="odd"><td tabindex="0"><i class="fas fa-circle"></i></td><td class=" not_printable"><div class="addToGL" data-soscuisine-aisle="17" data-soscuisine-sip="3937267"><i class="fa fa-cart-plus" title="Ajouter à ma liste d'épicerie"></i><div></div></div></td><td><img class="storeItemImage" itemprop="image" alt="laitues romaines" src="/media/images/store_item/131.jpg"></td><td>laitues romaines</td><td class="not_printable sorting_1">légumes</td><td><img style="width:50%;" src="/media/images/logos/marchands/75.png" alt="Fruiterie 440"></td><td><span itemprop="price">0,99 $</span><span itemprop="eligibleQuantity" itemscope="" itemtype="http://schema.org/QuantitativeValue"> ch.</span></td><td>N/A</td><td style="display: none;">2020-02-23</td><td style="display: none;">USA</td><td style="display: none;"></td><td style="display: none;">gr. n.d.</td><td style="display: none;"></td><td style="display: none;"></td><td style="display: none;"></td><td style="display: none;"></td><td style="display: none;"><a class="recipeLink" href="/recipe_ingredient_search_results.php?query=(_QU5E__1__________131__[]_1_1)&amp;sos_l=fr">Recettes avec laitues romaines</a></td></tr><tr role="row" class="even"><td tabindex="0"><i class="fas fa-circle"></i></td><td class=" not_printable"><div class="addToGL" data-soscuisine-aisle="17" data-soscuisine-sip="3938623"><i class="fa fa-cart-plus" title="Ajouter à ma liste d'épicerie"></i><div></div></div></td><td><img class="storeItemImage" itemprop="image" alt="laitues romaines" src="/media/images/store_item/131.jpg"></td><td>laitues romaines</td><td class="not_printable sorting_1">légumes</td><td><img style="width:50%;" src="/media/images/logos/marchands/69.png" alt="Intermarché (Provincial)"></td><td><span itemprop="price">1,49 $</span><span itemprop="eligibleQuantity" itemscope="" itemtype="http://schema.org/QuantitativeValue"> ch.</span></td><td>N/A</td><td style="display: none;">2020-02-26</td><td style="display: none;">USA</td><td style="display: none;"></td><td style="display: none;">gr. n.d.</td><td style="display: none;"></td><td style="display: none;"></td><td style="display: none;"></td><td style="display: none;">ou Mexique</td><td style="display: none;"><a class="recipeLink" href="/recipe_ingredient_search_results.php?query=(_QU5E__1__________131__[]_1_1)&amp;sos_l=fr">Recettes avec laitues romaines</a></td></tr><tr role="row" class="odd"><td tabindex="0"><i class="fas fa-exclamation"></i></td><td class=" not_printable"><div class="addToGL" data-soscuisine-aisle="17" data-soscuisine-sip="3937593"><i class="fa fa-cart-plus" title="Ajouter à ma liste d'épicerie"></i><div></div></div></td><td><img class="storeItemImage" itemprop="image" alt="laitues romaines" src="/media/images/store_item/131.jpg"></td><td>laitues romaines</td><td class="not_printable sorting_1">légumes</td><td><img style="width:50%;" src="/media/images/logos/marchands/1.png" alt="Metro"></td><td><span itemprop="price">5,00 $</span><span itemprop="eligibleQuantity" itemscope="" itemtype="http://schema.org/QuantitativeValue">/<span itemprop="value">4</span></span></td><td>1,92 $/kg</td><td style="display: none;">2020-02-26</td><td style="display: none;">USA</td><td style="display: none;"></td><td style="display: none;">gr.24</td><td style="display: none;"></td><td style="display: none;"></td><td style="display: none;"></td><td style="display: none;"></td><td style="display: none;"><a class="recipeLink" href="/recipe_ingredient_search_results.php?query=(_QU5E__1__________131__[]_1_1)&amp;sos_l=fr">Recettes avec laitues romaines</a></td></tr><tr role="row" class="even"><td tabindex="0"><i class="fas fa-circle"></i></td><td class=" not_printable"><div class="addToGL" data-soscuisine-aisle="17" data-soscuisine-sip="3938533"><i class="fa fa-cart-plus" title="Ajouter à ma liste d'épicerie"></i><div></div></div></td><td><img class="storeItemImage" alt="laitues scarole" src="/media/images/store_item/blank.jpg"></td><td>laitues scarole</td><td class="not_printable sorting_1">légumes</td><td><img style="width:50%;" src="/media/images/logos/marchands/7.png" alt="Intermarché (Saveurs intl.)"></td><td><span itemprop="price">1,50 $</span><span itemprop="eligibleQuantity" itemscope="" itemtype="http://schema.org/QuantitativeValue"> ch.</span></td><td>N/A</td><td style="display: none;">2020-02-26</td><td style="display: none;">USA</td><td style="display: none;"></td><td style="display: none;">gr. n.d.</td><td style="display: none;"></td><td style="display: none;"></td><td style="display: none;"></td><td style="display: none;"></td><td style="display: none;"><a class="recipeLink" href="/recipe_ingredient_search_results.php?query=(_QU5E__1__________558__[]_1_1)&amp;sos_l=fr">Recettes avec laitues scarole</a></td></tr><tr role="row" class="odd"><td tabindex="0"><i class="fas fa-hand-rock"></i></td><td class=" not_printable"><div class="addToGL" data-soscuisine-aisle="17" data-soscuisine-sip="3937469"><i class="fa fa-cart-plus" title="Ajouter à ma liste d'épicerie"></i><div></div></div></td><td><img class="storeItemImage" itemprop="image" alt="mesclun (laitues mélangées)" src="/media/images/store_item/235.jpg"></td><td>mesclun (laitues mélangées)</td><td class="not_printable sorting_1">légumes</td><td><img style="width:50%;" src="/media/images/logos/marchands/6.png" alt="Maxi"></td><td><span itemprop="price">2,00 $</span><span itemprop="eligibleQuantity" itemscope="" itemtype="http://schema.org/QuantitativeValue">/142g</span></td><td>1,41 $/100g</td><td style="display: none;">2020-02-26</td><td style="display: none;">USA</td><td style="display: none;">Attitude</td><td style="display: none;"></td><td style="display: none;"></td><td style="display: none;"></td><td style="display: none;"></td><td style="display: none;"></td><td style="display: none;"><a class="recipeLink" href="/recipe_ingredient_search_results.php?query=(_QU5E__1__________235__[]_1_1)&amp;sos_l=fr">Recettes avec mesclun (laitues mélangées)</a></td></tr><tr role="row" class="even"><td tabindex="0"><i class="fa fa-thumbs-up"></i><i class="fa fa-thumbs-up"></i></td><td class=" not_printable"><div class="addToGL" data-soscuisine-aisle="17" data-soscuisine-sip="3938529"><i class="fa fa-cart-plus" title="Ajouter à ma liste d'épicerie"></i><div></div></div></td><td><img class="storeItemImage" itemprop="image" alt="mini-poivrons/piments" src="/media/images/store_item/768.jpg"></td><td>mini-poivrons/piments</td><td class="not_printable sorting_1">légumes</td><td><img style="width:50%;" src="/media/images/logos/marchands/7.png" alt="Intermarché (Saveurs intl.)"></td><td><span itemprop="price">1,67 $</span><span itemprop="eligibleQuantity" itemscope="" itemtype="http://schema.org/QuantitativeValue">/<span itemprop="unitText">1lb (454g)</span></span></td><td>3,68 $/kg</td><td style="display: none;">2020-02-26</td><td style="display: none;">Mexique</td><td style="display: none;"></td><td style="display: none;"></td><td style="display: none;"></td><td style="display: none;"></td><td style="display: none;"></td><td style="display: none;"></td><td style="display: none;"></td></tr><tr role="row" class="odd"><td tabindex="0"><i class="fas fa-hand-rock"></i></td><td class=" not_printable"><div class="addToGL" data-soscuisine-aisle="17" data-soscuisine-sip="3942093"><i class="fa fa-cart-plus" title="Ajouter à ma liste d'épicerie"></i><div></div></div></td><td><img class="storeItemImage" itemprop="image" alt="mini-poivrons/piments" src="/media/images/store_item/768.jpg"></td><td>mini-poivrons/piments</td><td class="not_printable sorting_1">légumes</td><td><img style="width:50%;" src="/media/images/logos/marchands/13.png" alt="Jardin Mobile"></td><td><span itemprop="price">2,99 $</span><span itemprop="eligibleQuantity" itemscope="" itemtype="http://schema.org/QuantitativeValue">/<span itemprop="unitText">1lb (454g)</span></span></td><td>6,59 $/kg</td><td style="display: none;">2020-02-26</td><td style="display: none;">Mexique</td><td style="display: none;"></td><td style="display: none;"></td><td style="display: none;"></td><td style="display: none;"></td><td style="display: none;"></td><td style="display: none;"></td><td style="display: none;"></td></tr><tr role="row" class="even"><td tabindex="0"><i class="fa fa-thumbs-down"></i></td><td class=" not_printable"><div class="addToGL" data-soscuisine-aisle="17" data-soscuisine-sip="3940919"><i class="fa fa-cart-plus" title="Ajouter à ma liste d'épicerie"></i><div></div></div></td><td><img class="storeItemImage" itemprop="image" alt="mini-poivrons/piments" src="/media/images/store_item/768.jpg"></td><td>mini-poivrons/piments</td><td class="not_printable sorting_1">légumes</td><td><img style="width:50%;" src="/media/images/logos/marchands/12.png" alt="Richelieu"></td><td><span itemprop="price">3,99 $</span><span itemprop="eligibleQuantity" itemscope="" itemtype="http://schema.org/QuantitativeValue">/<span itemprop="unitText">227g (8oz)</span></span></td><td>17,58 $/kg</td><td style="display: none;">2020-02-26</td><td style="display: none;">Canada</td><td style="display: none;"></td><td style="display: none;"></td><td style="display: none;"></td><td style="display: none;"></td><td style="display: none;"></td><td style="display: none;"></td><td style="display: none;"></td></tr><tr role="row" class="odd"><td tabindex="0"><i class="fa fa-thumbs-up"></i><i class="fa fa-thumbs-up"></i></td><td class=" not_printable"><div class="addToGL" data-soscuisine-aisle="17" data-soscuisine-sip="3935907"><i class="fa fa-cart-plus" title="Ajouter à ma liste d'épicerie"></i><div></div></div></td><td><img class="storeItemImage" itemprop="image" alt="mini-poivrons/piments" src="/media/images/store_item/768.jpg"></td><td>mini-poivrons/piments</td><td class="not_printable sorting_1">légumes</td><td><img style="width:50%;" src="/media/images/logos/marchands/62.png" alt="Supermarché PA"></td><td><span itemprop="price">1,00 $</span><span itemprop="eligibleQuantity" itemscope="" itemtype="http://schema.org/QuantitativeValue">/<span itemprop="unitText">1lb (454g)</span></span></td><td>2,20 $/kg</td><td style="display: none;">2020-02-23</td><td style="display: none;"></td><td style="display: none;"></td><td style="display: none;"></td><td style="display: none;"></td><td style="display: none;"></td><td style="display: none;"></td><td style="display: none;"></td><td style="display: none;"></td></tr><tr role="row" class="even"><td tabindex="0"><i class="fas fa-exclamation"></i></td><td class=" not_printable"><div class="addToGL" data-soscuisine-aisle="17" data-soscuisine-sip="3937403"><i class="fa fa-cart-plus" title="Ajouter à ma liste d'épicerie"></i><div></div></div></td><td><img class="storeItemImage" alt="mini-poivrons/piments BIO" src="/media/images/store_item/blank.jpg"></td><td>mini-poivrons/piments BIO</td><td class="not_printable sorting_1">légumes</td><td><img style="width:50%;" src="/media/images/logos/marchands/95.png" alt="Marchés Tau"></td><td><span itemprop="price">1,99 $</span><span itemprop="eligibleQuantity" itemscope="" itemtype="http://schema.org/QuantitativeValue">/<span itemprop="unitText">227g (8oz)</span></span></td><td>8,77 $/kg</td><td style="display: none;">2020-03-29</td><td style="display: none;">Mexique</td><td style="display: none;"></td><td style="display: none;"></td><td style="display: none;"></td><td style="display: none;"></td><td style="display: none;"></td><td style="display: none;"></td><td style="display: none;"></td></tr><tr role="row" class="odd"><td tabindex="0"><i class="fa fa-thumbs-down"></i></td><td class=" not_printable"><div class="addToGL" data-soscuisine-aisle="17" data-soscuisine-sip="3939849"><i class="fa fa-cart-plus" title="Ajouter à ma liste d'épicerie"></i><div></div></div></td><td><img class="storeItemImage" itemprop="image" alt="mini-tomates (cerise, miniature ou raisin)" src="/media/images/store_item/318.jpg"></td><td>mini-tomates (cerise, miniature ou raisin)</td><td class="not_printable sorting_1">légumes</td><td><img style="width:50%;" src="/media/images/logos/marchands/10.png" alt="Bonichoix "></td><td><span itemprop="price">7,00 $</span><span itemprop="eligibleQuantity" itemscope="" itemtype="http://schema.org/QuantitativeValue">/<span itemprop="value">2</span>x<span itemprop="unitText">255g (9oz)</span></span></td><td>13,73 $/kg</td><td style="display: none;">2020-02-26</td><td style="display: none;">Canada</td><td style="display: none;"></td><td style="display: none;">cerise, raisin</td><td style="display: none;"></td><td style="display: none;"></td><td style="display: none;"></td><td style="display: none;">Angel Sweet, Candi-To, ou Zima, ou Mexique</td><td style="display: none;"><a class="recipeLink" href="/recipe_ingredient_search_results.php?query=(_QU5E__1__________318__[]_1_1)&amp;sos_l=fr">Recettes avec mini-tomates (cerise, miniature ou raisin)</a></td></tr><tr role="row" class="even"><td tabindex="0"><i class="fas fa-hand-rock"></i></td><td class=" not_printable"><div class="addToGL" data-soscuisine-aisle="17" data-soscuisine-sip="3937453"><i class="fa fa-cart-plus" title="Ajouter à ma liste d'épicerie"></i><div></div></div></td><td><img class="storeItemImage" itemprop="image" alt="mini-tomates (cerise, miniature ou raisin)" src="/media/images/store_item/318.jpg"></td><td>mini-tomates (cerise, miniature ou raisin)</td><td class="not_printable sorting_1">légumes</td><td><img style="width:50%;" src="/media/images/logos/marchands/6.png" alt="Maxi"></td><td><span itemprop="price">2,00 $</span><span itemprop="eligibleQuantity" itemscope="" itemtype="http://schema.org/QuantitativeValue">/<span itemprop="unitText">255g (9oz)</span></span></td><td>7,84 $/kg</td><td style="display: none;">2020-02-26</td><td style="display: none;">USA</td><td style="display: none;">marque maison</td><td style="display: none;">raisin</td><td style="display: none;"></td><td style="display: none;"></td><td style="display: none;"></td><td style="display: none;">ou Mexique</td><td style="display: none;"><a class="recipeLink" href="/recipe_ingredient_search_results.php?query=(_QU5E__1__________318__[]_1_1)&amp;sos_l=fr">Recettes avec mini-tomates (cerise, miniature ou raisin)</a></td></tr><tr role="row" class="odd"><td tabindex="0"><i class="fas fa-circle"></i></td><td class=" not_printable"><div class="addToGL" data-soscuisine-aisle="17" data-soscuisine-sip="3940555"><i class="fa fa-cart-plus" title="Ajouter à ma liste d'épicerie"></i><div></div></div></td><td><img class="storeItemImage" itemprop="image" alt="mini-tomates (cerise, miniature ou raisin)" src="/media/images/store_item/318.jpg"></td><td>mini-tomates (cerise, miniature ou raisin)</td><td class="not_printable sorting_1">légumes</td><td><img style="width:50%;" src="/media/images/logos/marchands/11.png" alt="Tradition"></td><td><span itemprop="price">5,00 $</span><span itemprop="eligibleQuantity" itemscope="" itemtype="http://schema.org/QuantitativeValue">/<span itemprop="value">2</span>x <span itemprop="unitText">paquet</span></span>s</td><td>N/A</td><td style="display: none;">2020-02-26</td><td style="display: none;">Mexique</td><td style="display: none;"></td><td style="display: none;">raisin</td><td style="display: none;"></td><td style="display: none;"></td><td style="display: none;"></td><td style="display: none;"></td><td style="display: none;"><a class="recipeLink" href="/recipe_ingredient_search_results.php?query=(_QU5E__1__________318__[]_1_1)&amp;sos_l=fr">Recettes avec mini-tomates (cerise, miniature ou raisin)</a></td></tr><tr role="row" class="even"><td tabindex="0"><i class="fa fa-thumbs-up"></i><i class="fa fa-thumbs-up"></i></td><td class=" not_printable"><div class="addToGL" data-soscuisine-aisle="17" data-soscuisine-sip="3938755"><i class="fa fa-cart-plus" title="Ajouter à ma liste d'épicerie"></i><div></div></div></td><td><img class="storeItemImage" itemprop="image" alt="mini-tomates (cerise, miniature ou raisin) BIO" src="/media/images/store_item/701.jpg"></td><td>mini-tomates (cerise, miniature ou raisin) BIO</td><td class="not_printable sorting_1">légumes</td><td><img style="width:50%;" src="/media/images/logos/marchands/93.png" alt="Rachelle Béry"></td><td><span itemprop="price">3,99 $</span><span itemprop="eligibleQuantity" itemscope="" itemtype="http://schema.org/QuantitativeValue">/<span itemprop="unitText">1,5lb</span></span></td><td>5,86 $/kg</td><td style="display: none;">2020-03-04</td><td style="display: none;">Mexique</td><td style="display: none;"></td><td style="display: none;">raisin</td><td style="display: none;"></td><td style="display: none;"></td><td style="display: none;"></td><td style="display: none;"></td><td style="display: none;"><a class="recipeLink" href="/recipe_ingredient_search_results.php?query=(_QU5E__1__________701__[]_1_1)&amp;sos_l=fr">Recettes avec mini-tomates (cerise, miniature ou raisin) BIO</a></td></tr><tr role="row" class="odd"><td tabindex="0"><i class="fa fa-thumbs-up"></i><i class="fa fa-thumbs-up"></i></td><td class=" not_printable"><div class="addToGL" data-soscuisine-aisle="17" data-soscuisine-sip="3938547"><i class="fa fa-cart-plus" title="Ajouter à ma liste d'épicerie"></i><div></div></div></td><td><img class="storeItemImage" itemprop="image" alt="oignons jaunes" src="/media/images/store_item/116.jpg"></td><td>oignons jaunes</td><td class="not_printable sorting_1">légumes</td><td><img style="width:50%;" src="/media/images/logos/marchands/7.png" alt="Intermarché (Saveurs intl.)"></td><td><span itemprop="price">1,50 $</span><span itemprop="eligibleQuantity" itemscope="" itemtype="http://schema.org/QuantitativeValue">/<span itemprop="unitText">10lb (4,54kg)</span></span></td><td>0,33 $/kg</td><td style="display: none;">2020-02-26</td><td style="display: none;">Québec</td><td style="display: none;"></td><td style="display: none;"></td><td style="display: none;"></td><td style="display: none;"></td><td style="display: none;"></td><td style="display: none;">à bouillir</td><td style="display: none;"><a class="recipeLink" href="/recipe_ingredient_search_results.php?query=(_QU5E__1__________116__[]_1_1)&amp;sos_l=fr">Recettes avec oignons jaunes</a></td></tr><tr role="row" class="even"><td tabindex="0"><i class="fa fa-thumbs-down"></i></td><td class=" not_printable"><div class="addToGL" data-soscuisine-aisle="17" data-soscuisine-sip="3938205"><i class="fa fa-cart-plus" title="Ajouter à ma liste d'épicerie"></i><div></div></div></td><td><img class="storeItemImage" itemprop="image" alt="oignons jaunes" src="/media/images/store_item/116.jpg"></td><td>oignons jaunes</td><td class="not_printable sorting_1">légumes</td><td><img style="width:50%;" src="/media/images/logos/marchands/2.png" alt="Provigo"></td><td><span itemprop="price">5,00 $</span><span itemprop="eligibleQuantity" itemscope="" itemtype="http://schema.org/QuantitativeValue">/<span itemprop="value">2</span>x<span itemprop="unitText">3lb (1,37kg)</span></span></td><td>1,84 $/kg</td><td style="display: none;">2020-02-26</td><td style="display: none;">Québec</td><td style="display: none;">marque maison</td><td style="display: none;"></td><td style="display: none;"></td><td style="display: none;"></td><td style="display: none;"></td><td style="display: none;"></td><td style="display: none;"><a class="recipeLink" href="/recipe_ingredient_search_results.php?query=(_QU5E__1__________116__[]_1_1)&amp;sos_l=fr">Recettes avec oignons jaunes</a></td></tr><tr role="row" class="odd"><td tabindex="0"><i class="fa fa-thumbs-down"></i></td><td class=" not_printable"><div class="addToGL" data-soscuisine-aisle="17" data-soscuisine-sip="3938203"><i class="fa fa-cart-plus" title="Ajouter à ma liste d'épicerie"></i><div></div></div></td><td><img class="storeItemImage" itemprop="image" alt="oignons jaunes" src="/media/images/store_item/116.jpg"></td><td>oignons jaunes</td><td class="not_printable sorting_1">légumes</td><td><img style="width:50%;" src="/media/images/logos/marchands/2.png" alt="Provigo"></td><td><span itemprop="price">2,99 $</span><span itemprop="eligibleQuantity" itemscope="" itemtype="http://schema.org/QuantitativeValue">/<span itemprop="unitText">3lb (1,37kg)</span></span></td><td>2,20 $/kg</td><td style="display: none;">2020-02-26</td><td style="display: none;">Québec</td><td style="display: none;">marque maison</td><td style="display: none;"></td><td style="display: none;"></td><td style="display: none;"></td><td style="display: none;"></td><td style="display: none;"></td><td style="display: none;"><a class="recipeLink" href="/recipe_ingredient_search_results.php?query=(_QU5E__1__________116__[]_1_1)&amp;sos_l=fr">Recettes avec oignons jaunes</a></td></tr><tr role="row" class="even"><td tabindex="0"><i class="fas fa-hand-rock"></i></td><td class=" not_printable"><div class="addToGL" data-soscuisine-aisle="17" data-soscuisine-sip="3940557"><i class="fa fa-cart-plus" title="Ajouter à ma liste d'épicerie"></i><div></div></div></td><td><img class="storeItemImage" itemprop="image" alt="oignons jaunes" src="/media/images/store_item/116.jpg"></td><td>oignons jaunes</td><td class="not_printable sorting_1">légumes</td><td><img style="width:50%;" src="/media/images/logos/marchands/11.png" alt="Tradition"></td><td><span itemprop="price">2,99 $</span><span itemprop="eligibleQuantity" itemscope="" itemtype="http://schema.org/QuantitativeValue">/<span itemprop="unitText">5lb (2,3kg)</span></span></td><td>1,32 $/kg</td><td style="display: none;">2020-02-26</td><td style="display: none;">Québec</td><td style="display: none;"></td><td style="display: none;"></td><td style="display: none;"></td><td style="display: none;"></td><td style="display: none;"></td><td style="display: none;"></td><td style="display: none;"><a class="recipeLink" href="/recipe_ingredient_search_results.php?query=(_QU5E__1__________116__[]_1_1)&amp;sos_l=fr">Recettes avec oignons jaunes</a></td></tr><tr role="row" class="odd"><td tabindex="0"><i class="fas fa-hand-rock"></i></td><td class=" not_printable"><div class="addToGL" data-soscuisine-aisle="17" data-soscuisine-sip="3938505"><i class="fa fa-cart-plus" title="Ajouter à ma liste d'épicerie"></i><div></div></div></td><td><img class="storeItemImage" itemprop="image" alt="oignons verts/échalotes" src="/media/images/store_item/118.jpg"></td><td>oignons verts/échalotes</td><td class="not_printable sorting_1">légumes</td><td><img style="width:50%;" src="/media/images/logos/marchands/7.png" alt="Intermarché (Saveurs intl.)"></td><td><span itemprop="price">0,50 $</span><span itemprop="eligibleQuantity" itemscope="" itemtype="http://schema.org/QuantitativeValue">/botte</span></td><td>4,17 $/kg</td><td style="display: none;">2020-02-26</td><td style="display: none;">Mexique</td><td style="display: none;"></td><td style="display: none;">standard</td><td style="display: none;"></td><td style="display: none;"></td><td style="display: none;"></td><td style="display: none;"></td><td style="display: none;"><a class="recipeLink" href="/recipe_ingredient_search_results.php?query=(_QU5E__1__________118__[]_1_1)&amp;sos_l=fr">Recettes avec oignons verts/échalotes</a></td></tr><tr role="row" class="even"><td tabindex="0"><i class="fas fa-hand-rock"></i></td><td class=" not_printable"><div class="addToGL" data-soscuisine-aisle="17" data-soscuisine-sip="3939211"><i class="fa fa-cart-plus" title="Ajouter à ma liste d'épicerie"></i><div></div></div></td><td><img class="storeItemImage" itemprop="image" alt="oignons verts/échalotes" src="/media/images/store_item/118.jpg"></td><td>oignons verts/échalotes</td><td class="not_printable sorting_1">légumes</td><td><img style="width:50%;" src="/media/images/logos/marchands/63.png" alt="Marché Adonis"></td><td><span itemprop="price">1,99 $</span><span itemprop="eligibleQuantity" itemscope="" itemtype="http://schema.org/QuantitativeValue">/<span itemprop="value">3</span> bottes</span></td><td>5,53 $/kg</td><td style="display: none;">2020-02-26</td><td style="display: none;">USA</td><td style="display: none;"></td><td style="display: none;">standard</td><td style="display: none;"></td><td style="display: none;"></td><td style="display: none;"></td><td style="display: none;"></td><td style="display: none;"><a class="recipeLink" href="/recipe_ingredient_search_results.php?query=(_QU5E__1__________118__[]_1_1)&amp;sos_l=fr">Recettes avec oignons verts/échalotes</a></td></tr><tr role="row" class="odd"><td tabindex="0"><i class="fa fa-thumbs-down"></i></td><td class=" not_printable"><div class="addToGL" data-soscuisine-aisle="17" data-soscuisine-sip="3937463"><i class="fa fa-cart-plus" title="Ajouter à ma liste d'épicerie"></i><div></div></div></td><td><img class="storeItemImage" itemprop="image" alt="oignons verts/échalotes" src="/media/images/store_item/118.jpg"></td><td>oignons verts/échalotes</td><td class="not_printable sorting_1">légumes</td><td><img style="width:50%;" src="/media/images/logos/marchands/6.png" alt="Maxi"></td><td><span itemprop="price">1,00 $</span><span itemprop="eligibleQuantity" itemscope="" itemtype="http://schema.org/QuantitativeValue">/botte</span></td><td>8,33 $/kg</td><td style="display: none;">2020-02-26</td><td style="display: none;">Mexique</td><td style="display: none;"></td><td style="display: none;">standard</td><td style="display: none;"></td><td style="display: none;"></td><td style="display: none;"></td><td style="display: none;"></td><td style="display: none;"><a class="recipeLink" href="/recipe_ingredient_search_results.php?query=(_QU5E__1__________118__[]_1_1)&amp;sos_l=fr">Recettes avec oignons verts/échalotes</a></td></tr><tr role="row" class="even"><td tabindex="0"><i class="fa fa-thumbs-down"></i></td><td class=" not_printable"><div class="addToGL" data-soscuisine-aisle="17" data-soscuisine-sip="3940463"><i class="fa fa-cart-plus" title="Ajouter à ma liste d'épicerie"></i><div></div></div></td><td><img class="storeItemImage" itemprop="image" alt="oignons verts/échalotes" src="/media/images/store_item/118.jpg"></td><td>oignons verts/échalotes</td><td class="not_printable sorting_1">légumes</td><td><img style="width:50%;" src="/media/images/logos/marchands/5.png" alt="Super C"></td><td><span itemprop="price">0,99 $</span><span itemprop="eligibleQuantity" itemscope="" itemtype="http://schema.org/QuantitativeValue">/botte</span></td><td>8,25 $/kg</td><td style="display: none;">2020-02-26</td><td style="display: none;">Mexique</td><td style="display: none;"></td><td style="display: none;">standard</td><td style="display: none;"></td><td style="display: none;"></td><td style="display: none;"></td><td style="display: none;"></td><td style="display: none;"><a class="recipeLink" href="/recipe_ingredient_search_results.php?query=(_QU5E__1__________118__[]_1_1)&amp;sos_l=fr">Recettes avec oignons verts/échalotes</a></td></tr><tr role="row" class="odd"><td tabindex="0"><i class="fas fa-hand-rock"></i></td><td class=" not_printable"><div class="addToGL" data-soscuisine-aisle="17" data-soscuisine-sip="3938647"><i class="fa fa-cart-plus" title="Ajouter à ma liste d'épicerie"></i><div></div></div></td><td><img class="storeItemImage" itemprop="image" alt="patates douces/sucrées" src="/media/images/store_item/90.jpg"></td><td>patates douces/sucrées</td><td class="not_printable sorting_1">légumes</td><td><img style="width:50%;" src="/media/images/logos/marchands/69.png" alt="Intermarché (Provincial)"></td><td><span itemprop="price">1,29 $</span><span itemprop="eligibleQuantity" itemscope="" itemtype="http://schema.org/QuantitativeValue">/<span itemprop="unitText">lb</span></span></td><td>2,84 $/kg</td><td style="display: none;">2020-02-26</td><td style="display: none;">USA</td><td style="display: none;"></td><td style="display: none;"></td><td style="display: none;"></td><td style="display: none;"></td><td style="display: none;"></td><td style="display: none;"></td><td style="display: none;"><a class="recipeLink" href="/recipe_ingredient_search_results.php?query=(_QU5E__1__________90__[]_1_1)&amp;sos_l=fr">Recettes avec patates douces/sucrées</a></td></tr><tr role="row" class="even"><td tabindex="0"><i class="fa fa-thumbs-up"></i></td><td class=" not_printable"><div class="addToGL" data-soscuisine-aisle="17" data-soscuisine-sip="3942071"><i class="fa fa-cart-plus" title="Ajouter à ma liste d'épicerie"></i><div></div></div></td><td><img class="storeItemImage" itemprop="image" alt="patates douces/sucrées" src="/media/images/store_item/90.jpg"></td><td>patates douces/sucrées</td><td class="not_printable sorting_1">légumes</td><td><img style="width:50%;" src="/media/images/logos/marchands/13.png" alt="Jardin Mobile"></td><td><span itemprop="price">0,99 $</span><span itemprop="eligibleQuantity" itemscope="" itemtype="http://schema.org/QuantitativeValue">/<span itemprop="unitText">lb</span></span></td><td>2,18 $/kg</td><td style="display: none;">2020-02-26</td><td style="display: none;">USA</td><td style="display: none;"></td><td style="display: none;"></td><td style="display: none;"></td><td style="display: none;"></td><td style="display: none;"></td><td style="display: none;"></td><td style="display: none;"><a class="recipeLink" href="/recipe_ingredient_search_results.php?query=(_QU5E__1__________90__[]_1_1)&amp;sos_l=fr">Recettes avec patates douces/sucrées</a></td></tr><tr role="row" class="odd"><td tabindex="0"><i class="fas fa-hand-rock"></i></td><td class=" not_printable"><div class="addToGL" data-soscuisine-aisle="17" data-soscuisine-sip="3938163"><i class="fa fa-cart-plus" title="Ajouter à ma liste d'épicerie"></i><div></div></div></td><td><img class="storeItemImage" itemprop="image" alt="patates douces/sucrées" src="/media/images/store_item/90.jpg"></td><td>patates douces/sucrées</td><td class="not_printable sorting_1">légumes</td><td><img style="width:50%;" src="/media/images/logos/marchands/2.png" alt="Provigo"></td><td><span itemprop="price">4,99 $</span><span itemprop="eligibleQuantity" itemscope="" itemtype="http://schema.org/QuantitativeValue">/<span itemprop="unitText">5lb (2,3kg)</span></span></td><td>2,20 $/kg</td><td style="display: none;">2020-02-26</td><td style="display: none;">Canada</td><td style="display: none;">marque maison</td><td style="display: none;"></td><td style="display: none;"></td><td style="display: none;"></td><td style="display: none;"></td><td style="display: none;"></td><td style="display: none;"><a class="recipeLink" href="/recipe_ingredient_search_results.php?query=(_QU5E__1__________90__[]_1_1)&amp;sos_l=fr">Recettes avec patates douces/sucrées</a></td></tr><tr role="row" class="even"><td tabindex="0"><i class="fa fa-thumbs-up"></i></td><td class=" not_printable"><div class="addToGL" data-soscuisine-aisle="17" data-soscuisine-sip="3940455"><i class="fa fa-cart-plus" title="Ajouter à ma liste d'épicerie"></i><div></div></div></td><td><img class="storeItemImage" itemprop="image" alt="patates douces/sucrées" src="/media/images/store_item/90.jpg"></td><td>patates douces/sucrées</td><td class="not_printable sorting_1">légumes</td><td><img style="width:50%;" src="/media/images/logos/marchands/5.png" alt="Super C"></td><td><span itemprop="price">0,99 $</span><span itemprop="eligibleQuantity" itemscope="" itemtype="http://schema.org/QuantitativeValue">/<span itemprop="unitText">lb</span></span></td><td>2,18 $/kg</td><td style="display: none;">2020-02-26</td><td style="display: none;">USA</td><td style="display: none;"></td><td style="display: none;"></td><td style="display: none;"></td><td style="display: none;"></td><td style="display: none;"></td><td style="display: none;"></td><td style="display: none;"><a class="recipeLink" href="/recipe_ingredient_search_results.php?query=(_QU5E__1__________90__[]_1_1)&amp;sos_l=fr">Recettes avec patates douces/sucrées</a></td></tr><tr role="row" class="odd"><td tabindex="0"><i class="fa fa-thumbs-up"></i><i class="fa fa-thumbs-up"></i></td><td class=" not_printable"><div class="addToGL" data-soscuisine-aisle="17" data-soscuisine-sip="3940989"><i class="fa fa-cart-plus" title="Ajouter à ma liste d'épicerie"></i><div></div></div></td><td><img class="storeItemImage" itemprop="image" alt="patates douces/sucrées" src="/media/images/store_item/90.jpg"></td><td>patates douces/sucrées</td><td class="not_printable sorting_1">légumes</td><td><img style="width:50%;" src="/media/images/logos/marchands/73.png" alt="Walmart"></td><td><span itemprop="price">0,67 $</span><span itemprop="eligibleQuantity" itemscope="" itemtype="http://schema.org/QuantitativeValue">/<span itemprop="unitText">lb</span></span></td><td>1,48 $/kg</td><td style="display: none;">2020-02-26</td><td style="display: none;">Canada</td><td style="display: none;"></td><td style="display: none;"></td><td style="display: none;"></td><td style="display: none;"></td><td style="display: none;"></td><td style="display: none;">seulement aux supercentres</td><td style="display: none;"><a class="recipeLink" href="/recipe_ingredient_search_results.php?query=(_QU5E__1__________90__[]_1_1)&amp;sos_l=fr">Recettes avec patates douces/sucrées</a></td></tr><tr role="row" class="even"><td tabindex="0"><i class="fas fa-exclamation"></i></td><td class=" not_printable"><div class="addToGL" data-soscuisine-aisle="17" data-soscuisine-sip="3937393"><i class="fa fa-cart-plus" title="Ajouter à ma liste d'épicerie"></i><div></div></div></td><td><img class="storeItemImage" itemprop="image" alt="patates douces/sucrées BIO" src="/media/images/store_item/754.jpg"></td><td>patates douces/sucrées BIO</td><td class="not_printable sorting_1">légumes</td><td><img style="width:50%;" src="/media/images/logos/marchands/95.png" alt="Marchés Tau"></td><td><span itemprop="price">1,99 $</span><span itemprop="eligibleQuantity" itemscope="" itemtype="http://schema.org/QuantitativeValue">/<span itemprop="unitText">lb</span></span></td><td>4,39 $/kg</td><td style="display: none;">2020-03-29</td><td style="display: none;">USA</td><td style="display: none;"></td><td style="display: none;"></td><td style="display: none;"></td><td style="display: none;"></td><td style="display: none;"></td><td style="display: none;">japonaise</td><td style="display: none;"><a class="recipeLink" href="/recipe_ingredient_search_results.php?query=(_QU5E__1__________754__[]_1_1)&amp;sos_l=fr">Recettes avec patates douces/sucrées BIO</a></td></tr><tr role="row" class="odd"><td tabindex="0"><i class="fas fa-circle"></i></td><td class=" not_printable"><div class="addToGL" data-soscuisine-aisle="17" data-soscuisine-sip="3939209"><i class="fa fa-cart-plus" title="Ajouter à ma liste d'épicerie"></i><div></div></div></td><td><img class="storeItemImage" alt="pissenlits" src="/media/images/store_item/blank.jpg"></td><td>pissenlits</td><td class="not_printable sorting_1">légumes</td><td><img style="width:50%;" src="/media/images/logos/marchands/63.png" alt="Marché Adonis"></td><td><span itemprop="price">5,00 $</span><span itemprop="eligibleQuantity" itemscope="" itemtype="http://schema.org/QuantitativeValue">/<span itemprop="value">3</span> bottes</span></td><td>N/A</td><td style="display: none;">2020-02-26</td><td style="display: none;">USA</td><td style="display: none;"></td><td style="display: none;">gr. n.d.</td><td style="display: none;"></td><td style="display: none;"></td><td style="display: none;"></td><td style="display: none;"></td><td style="display: none;"></td></tr><tr role="row" class="even"><td tabindex="0"><i class="fas fa-exclamation"></i></td><td class=" not_printable"><div class="addToGL" data-soscuisine-aisle="17" data-soscuisine-sip="3912813"><i class="fa fa-cart-plus" title="Ajouter à ma liste d'épicerie"></i><div></div></div></td><td><img class="storeItemImage" alt="pleurotes BIO" src="/media/images/store_item/blank.jpg"></td><td>pleurotes BIO</td><td class="not_printable sorting_1">légumes</td><td><img style="width:50%;" src="/media/images/logos/marchands/94.png" alt="Avril"></td><td><span itemprop="price">2,99 $</span><span itemprop="eligibleQuantity" itemscope="" itemtype="http://schema.org/QuantitativeValue">/<span itemprop="unitText">150g</span></span></td><td>1,99 $/100g</td><td style="display: none;">2020-03-03</td><td style="display: none;">Ontario</td><td style="display: none;"></td><td style="display: none;"></td><td style="display: none;"></td><td style="display: none;"></td><td style="display: none;"></td><td style="display: none;">valide du 5 au 18 février</td><td style="display: none;"><a class="recipeLink" href="/recipe_ingredient_search_results.php?query=(_QU5E__1__________784__[]_1_1)&amp;sos_l=fr">Recettes avec pleurotes BIO</a></td></tr><tr role="row" class="odd"><td tabindex="0"><i class="fa fa-thumbs-down"></i></td><td class=" not_printable"><div class="addToGL" data-soscuisine-aisle="17" data-soscuisine-sip="3937639"><i class="fa fa-cart-plus" title="Ajouter à ma liste d'épicerie"></i><div></div></div></td><td><img class="storeItemImage" itemprop="image" alt="poireaux" src="/media/images/store_item/115.jpg"></td><td>poireaux</td><td class="not_printable sorting_1">légumes</td><td><img style="width:50%;" src="/media/images/logos/marchands/1.png" alt="Metro"></td><td><span itemprop="price">5,00 $</span><span itemprop="eligibleQuantity" itemscope="" itemtype="http://schema.org/QuantitativeValue">/<span itemprop="value">2</span>x<span itemprop="unitText">250g</span></span></td><td>10,00 $/kg</td><td style="display: none;">2020-02-26</td><td style="display: none;">France</td><td style="display: none;"></td><td style="display: none;"></td><td style="display: none;"></td><td style="display: none;"></td><td style="display: none;">tranché</td><td style="display: none;"></td><td style="display: none;"><a class="recipeLink" href="/recipe_ingredient_search_results.php?query=(_QU5E__1__________115__[]_1_1)&amp;sos_l=fr">Recettes avec poireaux</a></td></tr><tr role="row" class="even"><td tabindex="0"><i class="fa fa-thumbs-up"></i><i class="fa fa-thumbs-up"></i></td><td class=" not_printable"><div class="addToGL" data-soscuisine-aisle="17" data-soscuisine-sip="3937287"><i class="fa fa-cart-plus" title="Ajouter à ma liste d'épicerie"></i><div></div></div></td><td><img class="storeItemImage" alt="pois mange-tout" src="/media/images/store_item/blank.jpg"></td><td>pois mange-tout</td><td class="not_printable sorting_1">légumes</td><td><img style="width:50%;" src="/media/images/logos/marchands/75.png" alt="Fruiterie 440"></td><td><span itemprop="price">1,99 $</span><span itemprop="eligibleQuantity" itemscope="" itemtype="http://schema.org/QuantitativeValue">/<span itemprop="unitText">lb</span></span></td><td>4,39 $/kg</td><td style="display: none;">2020-02-23</td><td style="display: none;">Importé</td><td style="display: none;"></td><td style="display: none;"></td><td style="display: none;"></td><td style="display: none;"></td><td style="display: none;"></td><td style="display: none;"></td><td style="display: none;"><a class="recipeLink" href="/recipe_ingredient_search_results.php?query=(_QU5E__1__________119__[]_1_1)&amp;sos_l=fr">Recettes avec pois mange-tout</a></td></tr><tr role="row" class="odd"><td tabindex="0"><i class="fa fa-thumbs-up"></i><i class="fa fa-thumbs-up"></i></td><td class=" not_printable"><div class="addToGL" data-soscuisine-aisle="17" data-soscuisine-sip="3938559"><i class="fa fa-cart-plus" title="Ajouter à ma liste d'épicerie"></i><div></div></div></td><td><img class="storeItemImage" alt="pois mange-tout" src="/media/images/store_item/blank.jpg"></td><td>pois mange-tout</td><td class="not_printable sorting_1">légumes</td><td><img style="width:50%;" src="/media/images/logos/marchands/7.png" alt="Intermarché (Saveurs intl.)"></td><td><span itemprop="price">2,00 $</span><span itemprop="eligibleQuantity" itemscope="" itemtype="http://schema.org/QuantitativeValue">/<span itemprop="unitText">lb</span></span></td><td>4,41 $/kg</td><td style="display: none;">2020-02-26</td><td style="display: none;">Guatemala</td><td style="display: none;"></td><td style="display: none;"></td><td style="display: none;"></td><td style="display: none;"></td><td style="display: none;"></td><td style="display: none;"></td><td style="display: none;"><a class="recipeLink" href="/recipe_ingredient_search_results.php?query=(_QU5E__1__________119__[]_1_1)&amp;sos_l=fr">Recettes avec pois mange-tout</a></td></tr><tr role="row" class="even"><td tabindex="0"><i class="fa fa-thumbs-up"></i><i class="fa fa-thumbs-up"></i></td><td class=" not_printable"><div class="addToGL" data-soscuisine-aisle="17" data-soscuisine-sip="3942079"><i class="fa fa-cart-plus" title="Ajouter à ma liste d'épicerie"></i><div></div></div></td><td><img class="storeItemImage" alt="pois mange-tout" src="/media/images/store_item/blank.jpg"></td><td>pois mange-tout</td><td class="not_printable sorting_1">légumes</td><td><img style="width:50%;" src="/media/images/logos/marchands/13.png" alt="Jardin Mobile"></td><td><span itemprop="price">1,99 $</span><span itemprop="eligibleQuantity" itemscope="" itemtype="http://schema.org/QuantitativeValue">/<span itemprop="unitText">lb</span></span></td><td>4,39 $/kg</td><td style="display: none;">2020-02-26</td><td style="display: none;">Importé</td><td style="display: none;"></td><td style="display: none;"></td><td style="display: none;"></td><td style="display: none;"></td><td style="display: none;"></td><td style="display: none;"></td><td style="display: none;"><a class="recipeLink" href="/recipe_ingredient_search_results.php?query=(_QU5E__1__________119__[]_1_1)&amp;sos_l=fr">Recettes avec pois mange-tout</a></td></tr><tr role="row" class="odd"><td tabindex="0"><i class="fa fa-thumbs-up"></i><i class="fa fa-thumbs-up"></i></td><td class=" not_printable"><div class="addToGL" data-soscuisine-aisle="17" data-soscuisine-sip="3935967"><i class="fa fa-cart-plus" title="Ajouter à ma liste d'épicerie"></i><div></div></div></td><td><img class="storeItemImage" alt="pois mange-tout" src="/media/images/store_item/blank.jpg"></td><td>pois mange-tout</td><td class="not_printable sorting_1">légumes</td><td><img style="width:50%;" src="/media/images/logos/marchands/62.png" alt="Supermarché PA"></td><td><span itemprop="price">1,99 $</span><span itemprop="eligibleQuantity" itemscope="" itemtype="http://schema.org/QuantitativeValue">/<span itemprop="unitText">lb</span></span></td><td>4,39 $/kg</td><td style="display: none;">2020-02-23</td><td style="display: none;"></td><td style="display: none;"></td><td style="display: none;"></td><td style="display: none;"></td><td style="display: none;"></td><td style="display: none;"></td><td style="display: none;"></td><td style="display: none;"><a class="recipeLink" href="/recipe_ingredient_search_results.php?query=(_QU5E__1__________119__[]_1_1)&amp;sos_l=fr">Recettes avec pois mange-tout</a></td></tr><tr role="row" class="even"><td tabindex="0"><i class="fa fa-thumbs-up"></i><i class="fa fa-thumbs-up"></i></td><td class=" not_printable"><div class="addToGL" data-soscuisine-aisle="17" data-soscuisine-sip="3938555"><i class="fa fa-cart-plus" title="Ajouter à ma liste d'épicerie"></i><div></div></div></td><td><img class="storeItemImage" itemprop="image" alt="pois sugar snap" src="/media/images/store_item/794.jpg"></td><td>pois sugar snap</td><td class="not_printable sorting_1">légumes</td><td><img style="width:50%;" src="/media/images/logos/marchands/7.png" alt="Intermarché (Saveurs intl.)"></td><td><span itemprop="price">2,00 $</span><span itemprop="eligibleQuantity" itemscope="" itemtype="http://schema.org/QuantitativeValue">/<span itemprop="unitText">lb</span></span></td><td>4,41 $/kg</td><td style="display: none;">2020-02-26</td><td style="display: none;">Guatemala</td><td style="display: none;"></td><td style="display: none;"></td><td style="display: none;"></td><td style="display: none;"></td><td style="display: none;"></td><td style="display: none;"></td><td style="display: none;"><a class="recipeLink" href="/recipe_ingredient_search_results.php?query=(_QU5E__1__________794__[]_1_1)&amp;sos_l=fr">Recettes avec pois sugar snap</a></td></tr><tr role="row" class="odd"><td tabindex="0"><i class="fa fa-thumbs-up"></i><i class="fa fa-thumbs-up"></i></td><td class=" not_printable"><div class="addToGL" data-soscuisine-aisle="17" data-soscuisine-sip="3942085"><i class="fa fa-cart-plus" title="Ajouter à ma liste d'épicerie"></i><div></div></div></td><td><img class="storeItemImage" itemprop="image" alt="pois sugar snap" src="/media/images/store_item/794.jpg"></td><td>pois sugar snap</td><td class="not_printable sorting_1">légumes</td><td><img style="width:50%;" src="/media/images/logos/marchands/13.png" alt="Jardin Mobile"></td><td><span itemprop="price">1,99 $</span><span itemprop="eligibleQuantity" itemscope="" itemtype="http://schema.org/QuantitativeValue">/<span itemprop="unitText">lb</span></span></td><td>4,39 $/kg</td><td style="display: none;">2020-02-26</td><td style="display: none;">Importé</td><td style="display: none;"></td><td style="display: none;"></td><td style="display: none;"></td><td style="display: none;"></td><td style="display: none;"></td><td style="display: none;"></td><td style="display: none;"><a class="recipeLink" href="/recipe_ingredient_search_results.php?query=(_QU5E__1__________794__[]_1_1)&amp;sos_l=fr">Recettes avec pois sugar snap</a></td></tr><tr role="row" class="even"><td tabindex="0"><i class="fa fa-thumbs-up"></i><i class="fa fa-thumbs-up"></i></td><td class=" not_printable"><div class="addToGL" data-soscuisine-aisle="17" data-soscuisine-sip="3935971"><i class="fa fa-cart-plus" title="Ajouter à ma liste d'épicerie"></i><div></div></div></td><td><img class="storeItemImage" itemprop="image" alt="pois sugar snap" src="/media/images/store_item/794.jpg"></td><td>pois sugar snap</td><td class="not_printable sorting_1">légumes</td><td><img style="width:50%;" src="/media/images/logos/marchands/62.png" alt="Supermarché PA"></td><td><span itemprop="price">1,99 $</span><span itemprop="eligibleQuantity" itemscope="" itemtype="http://schema.org/QuantitativeValue">/<span itemprop="unitText">lb</span></span></td><td>4,39 $/kg</td><td style="display: none;">2020-02-23</td><td style="display: none;"></td><td style="display: none;"></td><td style="display: none;"></td><td style="display: none;"></td><td style="display: none;"></td><td style="display: none;"></td><td style="display: none;"></td><td style="display: none;"><a class="recipeLink" href="/recipe_ingredient_search_results.php?query=(_QU5E__1__________794__[]_1_1)&amp;sos_l=fr">Recettes avec pois sugar snap</a></td></tr><tr role="row" class="odd"><td tabindex="0"><i class="fa fa-thumbs-down"></i></td><td class=" not_printable"><div class="addToGL" data-soscuisine-aisle="17" data-soscuisine-sip="3938635"><i class="fa fa-cart-plus" title="Ajouter à ma liste d'épicerie"></i><div></div></div></td><td><img class="storeItemImage" itemprop="image" alt="poivrons rouges" src="/media/images/store_item/291.jpg"></td><td>poivrons rouges</td><td class="not_printable sorting_1">légumes</td><td><img style="width:50%;" src="/media/images/logos/marchands/69.png" alt="Intermarché (Provincial)"></td><td><span itemprop="price">4,99 $</span><span itemprop="eligibleQuantity" itemscope="" itemtype="http://schema.org/QuantitativeValue">/<span itemprop="unitText">paq. de 4</span></span></td><td>9,98 $/kg</td><td style="display: none;">2020-02-26</td><td style="display: none;">Mexique</td><td style="display: none;">marque maison</td><td style="display: none;">standard</td><td style="display: none;">jaunes, oranges, rouges</td><td style="display: none;"></td><td style="display: none;"></td><td style="display: none;"></td><td style="display: none;"><a class="recipeLink" href="/recipe_ingredient_search_results.php?query=(_QU5E__1__________291__[]_1_1)&amp;sos_l=fr">Recettes avec poivrons rouges</a></td></tr><tr role="row" class="even"><td tabindex="0"><i class="fa fa-thumbs-down"></i></td><td class=" not_printable"><div class="addToGL" data-soscuisine-aisle="17" data-soscuisine-sip="3938129"><i class="fa fa-cart-plus" title="Ajouter à ma liste d'épicerie"></i><div></div></div></td><td><img class="storeItemImage" itemprop="image" alt="poivrons rouges" src="/media/images/store_item/291.jpg"></td><td>poivrons rouges</td><td class="not_printable sorting_1">légumes</td><td><img style="width:50%;" src="/media/images/logos/marchands/2.png" alt="Provigo"></td><td><span itemprop="price">4,99 $</span><span itemprop="eligibleQuantity" itemscope="" itemtype="http://schema.org/QuantitativeValue">/<span itemprop="unitText">paq. de 3</span></span></td><td>13,31 $/kg</td><td style="display: none;">2020-02-26</td><td style="display: none;">Mexique</td><td style="display: none;">marque maison</td><td style="display: none;">standard</td><td style="display: none;">type mélangé</td><td style="display: none;"></td><td style="display: none;"></td><td style="display: none;"></td><td style="display: none;"><a class="recipeLink" href="/recipe_ingredient_search_results.php?query=(_QU5E__1__________291__[]_1_1)&amp;sos_l=fr">Recettes avec poivrons rouges</a></td></tr><tr role="row" class="odd"><td tabindex="0"><i class="fa fa-thumbs-down"></i></td><td class=" not_printable"><div class="addToGL" data-soscuisine-aisle="17" data-soscuisine-sip="3940509"><i class="fa fa-cart-plus" title="Ajouter à ma liste d'épicerie"></i><div></div></div></td><td><img class="storeItemImage" itemprop="image" alt="poivrons rouges" src="/media/images/store_item/291.jpg"></td><td>poivrons rouges</td><td class="not_printable sorting_1">légumes</td><td><img style="width:50%;" src="/media/images/logos/marchands/5.png" alt="Super C"></td><td><span itemprop="price">4,99 $</span><span itemprop="eligibleQuantity" itemscope="" itemtype="http://schema.org/QuantitativeValue">/<span itemprop="unitText">paq. de 4</span></span></td><td>9,98 $/kg</td><td style="display: none;">2020-02-26</td><td style="display: none;">Honduras</td><td style="display: none;"></td><td style="display: none;">standard</td><td style="display: none;">jaunes, oranges, rouges</td><td style="display: none;"></td><td style="display: none;"></td><td style="display: none;">ou Mexique</td><td style="display: none;"><a class="recipeLink" href="/recipe_ingredient_search_results.php?query=(_QU5E__1__________291__[]_1_1)&amp;sos_l=fr">Recettes avec poivrons rouges</a></td></tr><tr role="row" class="even"><td tabindex="0"><i class="fa fa-thumbs-up"></i><i class="fa fa-thumbs-up"></i></td><td class=" not_printable"><div class="addToGL" data-soscuisine-aisle="17" data-soscuisine-sip="3938753"><i class="fa fa-cart-plus" title="Ajouter à ma liste d'épicerie"></i><div></div></div></td><td><img class="storeItemImage" itemprop="image" alt="poivrons rouges BIO" src="/media/images/store_item/945.jpg"></td><td>poivrons rouges BIO</td><td class="not_printable sorting_1">légumes</td><td><img style="width:50%;" src="/media/images/logos/marchands/93.png" alt="Rachelle Béry"></td><td><span itemprop="price">2,49 $</span><span itemprop="eligibleQuantity" itemscope="" itemtype="http://schema.org/QuantitativeValue">/<span itemprop="unitText">lb</span></span></td><td>5,49 $/kg</td><td style="display: none;">2020-03-04</td><td style="display: none;">Importé</td><td style="display: none;"></td><td style="display: none;"></td><td style="display: none;">jaunes, oranges, rouges</td><td style="display: none;"></td><td style="display: none;"></td><td style="display: none;"></td><td style="display: none;"><a class="recipeLink" href="/recipe_ingredient_search_results.php?query=(_QU5E__1__________945__[]_1_1)&amp;sos_l=fr">Recettes avec poivrons rouges BIO</a></td></tr><tr role="row" class="odd"><td tabindex="0"><i class="fa fa-thumbs-down"></i></td><td class=" not_printable"><div class="addToGL" data-soscuisine-aisle="17" data-soscuisine-sip="3939853"><i class="fa fa-cart-plus" title="Ajouter à ma liste d'épicerie"></i><div></div></div></td><td><img class="storeItemImage" itemprop="image" alt="poivrons verts" src="/media/images/store_item/107.jpg"></td><td>poivrons verts</td><td class="not_printable sorting_1">légumes</td><td><img style="width:50%;" src="/media/images/logos/marchands/10.png" alt="Bonichoix "></td><td><span itemprop="price">2,99 $</span><span itemprop="eligibleQuantity" itemscope="" itemtype="http://schema.org/QuantitativeValue">/<span itemprop="unitText">lb</span></span></td><td>6,59 $/kg</td><td style="display: none;">2020-02-26</td><td style="display: none;">USA</td><td style="display: none;"></td><td style="display: none;"></td><td style="display: none;"></td><td style="display: none;"></td><td style="display: none;"></td><td style="display: none;"></td><td style="display: none;"><a class="recipeLink" href="/recipe_ingredient_search_results.php?query=(_QU5E__1__________107__[]_1_1)&amp;sos_l=fr">Recettes avec poivrons verts</a></td></tr><tr role="row" class="even"><td tabindex="0"><i class="fa fa-thumbs-down"></i></td><td class=" not_printable"><div class="addToGL" data-soscuisine-aisle="17" data-soscuisine-sip="3939523"><i class="fa fa-cart-plus" title="Ajouter à ma liste d'épicerie"></i><div></div></div></td><td><img class="storeItemImage" itemprop="image" alt="poivrons verts" src="/media/images/store_item/107.jpg"></td><td>poivrons verts</td><td class="not_printable sorting_1">légumes</td><td><img style="width:50%;" src="/media/images/logos/marchands/3.png" alt="IGA"></td><td><span itemprop="price">4,99 $</span><span itemprop="eligibleQuantity" itemscope="" itemtype="http://schema.org/QuantitativeValue">/<span itemprop="unitText">paq. de 4</span></span></td><td>9,98 $/kg</td><td style="display: none;">2020-02-26</td><td style="display: none;">Importé</td><td style="display: none;"></td><td style="display: none;">standard</td><td style="display: none;">de champ</td><td style="display: none;"></td><td style="display: none;"></td><td style="display: none;"></td><td style="display: none;"><a class="recipeLink" href="/recipe_ingredient_search_results.php?query=(_QU5E__1__________107__[]_1_1)&amp;sos_l=fr">Recettes avec poivrons verts</a></td></tr><tr role="row" class="odd"><td tabindex="0"><i class="fas fa-hand-rock"></i></td><td class=" not_printable"><div class="addToGL" data-soscuisine-aisle="17" data-soscuisine-sip="3939195"><i class="fa fa-cart-plus" title="Ajouter à ma liste d'épicerie"></i><div></div></div></td><td><img class="storeItemImage" itemprop="image" alt="poivrons verts" src="/media/images/store_item/107.jpg"></td><td>poivrons verts</td><td class="not_printable sorting_1">légumes</td><td><img style="width:50%;" src="/media/images/logos/marchands/63.png" alt="Marché Adonis"></td><td><span itemprop="price">1,69 $</span><span itemprop="eligibleQuantity" itemscope="" itemtype="http://schema.org/QuantitativeValue">/<span itemprop="unitText">lb</span></span></td><td>3,73 $/kg</td><td style="display: none;">2020-02-26</td><td style="display: none;">USA</td><td style="display: none;"></td><td style="display: none;"></td><td style="display: none;"></td><td style="display: none;"></td><td style="display: none;"></td><td style="display: none;"></td><td style="display: none;"><a class="recipeLink" href="/recipe_ingredient_search_results.php?query=(_QU5E__1__________107__[]_1_1)&amp;sos_l=fr">Recettes avec poivrons verts</a></td></tr><tr role="row" class="even"><td tabindex="0"><i class="fas fa-hand-rock"></i></td><td class=" not_printable"><div class="addToGL" data-soscuisine-aisle="17" data-soscuisine-sip="3937467"><i class="fa fa-cart-plus" title="Ajouter à ma liste d'épicerie"></i><div></div></div></td><td><img class="storeItemImage" itemprop="image" alt="poivrons verts" src="/media/images/store_item/107.jpg"></td><td>poivrons verts</td><td class="not_printable sorting_1">légumes</td><td><img style="width:50%;" src="/media/images/logos/marchands/6.png" alt="Maxi"></td><td><span itemprop="price">2,00 $</span><span itemprop="eligibleQuantity" itemscope="" itemtype="http://schema.org/QuantitativeValue">/<span itemprop="unitText">lb</span></span></td><td>4,41 $/kg</td><td style="display: none;">2020-02-26</td><td style="display: none;">USA</td><td style="display: none;"></td><td style="display: none;"></td><td style="display: none;"></td><td style="display: none;"></td><td style="display: none;"></td><td style="display: none;"></td><td style="display: none;"><a class="recipeLink" href="/recipe_ingredient_search_results.php?query=(_QU5E__1__________107__[]_1_1)&amp;sos_l=fr">Recettes avec poivrons verts</a></td></tr><tr role="row" class="odd"><td tabindex="0"><i class="fas fa-hand-rock"></i></td><td class=" not_printable"><div class="addToGL" data-soscuisine-aisle="17" data-soscuisine-sip="3937663"><i class="fa fa-cart-plus" title="Ajouter à ma liste d'épicerie"></i><div></div></div></td><td><img class="storeItemImage" itemprop="image" alt="poivrons verts" src="/media/images/store_item/107.jpg"></td><td>poivrons verts</td><td class="not_printable sorting_1">légumes</td><td><img style="width:50%;" src="/media/images/logos/marchands/1.png" alt="Metro"></td><td><span itemprop="price">2,49 $</span><span itemprop="eligibleQuantity" itemscope="" itemtype="http://schema.org/QuantitativeValue">/<span itemprop="unitText">lb</span></span></td><td>5,49 $/kg</td><td style="display: none;">2020-02-26</td><td style="display: none;">USA</td><td style="display: none;"></td><td style="display: none;"></td><td style="display: none;"></td><td style="display: none;"></td><td style="display: none;"></td><td style="display: none;">ou Mexique</td><td style="display: none;"><a class="recipeLink" href="/recipe_ingredient_search_results.php?query=(_QU5E__1__________107__[]_1_1)&amp;sos_l=fr">Recettes avec poivrons verts</a></td></tr><tr role="row" class="even"><td tabindex="0"><i class="fa fa-thumbs-up"></i><i class="fa fa-thumbs-up"></i></td><td class=" not_printable"><div class="addToGL" data-soscuisine-aisle="17" data-soscuisine-sip="3939047"><i class="fa fa-cart-plus" title="Ajouter à ma liste d'épicerie"></i><div></div></div></td><td><img class="storeItemImage" itemprop="image" alt="poivrons verts" src="/media/images/store_item/107.jpg"></td><td>poivrons verts</td><td class="not_printable sorting_1">légumes</td><td><img style="width:50%;" src="/media/images/logos/marchands/64.png" alt="Mourelatos"></td><td><span itemprop="price">0,99 $</span><span itemprop="eligibleQuantity" itemscope="" itemtype="http://schema.org/QuantitativeValue">/<span itemprop="unitText">lb</span></span></td><td>2,18 $/kg</td><td style="display: none;">2020-02-25</td><td style="display: none;"></td><td style="display: none;"></td><td style="display: none;"></td><td style="display: none;"></td><td style="display: none;"></td><td style="display: none;"></td><td style="display: none;"></td><td style="display: none;"><a class="recipeLink" href="/recipe_ingredient_search_results.php?query=(_QU5E__1__________107__[]_1_1)&amp;sos_l=fr">Recettes avec poivrons verts</a></td></tr><tr role="row" class="odd"><td tabindex="0"><i class="fa fa-thumbs-down"></i></td><td class=" not_printable"><div class="addToGL" data-soscuisine-aisle="17" data-soscuisine-sip="3940897"><i class="fa fa-cart-plus" title="Ajouter à ma liste d'épicerie"></i><div></div></div></td><td><img class="storeItemImage" itemprop="image" alt="poivrons verts" src="/media/images/store_item/107.jpg"></td><td>poivrons verts</td><td class="not_printable sorting_1">légumes</td><td><img style="width:50%;" src="/media/images/logos/marchands/12.png" alt="Richelieu"></td><td><span itemprop="price">2,99 $</span><span itemprop="eligibleQuantity" itemscope="" itemtype="http://schema.org/QuantitativeValue">/<span itemprop="unitText">lb</span></span></td><td>6,59 $/kg</td><td style="display: none;">2020-02-26</td><td style="display: none;">USA</td><td style="display: none;"></td><td style="display: none;"></td><td style="display: none;"></td><td style="display: none;"></td><td style="display: none;"></td><td style="display: none;"></td><td style="display: none;"><a class="recipeLink" href="/recipe_ingredient_search_results.php?query=(_QU5E__1__________107__[]_1_1)&amp;sos_l=fr">Recettes avec poivrons verts</a></td></tr><tr role="row" class="even"><td tabindex="0"><i class="fa fa-thumbs-down"></i></td><td class=" not_printable"><div class="addToGL" data-soscuisine-aisle="17" data-soscuisine-sip="3940505"><i class="fa fa-cart-plus" title="Ajouter à ma liste d'épicerie"></i><div></div></div></td><td><img class="storeItemImage" itemprop="image" alt="poivrons verts" src="/media/images/store_item/107.jpg"></td><td>poivrons verts</td><td class="not_printable sorting_1">légumes</td><td><img style="width:50%;" src="/media/images/logos/marchands/5.png" alt="Super C"></td><td><span itemprop="price">2,99 $</span><span itemprop="eligibleQuantity" itemscope="" itemtype="http://schema.org/QuantitativeValue">/<span itemprop="unitText">lb</span></span></td><td>6,59 $/kg</td><td style="display: none;">2020-02-26</td><td style="display: none;">USA</td><td style="display: none;"></td><td style="display: none;"></td><td style="display: none;"></td><td style="display: none;"></td><td style="display: none;"></td><td style="display: none;"></td><td style="display: none;"><a class="recipeLink" href="/recipe_ingredient_search_results.php?query=(_QU5E__1__________107__[]_1_1)&amp;sos_l=fr">Recettes avec poivrons verts</a></td></tr><tr role="row" class="odd"><td tabindex="0"><i class="fa fa-thumbs-down"></i></td><td class=" not_printable"><div class="addToGL" data-soscuisine-aisle="17" data-soscuisine-sip="3940559"><i class="fa fa-cart-plus" title="Ajouter à ma liste d'épicerie"></i><div></div></div></td><td><img class="storeItemImage" itemprop="image" alt="poivrons verts" src="/media/images/store_item/107.jpg"></td><td>poivrons verts</td><td class="not_printable sorting_1">légumes</td><td><img style="width:50%;" src="/media/images/logos/marchands/11.png" alt="Tradition"></td><td><span itemprop="price">2,99 $</span><span itemprop="eligibleQuantity" itemscope="" itemtype="http://schema.org/QuantitativeValue">/<span itemprop="unitText">lb</span></span></td><td>6,59 $/kg</td><td style="display: none;">2020-02-26</td><td style="display: none;">USA</td><td style="display: none;"></td><td style="display: none;"></td><td style="display: none;"></td><td style="display: none;"></td><td style="display: none;"></td><td style="display: none;"></td><td style="display: none;"><a class="recipeLink" href="/recipe_ingredient_search_results.php?query=(_QU5E__1__________107__[]_1_1)&amp;sos_l=fr">Recettes avec poivrons verts</a></td></tr><tr role="row" class="even"><td tabindex="0"><i class="fas fa-hand-rock"></i></td><td class=" not_printable"><div class="addToGL" data-soscuisine-aisle="17" data-soscuisine-sip="3939843"><i class="fa fa-cart-plus" title="Ajouter à ma liste d'épicerie"></i><div></div></div></td><td><img class="storeItemImage" itemprop="image" alt="pommes de terre" src="/media/images/store_item/65.jpg"></td><td>pommes de terre</td><td class="not_printable sorting_1">légumes</td><td><img style="width:50%;" src="/media/images/logos/marchands/10.png" alt="Bonichoix "></td><td><span itemprop="price">4,99 $</span><span itemprop="eligibleQuantity" itemscope="" itemtype="http://schema.org/QuantitativeValue">/<span itemprop="unitText">10lb (4,54kg)</span></span></td><td>1,10 $/kg</td><td style="display: none;">2020-02-26</td><td style="display: none;">Québec</td><td style="display: none;"></td><td style="display: none;"></td><td style="display: none;">rouges, jaunes</td><td style="display: none;"></td><td style="display: none;"></td><td style="display: none;">ou russet</td><td style="display: none;"><a class="recipeLink" href="/recipe_ingredient_search_results.php?query=(_QU5E__1__________65__[]_1_1)&amp;sos_l=fr">Recettes avec pommes de terre</a></td></tr><tr role="row" class="odd"><td tabindex="0"><i class="fa fa-thumbs-down"></i></td><td class=" not_printable"><div class="addToGL" data-soscuisine-aisle="17" data-soscuisine-sip="3939303"><i class="fa fa-cart-plus" title="Ajouter à ma liste d'épicerie"></i><div></div></div></td><td><img class="storeItemImage" itemprop="image" alt="pommes de terre" src="/media/images/store_item/65.jpg"></td><td>pommes de terre</td><td class="not_printable sorting_1">légumes</td><td><img style="width:50%;" src="/media/images/logos/marchands/3.png" alt="IGA"></td><td><span itemprop="price">3,99 $</span><span itemprop="eligibleQuantity" itemscope="" itemtype="http://schema.org/QuantitativeValue">/<span itemprop="unitText">5lb (2,3kg)</span></span></td><td>1,76 $/kg</td><td style="display: none;">2020-02-26</td><td style="display: none;">Québec</td><td style="display: none;">marque maison</td><td style="display: none;"></td><td style="display: none;">rouges, jaunes</td><td style="display: none;"></td><td style="display: none;"></td><td style="display: none;">ou Russet</td><td style="display: none;"><a class="recipeLink" href="/recipe_ingredient_search_results.php?query=(_QU5E__1__________65__[]_1_1)&amp;sos_l=fr">Recettes avec pommes de terre</a></td></tr><tr role="row" class="even"><td tabindex="0"><i class="fas fa-hand-rock"></i></td><td class=" not_printable"><div class="addToGL" data-soscuisine-aisle="17" data-soscuisine-sip="3937451"><i class="fa fa-cart-plus" title="Ajouter à ma liste d'épicerie"></i><div></div></div></td><td><img class="storeItemImage" itemprop="image" alt="pommes de terre" src="/media/images/store_item/65.jpg"></td><td>pommes de terre</td><td class="not_printable sorting_1">légumes</td><td><img style="width:50%;" src="/media/images/logos/marchands/6.png" alt="Maxi"></td><td><span itemprop="price">2,00 $</span><span itemprop="eligibleQuantity" itemscope="" itemtype="http://schema.org/QuantitativeValue">/<span itemprop="unitText">5lb (2,3kg)</span></span></td><td>0,88 $/kg</td><td style="display: none;">2020-02-26</td><td style="display: none;">Québec</td><td style="display: none;"></td><td style="display: none;"></td><td style="display: none;">rouges, jaunes</td><td style="display: none;"></td><td style="display: none;"></td><td style="display: none;">ou Russet</td><td style="display: none;"><a class="recipeLink" href="/recipe_ingredient_search_results.php?query=(_QU5E__1__________65__[]_1_1)&amp;sos_l=fr">Recettes avec pommes de terre</a></td></tr><tr role="row" class="odd"><td tabindex="0"><i class="fa fa-thumbs-up"></i></td><td class=" not_printable"><div class="addToGL" data-soscuisine-aisle="17" data-soscuisine-sip="3939059"><i class="fa fa-cart-plus" title="Ajouter à ma liste d'épicerie"></i><div></div></div></td><td><img class="storeItemImage" itemprop="image" alt="pommes de terre" src="/media/images/store_item/65.jpg"></td><td>pommes de terre</td><td class="not_printable sorting_1">légumes</td><td><img style="width:50%;" src="/media/images/logos/marchands/64.png" alt="Mourelatos"></td><td><span itemprop="price">2,49 $</span><span itemprop="eligibleQuantity" itemscope="" itemtype="http://schema.org/QuantitativeValue">/<span itemprop="unitText">10lb (4,54kg)</span></span></td><td>0,55 $/kg</td><td style="display: none;">2020-02-25</td><td style="display: none;">Île du P.E.</td><td style="display: none;"></td><td style="display: none;"></td><td style="display: none;"></td><td style="display: none;"></td><td style="display: none;"></td><td style="display: none;"></td><td style="display: none;"><a class="recipeLink" href="/recipe_ingredient_search_results.php?query=(_QU5E__1__________65__[]_1_1)&amp;sos_l=fr">Recettes avec pommes de terre</a></td></tr><tr role="row" class="even"><td tabindex="0"><i class="fa fa-thumbs-up"></i></td><td class=" not_printable"><div class="addToGL" data-soscuisine-aisle="17" data-soscuisine-sip="3937999"><i class="fa fa-cart-plus" title="Ajouter à ma liste d'épicerie"></i><div></div></div></td><td><img class="storeItemImage" itemprop="image" alt="pommes de terre" src="/media/images/store_item/65.jpg"></td><td>pommes de terre</td><td class="not_printable sorting_1">légumes</td><td><img style="width:50%;" src="/media/images/logos/marchands/2.png" alt="Provigo"></td><td><span itemprop="price">5,00 $</span><span itemprop="eligibleQuantity" itemscope="" itemtype="http://schema.org/QuantitativeValue">/<span itemprop="value">2</span>x<span itemprop="unitText">10lb (4,54kg)</span></span></td><td>0,55 $/kg</td><td style="display: none;">2020-02-26</td><td style="display: none;">Québec</td><td style="display: none;">marque maison</td><td style="display: none;"></td><td style="display: none;">Russet</td><td style="display: none;"></td><td style="display: none;"></td><td style="display: none;"></td><td style="display: none;"><a class="recipeLink" href="/recipe_ingredient_search_results.php?query=(_QU5E__1__________65__[]_1_1)&amp;sos_l=fr">Recettes avec pommes de terre</a></td></tr><tr role="row" class="odd"><td tabindex="0"><i class="fa fa-thumbs-up"></i></td><td class=" not_printable"><div class="addToGL" data-soscuisine-aisle="17" data-soscuisine-sip="3937997"><i class="fa fa-cart-plus" title="Ajouter à ma liste d'épicerie"></i><div></div></div></td><td><img class="storeItemImage" itemprop="image" alt="pommes de terre" src="/media/images/store_item/65.jpg"></td><td>pommes de terre</td><td class="not_printable sorting_1">légumes</td><td><img style="width:50%;" src="/media/images/logos/marchands/2.png" alt="Provigo"></td><td><span itemprop="price">2,99 $</span><span itemprop="eligibleQuantity" itemscope="" itemtype="http://schema.org/QuantitativeValue">/<span itemprop="unitText">10lb (4,54kg)</span></span></td><td>0,66 $/kg</td><td style="display: none;">2020-02-26</td><td style="display: none;">Québec</td><td style="display: none;">marque maison</td><td style="display: none;"></td><td style="display: none;">Russet</td><td style="display: none;"></td><td style="display: none;"></td><td style="display: none;"></td><td style="display: none;"><a class="recipeLink" href="/recipe_ingredient_search_results.php?query=(_QU5E__1__________65__[]_1_1)&amp;sos_l=fr">Recettes avec pommes de terre</a></td></tr><tr role="row" class="even"><td tabindex="0"><i class="fa fa-thumbs-down"></i></td><td class=" not_printable"><div class="addToGL" data-soscuisine-aisle="17" data-soscuisine-sip="3938213"><i class="fa fa-cart-plus" title="Ajouter à ma liste d'épicerie"></i><div></div></div></td><td><img class="storeItemImage" itemprop="image" alt="pommes de terre" src="/media/images/store_item/65.jpg"></td><td>pommes de terre</td><td class="not_printable sorting_1">légumes</td><td><img style="width:50%;" src="/media/images/logos/marchands/2.png" alt="Provigo"></td><td><span itemprop="price">5,00 $</span><span itemprop="eligibleQuantity" itemscope="" itemtype="http://schema.org/QuantitativeValue">/<span itemprop="value">2</span>x<span itemprop="unitText">2lb (907g)</span></span></td><td>2,76 $/kg</td><td style="display: none;">2020-02-26</td><td style="display: none;">Québec</td><td style="display: none;">marque maison</td><td style="display: none;"></td><td style="display: none;">jaune</td><td style="display: none;"></td><td style="display: none;"></td><td style="display: none;"></td><td style="display: none;"><a class="recipeLink" href="/recipe_ingredient_search_results.php?query=(_QU5E__1__________65__[]_1_1)&amp;sos_l=fr">Recettes avec pommes de terre</a></td></tr><tr role="row" class="odd"><td tabindex="0"><i class="fa fa-thumbs-down"></i></td><td class=" not_printable"><div class="addToGL" data-soscuisine-aisle="17" data-soscuisine-sip="3938209"><i class="fa fa-cart-plus" title="Ajouter à ma liste d'épicerie"></i><div></div></div></td><td><img class="storeItemImage" itemprop="image" alt="pommes de terre" src="/media/images/store_item/65.jpg"></td><td>pommes de terre</td><td class="not_printable sorting_1">légumes</td><td><img style="width:50%;" src="/media/images/logos/marchands/2.png" alt="Provigo"></td><td><span itemprop="price">2,99 $</span><span itemprop="eligibleQuantity" itemscope="" itemtype="http://schema.org/QuantitativeValue">/<span itemprop="unitText">2lb (907g)</span></span></td><td>3,30 $/kg</td><td style="display: none;">2020-02-26</td><td style="display: none;">Québec</td><td style="display: none;">marque maison</td><td style="display: none;"></td><td style="display: none;">jaune</td><td style="display: none;"></td><td style="display: none;"></td><td style="display: none;"></td><td style="display: none;"><a class="recipeLink" href="/recipe_ingredient_search_results.php?query=(_QU5E__1__________65__[]_1_1)&amp;sos_l=fr">Recettes avec pommes de terre</a></td></tr><tr role="row" class="even"><td tabindex="0"><i class="fas fa-hand-rock"></i></td><td class=" not_printable"><div class="addToGL" data-soscuisine-aisle="17" data-soscuisine-sip="3940533"><i class="fa fa-cart-plus" title="Ajouter à ma liste d'épicerie"></i><div></div></div></td><td><img class="storeItemImage" itemprop="image" alt="pommes de terre" src="/media/images/store_item/65.jpg"></td><td>pommes de terre</td><td class="not_printable sorting_1">légumes</td><td><img style="width:50%;" src="/media/images/logos/marchands/5.png" alt="Super C"></td><td><span itemprop="price">3,99 $</span><span itemprop="eligibleQuantity" itemscope="" itemtype="http://schema.org/QuantitativeValue">/<span itemprop="unitText">10lb (4,54kg)</span></span></td><td>0,88 $/kg</td><td style="display: none;">2020-02-26</td><td style="display: none;">Québec</td><td style="display: none;"></td><td style="display: none;"></td><td style="display: none;">rouges, jaunes</td><td style="display: none;"></td><td style="display: none;"></td><td style="display: none;">ou Russet</td><td style="display: none;"><a class="recipeLink" href="/recipe_ingredient_search_results.php?query=(_QU5E__1__________65__[]_1_1)&amp;sos_l=fr">Recettes avec pommes de terre</a></td></tr><tr role="row" class="odd"><td tabindex="0"><i class="fa fa-thumbs-down"></i></td><td class=" not_printable"><div class="addToGL" data-soscuisine-aisle="17" data-soscuisine-sip="3940535"><i class="fa fa-cart-plus" title="Ajouter à ma liste d'épicerie"></i><div></div></div></td><td><img class="storeItemImage" itemprop="image" alt="pommes de terre" src="/media/images/store_item/65.jpg"></td><td>pommes de terre</td><td class="not_printable sorting_1">légumes</td><td><img style="width:50%;" src="/media/images/logos/marchands/5.png" alt="Super C"></td><td><span itemprop="price">2,99 $</span><span itemprop="eligibleQuantity" itemscope="" itemtype="http://schema.org/QuantitativeValue">/<span itemprop="unitText">5lb (2,3kg)</span></span></td><td>1,32 $/kg</td><td style="display: none;">2020-02-26</td><td style="display: none;"></td><td style="display: none;"></td><td style="display: none;"></td><td style="display: none;"></td><td style="display: none;"></td><td style="display: none;"></td><td style="display: none;"></td><td style="display: none;"><a class="recipeLink" href="/recipe_ingredient_search_results.php?query=(_QU5E__1__________65__[]_1_1)&amp;sos_l=fr">Recettes avec pommes de terre</a></td></tr><tr role="row" class="even"><td tabindex="0"><i class="fas fa-hand-rock"></i></td><td class=" not_printable"><div class="addToGL" data-soscuisine-aisle="17" data-soscuisine-sip="3940617"><i class="fa fa-cart-plus" title="Ajouter à ma liste d'épicerie"></i><div></div></div></td><td><img class="storeItemImage" itemprop="image" alt="pommes de terre" src="/media/images/store_item/65.jpg"></td><td>pommes de terre</td><td class="not_printable sorting_1">légumes</td><td><img style="width:50%;" src="/media/images/logos/marchands/11.png" alt="Tradition"></td><td><span itemprop="price">4,99 $</span><span itemprop="eligibleQuantity" itemscope="" itemtype="http://schema.org/QuantitativeValue">/<span itemprop="unitText">10lb (4,54kg)</span></span></td><td>1,10 $/kg</td><td style="display: none;">2020-02-26</td><td style="display: none;">Québec</td><td style="display: none;"></td><td style="display: none;"></td><td style="display: none;">blanches, jaunes, rouges</td><td style="display: none;"></td><td style="display: none;"></td><td style="display: none;"></td><td style="display: none;"><a class="recipeLink" href="/recipe_ingredient_search_results.php?query=(_QU5E__1__________65__[]_1_1)&amp;sos_l=fr">Recettes avec pommes de terre</a></td></tr><tr role="row" class="odd"><td tabindex="0"><i class="fas fa-hand-rock"></i></td><td class=" not_printable"><div class="addToGL" data-soscuisine-aisle="17" data-soscuisine-sip="3939305"><i class="fa fa-cart-plus" title="Ajouter à ma liste d'épicerie"></i><div></div></div></td><td><img class="storeItemImage" itemprop="image" alt="pommes de terre BIO" src="/media/images/store_item/694.jpg"></td><td>pommes de terre BIO</td><td class="not_printable sorting_1">légumes</td><td><img style="width:50%;" src="/media/images/logos/marchands/3.png" alt="IGA"></td><td><span itemprop="price">4,99 $</span><span itemprop="eligibleQuantity" itemscope="" itemtype="http://schema.org/QuantitativeValue">/<span itemprop="unitText">5lb (2,3kg)</span></span></td><td>2,20 $/kg</td><td style="display: none;">2020-02-26</td><td style="display: none;">Québec</td><td style="display: none;"></td><td style="display: none;"></td><td style="display: none;">rouges, jaunes</td><td style="display: none;"></td><td style="display: none;"></td><td style="display: none;">ou Russet, ou Canada</td><td style="display: none;"><a class="recipeLink" href="/recipe_ingredient_search_results.php?query=(_QU5E__1__________694__[]_1_1)&amp;sos_l=fr">Recettes avec pommes de terre BIO</a></td></tr><tr role="row" class="even"><td tabindex="0"><i class="fas fa-hand-rock"></i></td><td class=" not_printable"><div class="addToGL" data-soscuisine-aisle="17" data-soscuisine-sip="3939837"><i class="fa fa-cart-plus" title="Ajouter à ma liste d'épicerie"></i><div></div></div></td><td><img class="storeItemImage" itemprop="image" alt="pommes de terre grelot" src="/media/images/store_item/315.jpg"></td><td>pommes de terre grelot</td><td class="not_printable sorting_1">légumes</td><td><img style="width:50%;" src="/media/images/logos/marchands/10.png" alt="Bonichoix "></td><td><span itemprop="price">6,00 $</span><span itemprop="eligibleQuantity" itemscope="" itemtype="http://schema.org/QuantitativeValue">/<span itemprop="value">2</span>x<span itemprop="unitText">680g (24oz)</span></span></td><td>4,41 $/kg</td><td style="display: none;">2020-02-26</td><td style="display: none;">Canada</td><td style="display: none;">The Little Potato Company</td><td style="display: none;"></td><td style="display: none;"></td><td style="display: none;"></td><td style="display: none;"></td><td style="display: none;"></td><td style="display: none;"><a class="recipeLink" href="/recipe_ingredient_search_results.php?query=(_QU5E__1__________315__[]_1_1)&amp;sos_l=fr">Recettes avec pommes de terre grelot</a></td></tr><tr role="row" class="odd"><td tabindex="0"><i class="fas fa-hand-rock"></i></td><td class=" not_printable"><div class="addToGL" data-soscuisine-aisle="17" data-soscuisine-sip="3939373"><i class="fa fa-cart-plus" title="Ajouter à ma liste d'épicerie"></i><div></div></div></td><td><img class="storeItemImage" itemprop="image" alt="pommes de terre grelot" src="/media/images/store_item/315.jpg"></td><td>pommes de terre grelot</td><td class="not_printable sorting_1">légumes</td><td><img style="width:50%;" src="/media/images/logos/marchands/3.png" alt="IGA"></td><td><span itemprop="price">6,00 $</span><span itemprop="eligibleQuantity" itemscope="" itemtype="http://schema.org/QuantitativeValue">/<span itemprop="value">2</span>x<span itemprop="unitText">680g</span></span></td><td>4,41 $/kg</td><td style="display: none;">2020-02-26</td><td style="display: none;">Canada</td><td style="display: none;">The Little Potato Company</td><td style="display: none;"></td><td style="display: none;"></td><td style="display: none;"></td><td style="display: none;"></td><td style="display: none;"></td><td style="display: none;"><a class="recipeLink" href="/recipe_ingredient_search_results.php?query=(_QU5E__1__________315__[]_1_1)&amp;sos_l=fr">Recettes avec pommes de terre grelot</a></td></tr><tr role="row" class="even"><td tabindex="0"><i class="fa fa-thumbs-up"></i><i class="fa fa-thumbs-up"></i></td><td class=" not_printable"><div class="addToGL" data-soscuisine-aisle="17" data-soscuisine-sip="3937661"><i class="fa fa-cart-plus" title="Ajouter à ma liste d'épicerie"></i><div></div></div></td><td><img class="storeItemImage" itemprop="image" alt="pommes de terre grelot" src="/media/images/store_item/315.jpg"></td><td>pommes de terre grelot</td><td class="not_printable sorting_1">légumes</td><td><img style="width:50%;" src="/media/images/logos/marchands/1.png" alt="Metro"></td><td><span itemprop="price">1,99 $</span><span itemprop="eligibleQuantity" itemscope="" itemtype="http://schema.org/QuantitativeValue">/<span itemprop="unitText">3lb (1,37kg)</span></span></td><td>1,46 $/kg</td><td style="display: none;">2020-02-26</td><td style="display: none;">Québec</td><td style="display: none;"></td><td style="display: none;"></td><td style="display: none;">blanches, jaunes</td><td style="display: none;"></td><td style="display: none;"></td><td style="display: none;"></td><td style="display: none;"><a class="recipeLink" href="/recipe_ingredient_search_results.php?query=(_QU5E__1__________315__[]_1_1)&amp;sos_l=fr">Recettes avec pommes de terre grelot</a></td></tr><tr role="row" class="odd"><td tabindex="0"><i class="fa fa-thumbs-up"></i><i class="fa fa-thumbs-up"></i></td><td class=" not_printable"><div class="addToGL" data-soscuisine-aisle="17" data-soscuisine-sip="3940395"><i class="fa fa-cart-plus" title="Ajouter à ma liste d'épicerie"></i><div></div></div></td><td><img class="storeItemImage" itemprop="image" alt="pommes de terre grelot" src="/media/images/store_item/315.jpg"></td><td>pommes de terre grelot</td><td class="not_printable sorting_1">légumes</td><td><img style="width:50%;" src="/media/images/logos/marchands/5.png" alt="Super C"></td><td><span itemprop="price">1,99 $</span><span itemprop="eligibleQuantity" itemscope="" itemtype="http://schema.org/QuantitativeValue">/<span itemprop="unitText">1,5lb</span></span></td><td>2,92 $/kg</td><td style="display: none;">2020-02-26</td><td style="display: none;">Québec</td><td style="display: none;"></td><td style="display: none;"></td><td style="display: none;"></td><td style="display: none;"></td><td style="display: none;"></td><td style="display: none;"></td><td style="display: none;"><a class="recipeLink" href="/recipe_ingredient_search_results.php?query=(_QU5E__1__________315__[]_1_1)&amp;sos_l=fr">Recettes avec pommes de terre grelot</a></td></tr><tr role="row" class="even"><td tabindex="0"><i class="fa fa-thumbs-up"></i><i class="fa fa-thumbs-up"></i></td><td class=" not_printable"><div class="addToGL" data-soscuisine-aisle="17" data-soscuisine-sip="3936025"><i class="fa fa-cart-plus" title="Ajouter à ma liste d'épicerie"></i><div></div></div></td><td><img class="storeItemImage" itemprop="image" alt="pommes de terre grelot" src="/media/images/store_item/315.jpg"></td><td>pommes de terre grelot</td><td class="not_printable sorting_1">légumes</td><td><img style="width:50%;" src="/media/images/logos/marchands/62.png" alt="Supermarché PA"></td><td><span itemprop="price">3,00 $</span><span itemprop="eligibleQuantity" itemscope="" itemtype="http://schema.org/QuantitativeValue">/<span itemprop="value">2</span>x<span itemprop="unitText">680g</span></span></td><td>2,21 $/kg</td><td style="display: none;">2020-02-23</td><td style="display: none;"></td><td style="display: none;"></td><td style="display: none;"></td><td style="display: none;"></td><td style="display: none;"></td><td style="display: none;"></td><td style="display: none;"></td><td style="display: none;"><a class="recipeLink" href="/recipe_ingredient_search_results.php?query=(_QU5E__1__________315__[]_1_1)&amp;sos_l=fr">Recettes avec pommes de terre grelot</a></td></tr><tr role="row" class="odd"><td tabindex="0"><i class="fas fa-hand-rock"></i></td><td class=" not_printable"><div class="addToGL" data-soscuisine-aisle="17" data-soscuisine-sip="3940561"><i class="fa fa-cart-plus" title="Ajouter à ma liste d'épicerie"></i><div></div></div></td><td><img class="storeItemImage" itemprop="image" alt="pommes de terre grelot" src="/media/images/store_item/315.jpg"></td><td>pommes de terre grelot</td><td class="not_printable sorting_1">légumes</td><td><img style="width:50%;" src="/media/images/logos/marchands/11.png" alt="Tradition"></td><td><span itemprop="price">6,00 $</span><span itemprop="eligibleQuantity" itemscope="" itemtype="http://schema.org/QuantitativeValue">/<span itemprop="value">2</span>x<span itemprop="unitText">680g (24oz)</span></span></td><td>4,41 $/kg</td><td style="display: none;">2020-02-26</td><td style="display: none;">Canada</td><td style="display: none;">The Little Potato Company</td><td style="display: none;"></td><td style="display: none;"></td><td style="display: none;"></td><td style="display: none;"></td><td style="display: none;"></td><td style="display: none;"><a class="recipeLink" href="/recipe_ingredient_search_results.php?query=(_QU5E__1__________315__[]_1_1)&amp;sos_l=fr">Recettes avec pommes de terre grelot</a></td></tr><tr role="row" class="even"><td tabindex="0"><i class="fa fa-thumbs-up"></i><i class="fa fa-thumbs-up"></i></td><td class=" not_printable"><div class="addToGL" data-soscuisine-aisle="17" data-soscuisine-sip="3939213"><i class="fa fa-cart-plus" title="Ajouter à ma liste d'épicerie"></i><div></div></div></td><td><img class="storeItemImage" itemprop="image" alt="radis" src="/media/images/store_item/250.jpg"></td><td>radis</td><td class="not_printable sorting_1">légumes</td><td><img style="width:50%;" src="/media/images/logos/marchands/63.png" alt="Marché Adonis"></td><td><span itemprop="price">1,99 $</span><span itemprop="eligibleQuantity" itemscope="" itemtype="http://schema.org/QuantitativeValue">/<span itemprop="value">3</span> bottes</span></td><td>3,69 $/kg</td><td style="display: none;">2020-02-26</td><td style="display: none;">USA</td><td style="display: none;"></td><td style="display: none;">standard</td><td style="display: none;"></td><td style="display: none;"></td><td style="display: none;"></td><td style="display: none;">en feuilles</td><td style="display: none;"><a class="recipeLink" href="/recipe_ingredient_search_results.php?query=(_QU5E__1__________250__[]_1_1)&amp;sos_l=fr">Recettes avec radis</a></td></tr><tr role="row" class="odd"><td tabindex="0"><i class="fa fa-thumbs-down"></i></td><td class=" not_printable"><div class="addToGL" data-soscuisine-aisle="17" data-soscuisine-sip="3937465"><i class="fa fa-cart-plus" title="Ajouter à ma liste d'épicerie"></i><div></div></div></td><td><img class="storeItemImage" itemprop="image" alt="radis" src="/media/images/store_item/250.jpg"></td><td>radis</td><td class="not_printable sorting_1">légumes</td><td><img style="width:50%;" src="/media/images/logos/marchands/6.png" alt="Maxi"></td><td><span itemprop="price">1,00 $</span><span itemprop="eligibleQuantity" itemscope="" itemtype="http://schema.org/QuantitativeValue">/botte</span></td><td>5,56 $/kg</td><td style="display: none;">2020-02-26</td><td style="display: none;">Mexique</td><td style="display: none;"></td><td style="display: none;">standard</td><td style="display: none;"></td><td style="display: none;"></td><td style="display: none;"></td><td style="display: none;"></td><td style="display: none;"><a class="recipeLink" href="/recipe_ingredient_search_results.php?query=(_QU5E__1__________250__[]_1_1)&amp;sos_l=fr">Recettes avec radis</a></td></tr><tr role="row" class="even"><td tabindex="0"><i class="fas fa-hand-rock"></i></td><td class=" not_printable"><div class="addToGL" data-soscuisine-aisle="17" data-soscuisine-sip="3940465"><i class="fa fa-cart-plus" title="Ajouter à ma liste d'épicerie"></i><div></div></div></td><td><img class="storeItemImage" itemprop="image" alt="radis" src="/media/images/store_item/250.jpg"></td><td>radis</td><td class="not_printable sorting_1">légumes</td><td><img style="width:50%;" src="/media/images/logos/marchands/5.png" alt="Super C"></td><td><span itemprop="price">0,99 $</span><span itemprop="eligibleQuantity" itemscope="" itemtype="http://schema.org/QuantitativeValue">/botte</span></td><td>5,50 $/kg</td><td style="display: none;">2020-02-26</td><td style="display: none;">Mexique</td><td style="display: none;"></td><td style="display: none;">standard</td><td style="display: none;"></td><td style="display: none;"></td><td style="display: none;"></td><td style="display: none;"></td><td style="display: none;"><a class="recipeLink" href="/recipe_ingredient_search_results.php?query=(_QU5E__1__________250__[]_1_1)&amp;sos_l=fr">Recettes avec radis</a></td></tr><tr role="row" class="odd"><td tabindex="0"><i class="fa fa-thumbs-down"></i></td><td class=" not_printable"><div class="addToGL" data-soscuisine-aisle="17" data-soscuisine-sip="3940563"><i class="fa fa-cart-plus" title="Ajouter à ma liste d'épicerie"></i><div></div></div></td><td><img class="storeItemImage" itemprop="image" alt="radis" src="/media/images/store_item/250.jpg"></td><td>radis</td><td class="not_printable sorting_1">légumes</td><td><img style="width:50%;" src="/media/images/logos/marchands/11.png" alt="Tradition"></td><td><span itemprop="price">6,00 $</span><span itemprop="eligibleQuantity" itemscope="" itemtype="http://schema.org/QuantitativeValue">/<span itemprop="value">2</span>x<span itemprop="unitText">454g (1lb)</span></span></td><td>6,61 $/kg</td><td style="display: none;">2020-02-26</td><td style="display: none;">USA</td><td style="display: none;"></td><td style="display: none;"></td><td style="display: none;"></td><td style="display: none;"></td><td style="display: none;"></td><td style="display: none;"></td><td style="display: none;"><a class="recipeLink" href="/recipe_ingredient_search_results.php?query=(_QU5E__1__________250__[]_1_1)&amp;sos_l=fr">Recettes avec radis</a></td></tr><tr role="row" class="even"><td tabindex="0"><i class="fas fa-circle"></i></td><td class=" not_printable"><div class="addToGL" data-soscuisine-aisle="17" data-soscuisine-sip="3938063"><i class="fa fa-cart-plus" title="Ajouter à ma liste d'épicerie"></i><div></div></div></td><td><img class="storeItemImage" alt="rapinis" src="/media/images/store_item/blank.jpg"></td><td>rapinis</td><td class="not_printable sorting_1">légumes</td><td><img style="width:50%;" src="/media/images/logos/marchands/7.png" alt="Intermarché (Saveurs intl.)"></td><td><span itemprop="price">2,50 $</span><span itemprop="eligibleQuantity" itemscope="" itemtype="http://schema.org/QuantitativeValue">/botte</span></td><td>N/A</td><td style="display: none;">2020-02-26</td><td style="display: none;">USA</td><td style="display: none;">Andy Boy</td><td style="display: none;">gr. n.d.</td><td style="display: none;"></td><td style="display: none;"></td><td style="display: none;"></td><td style="display: none;"></td><td style="display: none;"><a class="recipeLink" href="/recipe_ingredient_search_results.php?query=(_QU5E__1__________331__[]_1_1)&amp;sos_l=fr">Recettes avec rapinis</a></td></tr><tr role="row" class="odd"><td tabindex="0"><i class="fas fa-circle"></i></td><td class=" not_printable"><div class="addToGL" data-soscuisine-aisle="17" data-soscuisine-sip="3937397"><i class="fa fa-cart-plus" title="Ajouter à ma liste d'épicerie"></i><div></div></div></td><td><img class="storeItemImage" alt="rapinis BIO" src="/media/images/store_item/blank.jpg"></td><td>rapinis BIO</td><td class="not_printable sorting_1">légumes</td><td><img style="width:50%;" src="/media/images/logos/marchands/95.png" alt="Marchés Tau"></td><td><span itemprop="price">5,00 $</span><span itemprop="eligibleQuantity" itemscope="" itemtype="http://schema.org/QuantitativeValue">/<span itemprop="value">2</span> bottes</span></td><td>N/A</td><td style="display: none;">2020-03-29</td><td style="display: none;">USA</td><td style="display: none;"></td><td style="display: none;">gr. n.d.</td><td style="display: none;"></td><td style="display: none;"></td><td style="display: none;"></td><td style="display: none;"></td><td style="display: none;"><a class="recipeLink" href="/recipe_ingredient_search_results.php?query=(_QU5E__1__________1173__[]_1_1)&amp;sos_l=fr">Recettes avec rapinis BIO</a></td></tr><tr role="row" class="even"><td tabindex="0"><i class="fas fa-hand-rock"></i></td><td class=" not_printable"><div class="addToGL" data-soscuisine-aisle="17" data-soscuisine-sip="3939075"><i class="fa fa-cart-plus" title="Ajouter à ma liste d'épicerie"></i><div></div></div></td><td><img class="storeItemImage" itemprop="image" alt="tomates" src="/media/images/store_item/9.jpg"></td><td>tomates</td><td class="not_printable sorting_1">légumes</td><td><img style="width:50%;" src="/media/images/logos/marchands/63.png" alt="Marché Adonis"></td><td><span itemprop="price">1,99 $</span><span itemprop="eligibleQuantity" itemscope="" itemtype="http://schema.org/QuantitativeValue">/<span itemprop="unitText">lb</span></span></td><td>4,39 $/kg</td><td style="display: none;">2020-02-26</td><td style="display: none;">Mexique</td><td style="display: none;"></td><td style="display: none;"></td><td style="display: none;">en grappe</td><td style="display: none;"></td><td style="display: none;"></td><td style="display: none;"></td><td style="display: none;"><a class="recipeLink" href="/recipe_ingredient_search_results.php?query=(_QU5E__1__________9__[]_1_1)&amp;sos_l=fr">Recettes avec tomates</a></td></tr><tr role="row" class="odd"><td tabindex="0"><i class="fa fa-thumbs-down"></i></td><td class=" not_printable"><div class="addToGL" data-soscuisine-aisle="17" data-soscuisine-sip="3937667"><i class="fa fa-cart-plus" title="Ajouter à ma liste d'épicerie"></i><div></div></div></td><td><img class="storeItemImage" itemprop="image" alt="tomates" src="/media/images/store_item/9.jpg"></td><td>tomates</td><td class="not_printable sorting_1">légumes</td><td><img style="width:50%;" src="/media/images/logos/marchands/1.png" alt="Metro"></td><td><span itemprop="price">3,49 $</span><span itemprop="eligibleQuantity" itemscope="" itemtype="http://schema.org/QuantitativeValue">/<span itemprop="unitText">lb</span></span></td><td>7,69 $/kg</td><td style="display: none;">2020-02-26</td><td style="display: none;">Canada</td><td style="display: none;"></td><td style="display: none;"></td><td style="display: none;">rouges, sur vigne</td><td style="display: none;"></td><td style="display: none;"></td><td style="display: none;"></td><td style="display: none;"><a class="recipeLink" href="/recipe_ingredient_search_results.php?query=(_QU5E__1__________9__[]_1_1)&amp;sos_l=fr">Recettes avec tomates</a></td></tr><tr role="row" class="even"><td tabindex="0"><i class="fa fa-thumbs-down"></i></td><td class=" not_printable"><div class="addToGL" data-soscuisine-aisle="17" data-soscuisine-sip="3938181"><i class="fa fa-cart-plus" title="Ajouter à ma liste d'épicerie"></i><div></div></div></td><td><img class="storeItemImage" itemprop="image" alt="tomates" src="/media/images/store_item/9.jpg"></td><td>tomates</td><td class="not_printable sorting_1">légumes</td><td><img style="width:50%;" src="/media/images/logos/marchands/2.png" alt="Provigo"></td><td><span itemprop="price">2,99 $</span><span itemprop="eligibleQuantity" itemscope="" itemtype="http://schema.org/QuantitativeValue">/<span itemprop="unitText">lb</span></span></td><td>6,59 $/kg</td><td style="display: none;">2020-02-26</td><td style="display: none;">Canada</td><td style="display: none;"></td><td style="display: none;"></td><td style="display: none;">rouges, sur vigne</td><td style="display: none;"></td><td style="display: none;"></td><td style="display: none;"></td><td style="display: none;"><a class="recipeLink" href="/recipe_ingredient_search_results.php?query=(_QU5E__1__________9__[]_1_1)&amp;sos_l=fr">Recettes avec tomates</a></td></tr><tr role="row" class="odd"><td tabindex="0"><i class="fa fa-thumbs-down"></i></td><td class=" not_printable"><div class="addToGL" data-soscuisine-aisle="17" data-soscuisine-sip="3941005"><i class="fa fa-cart-plus" title="Ajouter à ma liste d'épicerie"></i><div></div></div></td><td><img class="storeItemImage" itemprop="image" alt="tomates" src="/media/images/store_item/9.jpg"></td><td>tomates</td><td class="not_printable sorting_1">légumes</td><td><img style="width:50%;" src="/media/images/logos/marchands/73.png" alt="Walmart"></td><td><span itemprop="price">2,47 $</span><span itemprop="eligibleQuantity" itemscope="" itemtype="http://schema.org/QuantitativeValue">/<span itemprop="unitText">lb</span></span></td><td>5,45 $/kg</td><td style="display: none;">2020-02-26</td><td style="display: none;">Québec</td><td style="display: none;"></td><td style="display: none;"></td><td style="display: none;">en grappe</td><td style="display: none;"></td><td style="display: none;"></td><td style="display: none;">seulement aux supercentres</td><td style="display: none;"><a class="recipeLink" href="/recipe_ingredient_search_results.php?query=(_QU5E__1__________9__[]_1_1)&amp;sos_l=fr">Recettes avec tomates</a></td></tr><tr role="row" class="even"><td tabindex="0"><i class="fa fa-thumbs-down"></i></td><td class=" not_printable"><div class="addToGL" data-soscuisine-aisle="17" data-soscuisine-sip="3938645"><i class="fa fa-cart-plus" title="Ajouter à ma liste d'épicerie"></i><div></div></div></td><td><img class="storeItemImage" itemprop="image" alt="tomates italiennes" src="/media/images/store_item/506.jpg"></td><td>tomates italiennes</td><td class="not_printable sorting_1">légumes</td><td><img style="width:50%;" src="/media/images/logos/marchands/69.png" alt="Intermarché (Provincial)"></td><td><span itemprop="price">4,99 $</span><span itemprop="eligibleQuantity" itemscope="" itemtype="http://schema.org/QuantitativeValue">/<span itemprop="unitText">3lb (1,37kg)</span></span></td><td>3,67 $/kg</td><td style="display: none;">2020-02-26</td><td style="display: none;">Mexique</td><td style="display: none;"></td><td style="display: none;"></td><td style="display: none;"></td><td style="display: none;"></td><td style="display: none;"></td><td style="display: none;">Italiano</td><td style="display: none;"><a class="recipeLink" href="/recipe_ingredient_search_results.php?query=(_QU5E__1__________506__[]_1_1)&amp;sos_l=fr">Recettes avec tomates italiennes</a></td></tr><tr role="row" class="odd"><td tabindex="0"><i class="fa fa-thumbs-down"></i></td><td class=" not_printable"><div class="addToGL" data-soscuisine-aisle="17" data-soscuisine-sip="3938633"><i class="fa fa-cart-plus" title="Ajouter à ma liste d'épicerie"></i><div></div></div></td><td><img class="storeItemImage" itemprop="image" alt="tomates italiennes" src="/media/images/store_item/506.jpg"></td><td>tomates italiennes</td><td class="not_printable sorting_1">légumes</td><td><img style="width:50%;" src="/media/images/logos/marchands/69.png" alt="Intermarché (Provincial)"></td><td><span itemprop="price">1,79 $</span><span itemprop="eligibleQuantity" itemscope="" itemtype="http://schema.org/QuantitativeValue">/<span itemprop="unitText">lb</span></span></td><td>3,95 $/kg</td><td style="display: none;">2020-02-26</td><td style="display: none;">Mexique</td><td style="display: none;"></td><td style="display: none;"></td><td style="display: none;"></td><td style="display: none;"></td><td style="display: none;"></td><td style="display: none;"></td><td style="display: none;"><a class="recipeLink" href="/recipe_ingredient_search_results.php?query=(_QU5E__1__________506__[]_1_1)&amp;sos_l=fr">Recettes avec tomates italiennes</a></td></tr><tr role="row" class="even"><td tabindex="0"><i class="fas fa-circle"></i></td><td class=" not_printable"><div class="addToGL" data-soscuisine-aisle="15" data-soscuisine-sip="3939283"><i class="fa fa-cart-plus" title="Ajouter à ma liste d'épicerie"></i><div></div></div></td><td><img class="storeItemImage" alt="aneth frais" src="/media/images/store_item/blank.jpg"></td><td>aneth frais</td><td class="not_printable sorting_1">herbes fraiches</td><td><img style="width:50%;" src="/media/images/logos/marchands/3.png" alt="IGA"></td><td><span itemprop="price">3,00 $</span><span itemprop="eligibleQuantity" itemscope="" itemtype="http://schema.org/QuantitativeValue">/<span itemprop="value">2</span>x<span itemprop="unitText">botte</span></span></td><td>N/A</td><td style="display: none;">2020-02-26</td><td style="display: none;">USA</td><td style="display: none;"></td><td style="display: none;">standard</td><td style="display: none;"></td><td style="display: none;"></td><td style="display: none;"></td><td style="display: none;">ou Mexique</td><td style="display: none;"><a class="recipeLink" href="/recipe_ingredient_search_results.php?query=(_QU5E__1__________25__[]_1_1)&amp;sos_l=fr">Recettes avec aneth frais</a></td></tr><tr role="row" class="odd"><td tabindex="0"><i class="fas fa-circle"></i></td><td class=" not_printable"><div class="addToGL" data-soscuisine-aisle="15" data-soscuisine-sip="3937701"><i class="fa fa-cart-plus" title="Ajouter à ma liste d'épicerie"></i><div></div></div></td><td><img class="storeItemImage" alt="basilic BIO" src="/media/images/store_item/blank.jpg"></td><td>basilic BIO</td><td class="not_printable sorting_1">herbes fraiches</td><td><img style="width:50%;" src="/media/images/logos/marchands/1.png" alt="Metro"></td><td><span itemprop="price">2,29 $</span><span itemprop="eligibleQuantity" itemscope="" itemtype="http://schema.org/QuantitativeValue">/<span itemprop="unitText">paquet</span></span></td><td>N/A</td><td style="display: none;">2020-02-26</td><td style="display: none;">Importé</td><td style="display: none;">marque maison</td><td style="display: none;">standard</td><td style="display: none;"></td><td style="display: none;"></td><td style="display: none;"></td><td style="display: none;"></td><td style="display: none;"><a class="recipeLink" href="/recipe_ingredient_search_results.php?query=(_QU5E__1__________894__[]_1_1)&amp;sos_l=fr">Recettes avec basilic BIO</a></td></tr><tr role="row" class="even"><td tabindex="0"><i class="fas fa-hand-rock"></i></td><td class=" not_printable"><div class="addToGL" data-soscuisine-aisle="15" data-soscuisine-sip="3939285"><i class="fa fa-cart-plus" title="Ajouter à ma liste d'épicerie"></i><div></div></div></td><td><img class="storeItemImage" alt="coriandre fraîche" src="/media/images/store_item/blank.jpg"></td><td>coriandre fraîche</td><td class="not_printable sorting_1">herbes fraiches</td><td><img style="width:50%;" src="/media/images/logos/marchands/3.png" alt="IGA"></td><td><span itemprop="price">3,00 $</span><span itemprop="eligibleQuantity" itemscope="" itemtype="http://schema.org/QuantitativeValue">/<span itemprop="value">2</span> bottes</span></td><td>1,50 $/100g</td><td style="display: none;">2020-02-26</td><td style="display: none;">USA</td><td style="display: none;"></td><td style="display: none;">standard</td><td style="display: none;"></td><td style="display: none;"></td><td style="display: none;"></td><td style="display: none;">ou Mexique</td><td style="display: none;"><a class="recipeLink" href="/recipe_ingredient_search_results.php?query=(_QU5E__1__________30__[]_1_1)&amp;sos_l=fr">Recettes avec coriandre fraîche</a></td></tr><tr role="row" class="odd"><td tabindex="0"><i class="fas fa-exclamation"></i></td><td class=" not_printable"><div class="addToGL" data-soscuisine-aisle="15" data-soscuisine-sip="3939297"><i class="fa fa-cart-plus" title="Ajouter à ma liste d'épicerie"></i><div></div></div></td><td><img class="storeItemImage" alt="coriandre, fraîche BIO" src="/media/images/store_item/blank.jpg"></td><td>coriandre, fraîche BIO</td><td class="not_printable sorting_1">herbes fraiches</td><td><img style="width:50%;" src="/media/images/logos/marchands/3.png" alt="IGA"></td><td><span itemprop="price">4,00 $</span><span itemprop="eligibleQuantity" itemscope="" itemtype="http://schema.org/QuantitativeValue">/<span itemprop="value">2</span> bottes</span></td><td>2,00 $/100g</td><td style="display: none;">2020-02-26</td><td style="display: none;">USA</td><td style="display: none;"></td><td style="display: none;">standard</td><td style="display: none;"></td><td style="display: none;"></td><td style="display: none;"></td><td style="display: none;">ou Mexique</td><td style="display: none;"><a class="recipeLink" href="/recipe_ingredient_search_results.php?query=(_QU5E__1__________828__[]_1_1)&amp;sos_l=fr">Recettes avec coriandre, fraîche BIO</a></td></tr><tr role="row" class="even"><td tabindex="0"><i class="fas fa-exclamation"></i></td><td class=" not_printable"><div class="addToGL" data-soscuisine-aisle="15" data-soscuisine-sip="3938785"><i class="fa fa-cart-plus" title="Ajouter à ma liste d'épicerie"></i><div></div></div></td><td><img class="storeItemImage" alt="coriandre, fraîche BIO" src="/media/images/store_item/blank.jpg"></td><td>coriandre, fraîche BIO</td><td class="not_printable sorting_1">herbes fraiches</td><td><img style="width:50%;" src="/media/images/logos/marchands/93.png" alt="Rachelle Béry"></td><td><span itemprop="price">2,98 $</span><span itemprop="eligibleQuantity" itemscope="" itemtype="http://schema.org/QuantitativeValue">/<span itemprop="value">2</span> bottes</span></td><td>1,49 $/100g</td><td style="display: none;">2020-03-04</td><td style="display: none;">USA</td><td style="display: none;"></td><td style="display: none;">standard</td><td style="display: none;"></td><td style="display: none;"></td><td style="display: none;"></td><td style="display: none;">ou Mexique</td><td style="display: none;"><a class="recipeLink" href="/recipe_ingredient_search_results.php?query=(_QU5E__1__________828__[]_1_1)&amp;sos_l=fr">Recettes avec coriandre, fraîche BIO</a></td></tr><tr role="row" class="odd"><td tabindex="0"><i class="fas fa-circle"></i></td><td class=" not_printable"><div class="addToGL" data-soscuisine-aisle="15" data-soscuisine-sip="3937693"><i class="fa fa-cart-plus" title="Ajouter à ma liste d'épicerie"></i><div></div></div></td><td><img class="storeItemImage" alt="herbes fraîches BIO" src="/media/images/store_item/blank.jpg"></td><td>herbes fraîches BIO</td><td class="not_printable sorting_1">herbes fraiches</td><td><img style="width:50%;" src="/media/images/logos/marchands/1.png" alt="Metro"></td><td><span itemprop="price">2,29 $</span><span itemprop="eligibleQuantity" itemscope="" itemtype="http://schema.org/QuantitativeValue">/<span itemprop="unitText">paquet</span></span></td><td>N/A</td><td style="display: none;">2020-02-26</td><td style="display: none;">Importé</td><td style="display: none;">marque maison</td><td style="display: none;">standard</td><td style="display: none;"></td><td style="display: none;"></td><td style="display: none;"></td><td style="display: none;"></td><td style="display: none;"><a class="recipeLink" href="/recipe_ingredient_search_results.php?query=(_QU5E__1__________723__[]_1_1)&amp;sos_l=fr">Recettes avec herbes fraîches BIO</a></td></tr><tr role="row" class="even"><td tabindex="0"><i class="fas fa-circle"></i></td><td class=" not_printable"><div class="addToGL" data-soscuisine-aisle="15" data-soscuisine-sip="3939289"><i class="fa fa-cart-plus" title="Ajouter à ma liste d'épicerie"></i><div></div></div></td><td><img class="storeItemImage" alt="menthe fraîche" src="/media/images/store_item/blank.jpg"></td><td>menthe fraîche</td><td class="not_printable sorting_1">herbes fraiches</td><td><img style="width:50%;" src="/media/images/logos/marchands/3.png" alt="IGA"></td><td><span itemprop="price">3,00 $</span><span itemprop="eligibleQuantity" itemscope="" itemtype="http://schema.org/QuantitativeValue">/<span itemprop="value">2</span>x<span itemprop="unitText">botte</span></span></td><td>N/A</td><td style="display: none;">2020-02-26</td><td style="display: none;">USA</td><td style="display: none;"></td><td style="display: none;">standard</td><td style="display: none;"></td><td style="display: none;"></td><td style="display: none;"></td><td style="display: none;">ou Mexique</td><td style="display: none;"><a class="recipeLink" href="/recipe_ingredient_search_results.php?query=(_QU5E__1__________238__[]_1_1)&amp;sos_l=fr">Recettes avec menthe fraîche</a></td></tr><tr role="row" class="odd"><td tabindex="0"><i class="fas fa-circle"></i></td><td class=" not_printable"><div class="addToGL" data-soscuisine-aisle="15" data-soscuisine-sip="3939201"><i class="fa fa-cart-plus" title="Ajouter à ma liste d'épicerie"></i><div></div></div></td><td><img class="storeItemImage" alt="menthe fraîche" src="/media/images/store_item/blank.jpg"></td><td>menthe fraîche</td><td class="not_printable sorting_1">herbes fraiches</td><td><img style="width:50%;" src="/media/images/logos/marchands/63.png" alt="Marché Adonis"></td><td><span itemprop="price">1,99 $</span><span itemprop="eligibleQuantity" itemscope="" itemtype="http://schema.org/QuantitativeValue">/<span itemprop="value">3</span>x<span itemprop="unitText">botte</span></span></td><td>N/A</td><td style="display: none;">2020-02-26</td><td style="display: none;">Maroc</td><td style="display: none;"></td><td style="display: none;">standard</td><td style="display: none;"></td><td style="display: none;"></td><td style="display: none;"></td><td style="display: none;"></td><td style="display: none;"><a class="recipeLink" href="/recipe_ingredient_search_results.php?query=(_QU5E__1__________238__[]_1_1)&amp;sos_l=fr">Recettes avec menthe fraîche</a></td></tr><tr role="row" class="even"><td tabindex="0"><i class="fas fa-hand-rock"></i></td><td class=" not_printable"><div class="addToGL" data-soscuisine-aisle="15" data-soscuisine-sip="3939291"><i class="fa fa-cart-plus" title="Ajouter à ma liste d'épicerie"></i><div></div></div></td><td><img class="storeItemImage" alt="persil  frais" src="/media/images/store_item/blank.jpg"></td><td>persil  frais</td><td class="not_printable sorting_1">herbes fraiches</td><td><img style="width:50%;" src="/media/images/logos/marchands/3.png" alt="IGA"></td><td><span itemprop="price">3,00 $</span><span itemprop="eligibleQuantity" itemscope="" itemtype="http://schema.org/QuantitativeValue">/<span itemprop="value">2</span> bottes</span></td><td>1,50 $/100g</td><td style="display: none;">2020-02-26</td><td style="display: none;">USA</td><td style="display: none;"></td><td style="display: none;">standard</td><td style="display: none;"></td><td style="display: none;"></td><td style="display: none;"></td><td style="display: none;">ou Mexique</td><td style="display: none;"><a class="recipeLink" href="/recipe_ingredient_search_results.php?query=(_QU5E__1__________22__[]_1_1)&amp;sos_l=fr">Recettes avec persil  frais</a></td></tr><tr role="row" class="odd"><td tabindex="0"><i class="fas fa-exclamation"></i></td><td class=" not_printable"><div class="addToGL" data-soscuisine-aisle="15" data-soscuisine-sip="3939295"><i class="fa fa-cart-plus" title="Ajouter à ma liste d'épicerie"></i><div></div></div></td><td><img class="storeItemImage" alt="persil BIO" src="/media/images/store_item/blank.jpg"></td><td>persil BIO</td><td class="not_printable sorting_1">herbes fraiches</td><td><img style="width:50%;" src="/media/images/logos/marchands/3.png" alt="IGA"></td><td><span itemprop="price">4,00 $</span><span itemprop="eligibleQuantity" itemscope="" itemtype="http://schema.org/QuantitativeValue">/<span itemprop="value">2</span> bottes</span></td><td>2,00 $/100g</td><td style="display: none;">2020-02-26</td><td style="display: none;">USA</td><td style="display: none;"></td><td style="display: none;">standard</td><td style="display: none;"></td><td style="display: none;"></td><td style="display: none;"></td><td style="display: none;">ou Mexique</td><td style="display: none;"><a class="recipeLink" href="/recipe_ingredient_search_results.php?query=(_QU5E__1__________698__[]_1_1)&amp;sos_l=fr">Recettes avec persil BIO</a></td></tr><tr role="row" class="even"><td tabindex="0"><i class="fas fa-exclamation"></i></td><td class=" not_printable"><div class="addToGL" data-soscuisine-aisle="15" data-soscuisine-sip="3938781"><i class="fa fa-cart-plus" title="Ajouter à ma liste d'épicerie"></i><div></div></div></td><td><img class="storeItemImage" alt="persil BIO" src="/media/images/store_item/blank.jpg"></td><td>persil BIO</td><td class="not_printable sorting_1">herbes fraiches</td><td><img style="width:50%;" src="/media/images/logos/marchands/93.png" alt="Rachelle Béry"></td><td><span itemprop="price">2,98 $</span><span itemprop="eligibleQuantity" itemscope="" itemtype="http://schema.org/QuantitativeValue">/<span itemprop="value">2</span> bottes</span></td><td>1,49 $/100g</td><td style="display: none;">2020-03-04</td><td style="display: none;">USA</td><td style="display: none;"></td><td style="display: none;">standard</td><td style="display: none;"></td><td style="display: none;"></td><td style="display: none;"></td><td style="display: none;">ou Mexique</td><td style="display: none;"><a class="recipeLink" href="/recipe_ingredient_search_results.php?query=(_QU5E__1__________698__[]_1_1)&amp;sos_l=fr">Recettes avec persil BIO</a></td></tr><tr role="row" class="odd"><td tabindex="0"><i class="fas fa-circle"></i></td><td class=" not_printable"><div class="addToGL" data-soscuisine-aisle="15" data-soscuisine-sip="3937697"><i class="fa fa-cart-plus" title="Ajouter à ma liste d'épicerie"></i><div></div></div></td><td><img class="storeItemImage" alt="thym frais BIO" src="/media/images/store_item/blank.jpg"></td><td>thym frais BIO</td><td class="not_printable sorting_1">herbes fraiches</td><td><img style="width:50%;" src="/media/images/logos/marchands/1.png" alt="Metro"></td><td><span itemprop="price">2,29 $</span><span itemprop="eligibleQuantity" itemscope="" itemtype="http://schema.org/QuantitativeValue">/<span itemprop="unitText">botte</span></span></td><td>N/A</td><td style="display: none;">2020-02-26</td><td style="display: none;">Importé</td><td style="display: none;">marque maison</td><td style="display: none;">standard</td><td style="display: none;"></td><td style="display: none;"></td><td style="display: none;"></td><td style="display: none;"></td><td style="display: none;"><a class="recipeLink" href="/recipe_ingredient_search_results.php?query=(_QU5E__1__________1143__[]_1_1)&amp;sos_l=fr">Recettes avec thym frais BIO</a></td></tr><tr role="row" class="even"><td tabindex="0"><i class="fas fa-hand-rock"></i></td><td class=" not_printable"><div class="addToGL" data-soscuisine-aisle="5" data-soscuisine-sip="3912903"><i class="fa fa-cart-plus" title="Ajouter à ma liste d'épicerie"></i><div></div></div></td><td><img class="storeItemImage" alt="" fromage"="" sans="" produits="" laitiers"="" src="/media/images/store_item/blank.jpg"></td><td>"fromage" sans produits laitiers</td><td class="not_printable sorting_1">produits laitiers &amp; oeufs</td><td><img style="width:50%;" src="/media/images/logos/marchands/94.png" alt="Avril"></td><td><span itemprop="price">5,99 $</span><span itemprop="eligibleQuantity" itemscope="" itemtype="http://schema.org/QuantitativeValue">/<span itemprop="unitText">200g</span></span></td><td>2,99 $/100g</td><td style="display: none;">2020-03-03</td><td style="display: none;"></td><td style="display: none;">Earth Island</td><td style="display: none;"></td><td style="display: none;"></td><td style="display: none;"></td><td style="display: none;"></td><td style="display: none;"></td><td style="display: none;"><a class="recipeLink" href="/recipe_ingredient_search_results.php?query=(_QU5E__1__________1211__[]_1_1)&amp;sos_l=fr">Recettes avec "fromage" sans produits laitiers</a></td></tr><tr role="row" class="odd"><td tabindex="0"><i class="fa fa-thumbs-down"></i></td><td class=" not_printable"><div class="addToGL" data-soscuisine-aisle="5" data-soscuisine-sip="3939363"><i class="fa fa-cart-plus" title="Ajouter à ma liste d'épicerie"></i><div></div></div></td><td><img class="storeItemImage" alt="" fromage"="" sans="" produits="" laitiers"="" src="/media/images/store_item/blank.jpg"></td><td>"fromage" sans produits laitiers</td><td class="not_printable sorting_1">produits laitiers &amp; oeufs</td><td><img style="width:50%;" src="/media/images/logos/marchands/3.png" alt="IGA"></td><td><span itemprop="price">9,99 $</span><span itemprop="eligibleQuantity" itemscope="" itemtype="http://schema.org/QuantitativeValue">/<span itemprop="unitText">150g</span></span></td><td>6,66 $/100g</td><td style="display: none;">2020-02-26</td><td style="display: none;"></td><td style="display: none;">Fauxmagerie Zengarry</td><td style="display: none;"></td><td style="display: none;"></td><td style="display: none;"></td><td style="display: none;"></td><td style="display: none;"></td><td style="display: none;"><a class="recipeLink" href="/recipe_ingredient_search_results.php?query=(_QU5E__1__________1211__[]_1_1)&amp;sos_l=fr">Recettes avec "fromage" sans produits laitiers</a></td></tr><tr role="row" class="even"><td tabindex="0"><i class="fas fa-hand-rock"></i></td><td class=" not_printable"><div class="addToGL" data-soscuisine-aisle="5" data-soscuisine-sip="3937381"><i class="fa fa-cart-plus" title="Ajouter à ma liste d'épicerie"></i><div></div></div></td><td><img class="storeItemImage" alt="" fromage"="" sans="" produits="" laitiers"="" src="/media/images/store_item/blank.jpg"></td><td>"fromage" sans produits laitiers</td><td class="not_printable sorting_1">produits laitiers &amp; oeufs</td><td><img style="width:50%;" src="/media/images/logos/marchands/95.png" alt="Marchés Tau"></td><td><span itemprop="price">8,99 $</span><span itemprop="eligibleQuantity" itemscope="" itemtype="http://schema.org/QuantitativeValue">/<span itemprop="unitText">150g</span></span></td><td>5,99 $/100g</td><td style="display: none;">2020-03-29</td><td style="display: none;"></td><td style="display: none;">Fauxmagerie Zengarry</td><td style="display: none;"></td><td style="display: none;"></td><td style="display: none;"></td><td style="display: none;"></td><td style="display: none;"></td><td style="display: none;"><a class="recipeLink" href="/recipe_ingredient_search_results.php?query=(_QU5E__1__________1211__[]_1_1)&amp;sos_l=fr">Recettes avec "fromage" sans produits laitiers</a></td></tr><tr role="row" class="odd"><td tabindex="0"><i class="fa fa-thumbs-down"></i></td><td class=" not_printable"><div class="addToGL" data-soscuisine-aisle="5" data-soscuisine-sip="3938805"><i class="fa fa-cart-plus" title="Ajouter à ma liste d'épicerie"></i><div></div></div></td><td><img class="storeItemImage" alt="" fromage"="" sans="" produits="" laitiers"="" src="/media/images/store_item/blank.jpg"></td><td>"fromage" sans produits laitiers</td><td class="not_printable sorting_1">produits laitiers &amp; oeufs</td><td><img style="width:50%;" src="/media/images/logos/marchands/93.png" alt="Rachelle Béry"></td><td><span itemprop="price">9,99 $</span><span itemprop="eligibleQuantity" itemscope="" itemtype="http://schema.org/QuantitativeValue">/<span itemprop="unitText">120g</span></span></td><td>8,32 $/100g</td><td style="display: none;">2020-03-04</td><td style="display: none;"></td><td style="display: none;">Nuts for Cheese</td><td style="display: none;"></td><td style="display: none;"></td><td style="display: none;"></td><td style="display: none;"></td><td style="display: none;">bio</td><td style="display: none;"><a class="recipeLink" href="/recipe_ingredient_search_results.php?query=(_QU5E__1__________1211__[]_1_1)&amp;sos_l=fr">Recettes avec "fromage" sans produits laitiers</a></td></tr><tr role="row" class="even"><td tabindex="0"><i class="fa fa-thumbs-down"></i></td><td class=" not_printable"><div class="addToGL" data-soscuisine-aisle="5" data-soscuisine-sip="3939167"><i class="fa fa-cart-plus" title="Ajouter à ma liste d'épicerie"></i><div></div></div></td><td><img class="storeItemImage" alt="beurre" src="/media/images/store_item/blank.jpg"></td><td>beurre</td><td class="not_printable sorting_1">produits laitiers &amp; oeufs</td><td><img style="width:50%;" src="/media/images/logos/marchands/63.png" alt="Marché Adonis"></td><td><span itemprop="price">5,49 $</span><span itemprop="eligibleQuantity" itemscope="" itemtype="http://schema.org/QuantitativeValue">/<span itemprop="unitText">454g (1lb)</span></span></td><td>12,10 $/kg</td><td style="display: none;">2020-02-26</td><td style="display: none;"></td><td style="display: none;">Lactantia</td><td style="display: none;"></td><td style="display: none;"></td><td style="display: none;"></td><td style="display: none;"></td><td style="display: none;">bâtonnets</td><td style="display: none;"><a class="recipeLink" href="/recipe_ingredient_search_results.php?query=(_QU5E__1__________17__[]_1_1)&amp;sos_l=fr">Recettes avec beurre</a></td></tr><tr role="row" class="odd"><td tabindex="0"><i class="fa fa-thumbs-up"></i><i class="fa fa-thumbs-up"></i></td><td class=" not_printable"><div class="addToGL" data-soscuisine-aisle="5" data-soscuisine-sip="3937623"><i class="fa fa-cart-plus" title="Ajouter à ma liste d'épicerie"></i><div></div></div></td><td><img class="storeItemImage" alt="beurre" src="/media/images/store_item/blank.jpg"></td><td>beurre</td><td class="not_printable sorting_1">produits laitiers &amp; oeufs</td><td><img style="width:50%;" src="/media/images/logos/marchands/1.png" alt="Metro"></td><td><span itemprop="price">2,99 $</span><span itemprop="eligibleQuantity" itemscope="" itemtype="http://schema.org/QuantitativeValue">/<span itemprop="unitText">454g (1lb)</span></span></td><td>6,59 $/kg</td><td style="display: none;">2020-02-26</td><td style="display: none;"></td><td style="display: none;">Lactantia</td><td style="display: none;"></td><td style="display: none;"></td><td style="display: none;"></td><td style="display: none;"></td><td style="display: none;"></td><td style="display: none;"><a class="recipeLink" href="/recipe_ingredient_search_results.php?query=(_QU5E__1__________17__[]_1_1)&amp;sos_l=fr">Recettes avec beurre</a></td></tr><tr role="row" class="even"><td tabindex="0"><i class="fas fa-hand-rock"></i></td><td class=" not_printable"><div class="addToGL" data-soscuisine-aisle="5" data-soscuisine-sip="3940517"><i class="fa fa-cart-plus" title="Ajouter à ma liste d'épicerie"></i><div></div></div></td><td><img class="storeItemImage" alt="beurre" src="/media/images/store_item/blank.jpg"></td><td>beurre</td><td class="not_printable sorting_1">produits laitiers &amp; oeufs</td><td><img style="width:50%;" src="/media/images/logos/marchands/11.png" alt="Tradition"></td><td><span itemprop="price">4,97 $</span><span itemprop="eligibleQuantity" itemscope="" itemtype="http://schema.org/QuantitativeValue">/<span itemprop="unitText">454g (1lb)</span></span></td><td>10,96 $/kg</td><td style="display: none;">2020-02-26</td><td style="display: none;"></td><td style="display: none;">Lactantia</td><td style="display: none;"></td><td style="display: none;"></td><td style="display: none;"></td><td style="display: none;"></td><td style="display: none;"></td><td style="display: none;"><a class="recipeLink" href="/recipe_ingredient_search_results.php?query=(_QU5E__1__________17__[]_1_1)&amp;sos_l=fr">Recettes avec beurre</a></td></tr><tr role="row" class="odd"><td tabindex="0"><i class="fa fa-thumbs-up"></i><i class="fa fa-thumbs-up"></i></td><td class=" not_printable"><div class="addToGL" data-soscuisine-aisle="5" data-soscuisine-sip="3912881"><i class="fa fa-cart-plus" title="Ajouter à ma liste d'épicerie"></i><div></div></div></td><td><img class="storeItemImage" alt="beurre BIO" src="/media/images/store_item/blank.jpg"></td><td>beurre BIO</td><td class="not_printable sorting_1">produits laitiers &amp; oeufs</td><td><img style="width:50%;" src="/media/images/logos/marchands/94.png" alt="Avril"></td><td><span itemprop="price">7,99 $</span><span itemprop="eligibleQuantity" itemscope="" itemtype="http://schema.org/QuantitativeValue">/<span itemprop="unitText">454g (1lb)</span></span></td><td>17,62 $/kg</td><td style="display: none;">2020-03-03</td><td style="display: none;"></td><td style="display: none;">Liberté</td><td style="display: none;"></td><td style="display: none;"></td><td style="display: none;"></td><td style="display: none;"></td><td style="display: none;"></td><td style="display: none;"><a class="recipeLink" href="/recipe_ingredient_search_results.php?query=(_QU5E__1__________818__[]_1_1)&amp;sos_l=fr">Recettes avec beurre BIO</a></td></tr><tr role="row" class="even"><td tabindex="0"><i class="fa fa-thumbs-down"></i></td><td class=" not_printable"><div class="addToGL" data-soscuisine-aisle="5" data-soscuisine-sip="3939787"><i class="fa fa-cart-plus" title="Ajouter à ma liste d'épicerie"></i><div></div></div></td><td><img class="storeItemImage" alt="beurre BIO" src="/media/images/store_item/blank.jpg"></td><td>beurre BIO</td><td class="not_printable sorting_1">produits laitiers &amp; oeufs</td><td><img style="width:50%;" src="/media/images/logos/marchands/3.png" alt="IGA"></td><td><span itemprop="price">5,59 $</span><span itemprop="eligibleQuantity" itemscope="" itemtype="http://schema.org/QuantitativeValue">/<span itemprop="unitText">250g</span></span></td><td>22,36 $/kg</td><td style="display: none;">2020-02-26</td><td style="display: none;">Québec</td><td style="display: none;">Natrel</td><td style="display: none;"></td><td style="display: none;"></td><td style="display: none;"></td><td style="display: none;"></td><td style="display: none;"></td><td style="display: none;"><a class="recipeLink" href="/recipe_ingredient_search_results.php?query=(_QU5E__1__________818__[]_1_1)&amp;sos_l=fr">Recettes avec beurre BIO</a></td></tr><tr role="row" class="odd"><td tabindex="0"><i class="fa fa-thumbs-down"></i></td><td class=" not_printable"><div class="addToGL" data-soscuisine-aisle="5" data-soscuisine-sip="3938703"><i class="fa fa-cart-plus" title="Ajouter à ma liste d'épicerie"></i><div></div></div></td><td><img class="storeItemImage" alt="blancs d'oeuf" src="/media/images/store_item/blank.jpg"></td><td>blancs d'oeuf</td><td class="not_printable sorting_1">produits laitiers &amp; oeufs</td><td><img style="width:50%;" src="/media/images/logos/marchands/69.png" alt="Intermarché (Provincial)"></td><td><span itemprop="price">3,49 $</span><span itemprop="eligibleQuantity" itemscope="" itemtype="http://schema.org/QuantitativeValue">/<span itemprop="unitText">500g</span></span></td><td>0,70 $/100g</td><td style="display: none;">2020-02-26</td><td style="display: none;"></td><td style="display: none;">Créations oeufs</td><td style="display: none;"></td><td style="display: none;"></td><td style="display: none;"></td><td style="display: none;"></td><td style="display: none;"></td><td style="display: none;"><a class="recipeLink" href="/recipe_ingredient_search_results.php?query=(_QU5E__1__________906__[]_1_1)&amp;sos_l=fr">Recettes avec blancs d'oeuf</a></td></tr><tr role="row" class="even"><td tabindex="0"><i class="fa fa-thumbs-down"></i></td><td class=" not_printable"><div class="addToGL" data-soscuisine-aisle="5" data-soscuisine-sip="3938465"><i class="fa fa-cart-plus" title="Ajouter à ma liste d'épicerie"></i><div></div></div></td><td><img class="storeItemImage" alt="blancs d'oeuf" src="/media/images/store_item/blank.jpg"></td><td>blancs d'oeuf</td><td class="not_printable sorting_1">produits laitiers &amp; oeufs</td><td><img style="width:50%;" src="/media/images/logos/marchands/7.png" alt="Intermarché (Saveurs intl.)"></td><td><span itemprop="price">3,49 $</span><span itemprop="eligibleQuantity" itemscope="" itemtype="http://schema.org/QuantitativeValue">/<span itemprop="unitText">500g</span></span></td><td>0,70 $/100g</td><td style="display: none;">2020-02-26</td><td style="display: none;"></td><td style="display: none;">Créations oeufs</td><td style="display: none;"></td><td style="display: none;"></td><td style="display: none;"></td><td style="display: none;"></td><td style="display: none;"></td><td style="display: none;"><a class="recipeLink" href="/recipe_ingredient_search_results.php?query=(_QU5E__1__________906__[]_1_1)&amp;sos_l=fr">Recettes avec blancs d'oeuf</a></td></tr><tr role="row" class="odd"><td tabindex="0"><i class="fa fa-thumbs-up"></i></td><td class=" not_printable"><div class="addToGL" data-soscuisine-aisle="5" data-soscuisine-sip="3939489"><i class="fa fa-cart-plus" title="Ajouter à ma liste d'épicerie"></i><div></div></div></td><td><img class="storeItemImage" alt="boisson probiotique" src="/media/images/store_item/blank.jpg"></td><td>boisson probiotique</td><td class="not_printable sorting_1">produits laitiers &amp; oeufs</td><td><img style="width:50%;" src="/media/images/logos/marchands/3.png" alt="IGA"></td><td><span itemprop="price">4,99 $</span><span itemprop="eligibleQuantity" itemscope="" itemtype="http://schema.org/QuantitativeValue">/<span itemprop="value">8</span>x<span itemprop="unitText">93mL</span></span></td><td>0,67 $/100mL</td><td style="display: none;">2020-02-26</td><td style="display: none;"></td><td style="display: none;">DanActive</td><td style="display: none;"></td><td style="display: none;"></td><td style="display: none;"></td><td style="display: none;"></td><td style="display: none;"></td><td style="display: none;"></td></tr><tr role="row" class="even"><td tabindex="0"><i class="fa fa-thumbs-down"></i></td><td class=" not_printable"><div class="addToGL" data-soscuisine-aisle="5" data-soscuisine-sip="3937887"><i class="fa fa-cart-plus" title="Ajouter à ma liste d'épicerie"></i><div></div></div></td><td><img class="storeItemImage" alt="boisson probiotique" src="/media/images/store_item/blank.jpg"></td><td>boisson probiotique</td><td class="not_printable sorting_1">produits laitiers &amp; oeufs</td><td><img style="width:50%;" src="/media/images/logos/marchands/1.png" alt="Metro"></td><td><span itemprop="price">4,99 $</span><span itemprop="eligibleQuantity" itemscope="" itemtype="http://schema.org/QuantitativeValue">/<span itemprop="value">6</span>x<span itemprop="unitText">93mL</span></span></td><td>0,89 $/100mL</td><td style="display: none;">2020-02-26</td><td style="display: none;"></td><td style="display: none;"></td><td style="display: none;"></td><td style="display: none;"></td><td style="display: none;"></td><td style="display: none;"></td><td style="display: none;">Astro</td><td style="display: none;"></td></tr><tr role="row" class="odd"><td tabindex="0"><i class="fa fa-thumbs-down"></i></td><td class=" not_printable"><div class="addToGL" data-soscuisine-aisle="5" data-soscuisine-sip="3939741"><i class="fa fa-cart-plus" title="Ajouter à ma liste d'épicerie"></i><div></div></div></td><td><img class="storeItemImage" alt="crème 10%" src="/media/images/store_item/blank.jpg"></td><td>crème 10%</td><td class="not_printable sorting_1">produits laitiers &amp; oeufs</td><td><img style="width:50%;" src="/media/images/logos/marchands/3.png" alt="IGA"></td><td><span itemprop="price">4,29 $</span><span itemprop="eligibleQuantity" itemscope="" itemtype="http://schema.org/QuantitativeValue">/<span itemprop="unitText">1L</span></span></td><td>0,43 $/100mL</td><td style="display: none;">2020-02-26</td><td style="display: none;"></td><td style="display: none;">Natrel</td><td style="display: none;"></td><td style="display: none;"></td><td style="display: none;">Bio</td><td style="display: none;"></td><td style="display: none;"></td><td style="display: none;"><a class="recipeLink" href="/recipe_ingredient_search_results.php?query=(_QU5E__1__________774__[]_1_1)&amp;sos_l=fr">Recettes avec crème 10%</a></td></tr><tr role="row" class="even"><td tabindex="0"><i class="fa fa-thumbs-down"></i></td><td class=" not_printable"><div class="addToGL" data-soscuisine-aisle="5" data-soscuisine-sip="3937807"><i class="fa fa-cart-plus" title="Ajouter à ma liste d'épicerie"></i><div></div></div></td><td><img class="storeItemImage" alt="crème 10%" src="/media/images/store_item/blank.jpg"></td><td>crème 10%</td><td class="not_printable sorting_1">produits laitiers &amp; oeufs</td><td><img style="width:50%;" src="/media/images/logos/marchands/1.png" alt="Metro"></td><td><span itemprop="price">2,99 $</span><span itemprop="eligibleQuantity" itemscope="" itemtype="http://schema.org/QuantitativeValue">/<span itemprop="unitText">473mL</span></span></td><td>0,63 $/100mL</td><td style="display: none;">2020-02-26</td><td style="display: none;"></td><td style="display: none;">Québon Ultracrème</td><td style="display: none;"></td><td style="display: none;"></td><td style="display: none;"></td><td style="display: none;"></td><td style="display: none;">Sealtest, Natrel, ou Lactantia</td><td style="display: none;"><a class="recipeLink" href="/recipe_ingredient_search_results.php?query=(_QU5E__1__________774__[]_1_1)&amp;sos_l=fr">Recettes avec crème 10%</a></td></tr><tr role="row" class="odd"><td tabindex="0"><i class="fas fa-hand-rock"></i></td><td class=" not_printable"><div class="addToGL" data-soscuisine-aisle="5" data-soscuisine-sip="3940943"><i class="fa fa-cart-plus" title="Ajouter à ma liste d'épicerie"></i><div></div></div></td><td><img class="storeItemImage" alt="crème 10%" src="/media/images/store_item/blank.jpg"></td><td>crème 10%</td><td class="not_printable sorting_1">produits laitiers &amp; oeufs</td><td><img style="width:50%;" src="/media/images/logos/marchands/12.png" alt="Richelieu"></td><td><span itemprop="price">3,79 $</span><span itemprop="eligibleQuantity" itemscope="" itemtype="http://schema.org/QuantitativeValue">/<span itemprop="unitText">1L</span></span></td><td>0,38 $/100mL</td><td style="display: none;">2020-02-26</td><td style="display: none;"></td><td style="display: none;">Natrel</td><td style="display: none;"></td><td style="display: none;"></td><td style="display: none;"></td><td style="display: none;"></td><td style="display: none;"></td><td style="display: none;"><a class="recipeLink" href="/recipe_ingredient_search_results.php?query=(_QU5E__1__________774__[]_1_1)&amp;sos_l=fr">Recettes avec crème 10%</a></td></tr><tr role="row" class="even"><td tabindex="0"><i class="fa fa-thumbs-up"></i></td><td class=" not_printable"><div class="addToGL" data-soscuisine-aisle="5" data-soscuisine-sip="3940759"><i class="fa fa-cart-plus" title="Ajouter à ma liste d'épicerie"></i><div></div></div></td><td><img class="storeItemImage" alt="crème 10%" src="/media/images/store_item/blank.jpg"></td><td>crème 10%</td><td class="not_printable sorting_1">produits laitiers &amp; oeufs</td><td><img style="width:50%;" src="/media/images/logos/marchands/5.png" alt="Super C"></td><td><span itemprop="price">2,99 $</span><span itemprop="eligibleQuantity" itemscope="" itemtype="http://schema.org/QuantitativeValue">/<span itemprop="unitText">1L</span></span></td><td>0,30 $/100mL</td><td style="display: none;">2020-02-26</td><td style="display: none;"></td><td style="display: none;">Québon Ultracrème</td><td style="display: none;"></td><td style="display: none;"></td><td style="display: none;"></td><td style="display: none;"></td><td style="display: none;">ou Lactantia</td><td style="display: none;"><a class="recipeLink" href="/recipe_ingredient_search_results.php?query=(_QU5E__1__________774__[]_1_1)&amp;sos_l=fr">Recettes avec crème 10%</a></td></tr><tr role="row" class="odd"><td tabindex="0"><i class="fas fa-hand-rock"></i></td><td class=" not_printable"><div class="addToGL" data-soscuisine-aisle="5" data-soscuisine-sip="3939749"><i class="fa fa-cart-plus" title="Ajouter à ma liste d'épicerie"></i><div></div></div></td><td><img class="storeItemImage" alt="crème 15%" src="/media/images/store_item/blank.jpg"></td><td>crème 15%</td><td class="not_printable sorting_1">produits laitiers &amp; oeufs</td><td><img style="width:50%;" src="/media/images/logos/marchands/3.png" alt="IGA"></td><td><span itemprop="price">4,29 $</span><span itemprop="eligibleQuantity" itemscope="" itemtype="http://schema.org/QuantitativeValue">/<span itemprop="unitText">1L</span></span></td><td>0,43 $/100mL</td><td style="display: none;">2020-02-26</td><td style="display: none;"></td><td style="display: none;">Natrel</td><td style="display: none;"></td><td style="display: none;"></td><td style="display: none;"></td><td style="display: none;"></td><td style="display: none;"></td><td style="display: none;"><a class="recipeLink" href="/recipe_ingredient_search_results.php?query=(_QU5E__1__________145__[]_1_1)&amp;sos_l=fr">Recettes avec crème 15%</a></td></tr><tr role="row" class="even"><td tabindex="0"><i class="fas fa-hand-rock"></i></td><td class=" not_printable"><div class="addToGL" data-soscuisine-aisle="5" data-soscuisine-sip="3937809"><i class="fa fa-cart-plus" title="Ajouter à ma liste d'épicerie"></i><div></div></div></td><td><img class="storeItemImage" alt="crème 15%" src="/media/images/store_item/blank.jpg"></td><td>crème 15%</td><td class="not_printable sorting_1">produits laitiers &amp; oeufs</td><td><img style="width:50%;" src="/media/images/logos/marchands/1.png" alt="Metro"></td><td><span itemprop="price">2,99 $</span><span itemprop="eligibleQuantity" itemscope="" itemtype="http://schema.org/QuantitativeValue">/<span itemprop="unitText">473mL</span></span></td><td>0,63 $/100mL</td><td style="display: none;">2020-02-26</td><td style="display: none;"></td><td style="display: none;">Québon Ultracrème</td><td style="display: none;"></td><td style="display: none;"></td><td style="display: none;"></td><td style="display: none;"></td><td style="display: none;">Sealtest, Natrel, ou Lactantia</td><td style="display: none;"><a class="recipeLink" href="/recipe_ingredient_search_results.php?query=(_QU5E__1__________145__[]_1_1)&amp;sos_l=fr">Recettes avec crème 15%</a></td></tr><tr role="row" class="odd"><td tabindex="0"><i class="fas fa-exclamation"></i></td><td class=" not_printable"><div class="addToGL" data-soscuisine-aisle="5" data-soscuisine-sip="3937813"><i class="fa fa-cart-plus" title="Ajouter à ma liste d'épicerie"></i><div></div></div></td><td><img class="storeItemImage" alt="crème 18%" src="/media/images/store_item/blank.jpg"></td><td>crème 18%</td><td class="not_printable sorting_1">produits laitiers &amp; oeufs</td><td><img style="width:50%;" src="/media/images/logos/marchands/1.png" alt="Metro"></td><td><span itemprop="price">2,99 $</span><span itemprop="eligibleQuantity" itemscope="" itemtype="http://schema.org/QuantitativeValue">/<span itemprop="unitText">473mL</span></span></td><td>0,63 $/100mL</td><td style="display: none;">2020-02-26</td><td style="display: none;"></td><td style="display: none;"></td><td style="display: none;"></td><td style="display: none;"></td><td style="display: none;"></td><td style="display: none;"></td><td style="display: none;">Quebon, Sealtest, Natrel, ou Lactantia</td><td style="display: none;"><a class="recipeLink" href="/recipe_ingredient_search_results.php?query=(_QU5E__1__________789__[]_1_1)&amp;sos_l=fr">Recettes avec crème 18%</a></td></tr><tr role="row" class="even"><td tabindex="0"><i class="fa fa-thumbs-down"></i></td><td class=" not_printable"><div class="addToGL" data-soscuisine-aisle="5" data-soscuisine-sip="3939755"><i class="fa fa-cart-plus" title="Ajouter à ma liste d'épicerie"></i><div></div></div></td><td><img class="storeItemImage" alt="crème 35%" src="/media/images/store_item/blank.jpg"></td><td>crème 35%</td><td class="not_printable sorting_1">produits laitiers &amp; oeufs</td><td><img style="width:50%;" src="/media/images/logos/marchands/3.png" alt="IGA"></td><td><span itemprop="price">4,29 $</span><span itemprop="eligibleQuantity" itemscope="" itemtype="http://schema.org/QuantitativeValue">/<span itemprop="unitText">473mL</span></span></td><td>0,91 $/100mL</td><td style="display: none;">2020-02-26</td><td style="display: none;"></td><td style="display: none;">Natrel</td><td style="display: none;"></td><td style="display: none;"></td><td style="display: none;"></td><td style="display: none;"></td><td style="display: none;"></td><td style="display: none;"><a class="recipeLink" href="/recipe_ingredient_search_results.php?query=(_QU5E__1__________146__[]_1_1)&amp;sos_l=fr">Recettes avec crème 35%</a></td></tr><tr role="row" class="odd"><td tabindex="0"><i class="fa fa-thumbs-down"></i></td><td class=" not_printable"><div class="addToGL" data-soscuisine-aisle="5" data-soscuisine-sip="3937815"><i class="fa fa-cart-plus" title="Ajouter à ma liste d'épicerie"></i><div></div></div></td><td><img class="storeItemImage" alt="crème 35%" src="/media/images/store_item/blank.jpg"></td><td>crème 35%</td><td class="not_printable sorting_1">produits laitiers &amp; oeufs</td><td><img style="width:50%;" src="/media/images/logos/marchands/1.png" alt="Metro"></td><td><span itemprop="price">2,99 $</span><span itemprop="eligibleQuantity" itemscope="" itemtype="http://schema.org/QuantitativeValue">/<span itemprop="unitText">236mL</span></span></td><td>1,27 $/100mL</td><td style="display: none;">2020-02-26</td><td style="display: none;"></td><td style="display: none;">Québon Ultracrème</td><td style="display: none;"></td><td style="display: none;"></td><td style="display: none;"></td><td style="display: none;"></td><td style="display: none;">Sealtest, Natrel, ou Lactantia</td><td style="display: none;"><a class="recipeLink" href="/recipe_ingredient_search_results.php?query=(_QU5E__1__________146__[]_1_1)&amp;sos_l=fr">Recettes avec crème 35%</a></td></tr><tr role="row" class="even"><td tabindex="0"><i class="fa fa-thumbs-up"></i><i class="fa fa-thumbs-up"></i></td><td class=" not_printable"><div class="addToGL" data-soscuisine-aisle="5" data-soscuisine-sip="3938051"><i class="fa fa-cart-plus" title="Ajouter à ma liste d'épicerie"></i><div></div></div></td><td><img class="storeItemImage" alt="crème 35%" src="/media/images/store_item/blank.jpg"></td><td>crème 35%</td><td class="not_printable sorting_1">produits laitiers &amp; oeufs</td><td><img style="width:50%;" src="/media/images/logos/marchands/2.png" alt="Provigo"></td><td><span itemprop="price">2,99 $</span><span itemprop="eligibleQuantity" itemscope="" itemtype="http://schema.org/QuantitativeValue">/<span itemprop="unitText">473mL</span></span></td><td>0,63 $/100mL</td><td style="display: none;">2020-02-26</td><td style="display: none;">Québec</td><td style="display: none;">Québon Ultracrème</td><td style="display: none;"></td><td style="display: none;"></td><td style="display: none;"></td><td style="display: none;"></td><td style="display: none;"></td><td style="display: none;"><a class="recipeLink" href="/recipe_ingredient_search_results.php?query=(_QU5E__1__________146__[]_1_1)&amp;sos_l=fr">Recettes avec crème 35%</a></td></tr><tr role="row" class="odd"><td tabindex="0"><i class="fas fa-hand-rock"></i></td><td class=" not_printable"><div class="addToGL" data-soscuisine-aisle="5" data-soscuisine-sip="3940945"><i class="fa fa-cart-plus" title="Ajouter à ma liste d'épicerie"></i><div></div></div></td><td><img class="storeItemImage" alt="crème 35%" src="/media/images/store_item/blank.jpg"></td><td>crème 35%</td><td class="not_printable sorting_1">produits laitiers &amp; oeufs</td><td><img style="width:50%;" src="/media/images/logos/marchands/12.png" alt="Richelieu"></td><td><span itemprop="price">3,79 $</span><span itemprop="eligibleQuantity" itemscope="" itemtype="http://schema.org/QuantitativeValue">/<span itemprop="unitText">473mL</span></span></td><td>0,80 $/100mL</td><td style="display: none;">2020-02-26</td><td style="display: none;"></td><td style="display: none;">Québon Ultracrème</td><td style="display: none;"></td><td style="display: none;">à fouetter</td><td style="display: none;"></td><td style="display: none;"></td><td style="display: none;"></td><td style="display: none;"><a class="recipeLink" href="/recipe_ingredient_search_results.php?query=(_QU5E__1__________146__[]_1_1)&amp;sos_l=fr">Recettes avec crème 35%</a></td></tr><tr role="row" class="even"><td tabindex="0"><i class="fa fa-thumbs-up"></i><i class="fa fa-thumbs-up"></i></td><td class=" not_printable"><div class="addToGL" data-soscuisine-aisle="5" data-soscuisine-sip="3940755"><i class="fa fa-cart-plus" title="Ajouter à ma liste d'épicerie"></i><div></div></div></td><td><img class="storeItemImage" alt="crème 35%" src="/media/images/store_item/blank.jpg"></td><td>crème 35%</td><td class="not_printable sorting_1">produits laitiers &amp; oeufs</td><td><img style="width:50%;" src="/media/images/logos/marchands/5.png" alt="Super C"></td><td><span itemprop="price">2,99 $</span><span itemprop="eligibleQuantity" itemscope="" itemtype="http://schema.org/QuantitativeValue">/<span itemprop="unitText">473mL</span></span></td><td>0,63 $/100mL</td><td style="display: none;">2020-02-26</td><td style="display: none;"></td><td style="display: none;">Québon Ultracrème</td><td style="display: none;"></td><td style="display: none;"></td><td style="display: none;"></td><td style="display: none;"></td><td style="display: none;">ou Lactantia</td><td style="display: none;"><a class="recipeLink" href="/recipe_ingredient_search_results.php?query=(_QU5E__1__________146__[]_1_1)&amp;sos_l=fr">Recettes avec crème 35%</a></td></tr><tr role="row" class="odd"><td tabindex="0"><i class="fas fa-hand-rock"></i></td><td class=" not_printable"><div class="addToGL" data-soscuisine-aisle="5" data-soscuisine-sip="3939743"><i class="fa fa-cart-plus" title="Ajouter à ma liste d'épicerie"></i><div></div></div></td><td><img class="storeItemImage" alt="crème 5%" src="/media/images/store_item/blank.jpg"></td><td>crème 5%</td><td class="not_printable sorting_1">produits laitiers &amp; oeufs</td><td><img style="width:50%;" src="/media/images/logos/marchands/3.png" alt="IGA"></td><td><span itemprop="price">4,29 $</span><span itemprop="eligibleQuantity" itemscope="" itemtype="http://schema.org/QuantitativeValue">/<span itemprop="unitText">1L</span></span></td><td>0,43 $/100mL</td><td style="display: none;">2020-02-26</td><td style="display: none;"></td><td style="display: none;">Natrel</td><td style="display: none;"></td><td style="display: none;"></td><td style="display: none;"></td><td style="display: none;"></td><td style="display: none;"></td><td style="display: none;"><a class="recipeLink" href="/recipe_ingredient_search_results.php?query=(_QU5E__1__________788__[]_1_1)&amp;sos_l=fr">Recettes avec crème 5%</a></td></tr><tr role="row" class="even"><td tabindex="0"><i class="fas fa-hand-rock"></i></td><td class=" not_printable"><div class="addToGL" data-soscuisine-aisle="5" data-soscuisine-sip="3937805"><i class="fa fa-cart-plus" title="Ajouter à ma liste d'épicerie"></i><div></div></div></td><td><img class="storeItemImage" alt="crème 5%" src="/media/images/store_item/blank.jpg"></td><td>crème 5%</td><td class="not_printable sorting_1">produits laitiers &amp; oeufs</td><td><img style="width:50%;" src="/media/images/logos/marchands/1.png" alt="Metro"></td><td><span itemprop="price">2,99 $</span><span itemprop="eligibleQuantity" itemscope="" itemtype="http://schema.org/QuantitativeValue">/<span itemprop="unitText">473mL</span></span></td><td>0,63 $/100mL</td><td style="display: none;">2020-02-26</td><td style="display: none;"></td><td style="display: none;">Québon Ultracrème</td><td style="display: none;"></td><td style="display: none;"></td><td style="display: none;"></td><td style="display: none;"></td><td style="display: none;">Sealtest, Natrel, ou Lactantia</td><td style="display: none;"><a class="recipeLink" href="/recipe_ingredient_search_results.php?query=(_QU5E__1__________788__[]_1_1)&amp;sos_l=fr">Recettes avec crème 5%</a></td></tr><tr role="row" class="odd"><td tabindex="0"><i class="fa fa-thumbs-up"></i><i class="fa fa-thumbs-up"></i></td><td class=" not_printable"><div class="addToGL" data-soscuisine-aisle="5" data-soscuisine-sip="3940947"><i class="fa fa-cart-plus" title="Ajouter à ma liste d'épicerie"></i><div></div></div></td><td><img class="storeItemImage" alt="crème 5%" src="/media/images/store_item/blank.jpg"></td><td>crème 5%</td><td class="not_printable sorting_1">produits laitiers &amp; oeufs</td><td><img style="width:50%;" src="/media/images/logos/marchands/12.png" alt="Richelieu"></td><td><span itemprop="price">3,79 $</span><span itemprop="eligibleQuantity" itemscope="" itemtype="http://schema.org/QuantitativeValue">/<span itemprop="unitText">1L</span></span></td><td>0,38 $/100mL</td><td style="display: none;">2020-02-26</td><td style="display: none;"></td><td style="display: none;">Natrel</td><td style="display: none;"></td><td style="display: none;"></td><td style="display: none;"></td><td style="display: none;"></td><td style="display: none;"></td><td style="display: none;"><a class="recipeLink" href="/recipe_ingredient_search_results.php?query=(_QU5E__1__________788__[]_1_1)&amp;sos_l=fr">Recettes avec crème 5%</a></td></tr><tr role="row" class="even"><td tabindex="0"><i class="fa fa-thumbs-down"></i></td><td class=" not_printable"><div class="addToGL" data-soscuisine-aisle="5" data-soscuisine-sip="3939667"><i class="fa fa-cart-plus" title="Ajouter à ma liste d'épicerie"></i><div></div></div></td><td><img class="storeItemImage" alt="crème sure" src="/media/images/store_item/blank.jpg"></td><td>crème sure</td><td class="not_printable sorting_1">produits laitiers &amp; oeufs</td><td><img style="width:50%;" src="/media/images/logos/marchands/3.png" alt="IGA"></td><td><span itemprop="price">3,29 $</span><span itemprop="eligibleQuantity" itemscope="" itemtype="http://schema.org/QuantitativeValue">/<span itemprop="unitText">500mL</span></span></td><td>0,66 $/100mL</td><td style="display: none;">2020-02-26</td><td style="display: none;"></td><td style="display: none;">Sealtest</td><td style="display: none;"></td><td style="display: none;"></td><td style="display: none;"></td><td style="display: none;"></td><td style="display: none;"></td><td style="display: none;"><a class="recipeLink" href="/recipe_ingredient_search_results.php?query=(_QU5E__1__________21__[]_1_1)&amp;sos_l=fr">Recettes avec crème sure</a></td></tr><tr role="row" class="odd"><td tabindex="0"><i class="fa fa-thumbs-up"></i><i class="fa fa-thumbs-up"></i></td><td class=" not_printable"><div class="addToGL" data-soscuisine-aisle="5" data-soscuisine-sip="3939161"><i class="fa fa-cart-plus" title="Ajouter à ma liste d'épicerie"></i><div></div></div></td><td><img class="storeItemImage" alt="crème sure" src="/media/images/store_item/blank.jpg"></td><td>crème sure</td><td class="not_printable sorting_1">produits laitiers &amp; oeufs</td><td><img style="width:50%;" src="/media/images/logos/marchands/63.png" alt="Marché Adonis"></td><td><span itemprop="price">1,99 $</span><span itemprop="eligibleQuantity" itemscope="" itemtype="http://schema.org/QuantitativeValue">/<span itemprop="unitText">500mL</span></span></td><td>0,40 $/100mL</td><td style="display: none;">2020-02-26</td><td style="display: none;"></td><td style="display: none;">Béatrice</td><td style="display: none;"></td><td style="display: none;"></td><td style="display: none;"></td><td style="display: none;"></td><td style="display: none;"></td><td style="display: none;"><a class="recipeLink" href="/recipe_ingredient_search_results.php?query=(_QU5E__1__________21__[]_1_1)&amp;sos_l=fr">Recettes avec crème sure</a></td></tr><tr role="row" class="even"><td tabindex="0"><i class="fas fa-hand-rock"></i></td><td class=" not_printable"><div class="addToGL" data-soscuisine-aisle="5" data-soscuisine-sip="3937861"><i class="fa fa-cart-plus" title="Ajouter à ma liste d'épicerie"></i><div></div></div></td><td><img class="storeItemImage" alt="crème sure" src="/media/images/store_item/blank.jpg"></td><td>crème sure</td><td class="not_printable sorting_1">produits laitiers &amp; oeufs</td><td><img style="width:50%;" src="/media/images/logos/marchands/1.png" alt="Metro"></td><td><span itemprop="price">3,00 $</span><span itemprop="eligibleQuantity" itemscope="" itemtype="http://schema.org/QuantitativeValue">/<span itemprop="unitText">500mL</span></span></td><td>0,60 $/100mL</td><td style="display: none;">2020-02-26</td><td style="display: none;"></td><td style="display: none;">Sealtest</td><td style="display: none;"></td><td style="display: none;"></td><td style="display: none;"></td><td style="display: none;"></td><td style="display: none;"></td><td style="display: none;"><a class="recipeLink" href="/recipe_ingredient_search_results.php?query=(_QU5E__1__________21__[]_1_1)&amp;sos_l=fr">Recettes avec crème sure</a></td></tr><tr role="row" class="odd"><td tabindex="0"><i class="fas fa-hand-rock"></i></td><td class=" not_printable"><div class="addToGL" data-soscuisine-aisle="5" data-soscuisine-sip="3940725"><i class="fa fa-cart-plus" title="Ajouter à ma liste d'épicerie"></i><div></div></div></td><td><img class="storeItemImage" alt="crème sure" src="/media/images/store_item/blank.jpg"></td><td>crème sure</td><td class="not_printable sorting_1">produits laitiers &amp; oeufs</td><td><img style="width:50%;" src="/media/images/logos/marchands/5.png" alt="Super C"></td><td><span itemprop="price">2,99 $</span><span itemprop="eligibleQuantity" itemscope="" itemtype="http://schema.org/QuantitativeValue">/<span itemprop="unitText">500mL</span></span></td><td>0,60 $/100mL</td><td style="display: none;">2020-02-26</td><td style="display: none;"></td><td style="display: none;">marque maison</td><td style="display: none;"></td><td style="display: none;"></td><td style="display: none;"></td><td style="display: none;"></td><td style="display: none;"></td><td style="display: none;"><a class="recipeLink" href="/recipe_ingredient_search_results.php?query=(_QU5E__1__________21__[]_1_1)&amp;sos_l=fr">Recettes avec crème sure</a></td></tr><tr role="row" class="even"><td tabindex="0"><i class="fas fa-exclamation"></i></td><td class=" not_printable"><div class="addToGL" data-soscuisine-aisle="5" data-soscuisine-sip="3912847"><i class="fa fa-cart-plus" title="Ajouter à ma liste d'épicerie"></i><div></div></div></td><td><img class="storeItemImage" alt="crème sure sans lactose" src="/media/images/store_item/blank.jpg"></td><td>crème sure sans lactose</td><td class="not_printable sorting_1">produits laitiers &amp; oeufs</td><td><img style="width:50%;" src="/media/images/logos/marchands/94.png" alt="Avril"></td><td><span itemprop="price">6,99 $</span><span itemprop="eligibleQuantity" itemscope="" itemtype="http://schema.org/QuantitativeValue">/<span itemprop="value">2</span>x<span itemprop="unitText">340g (12oz)</span></span></td><td>1,00 $/100mL</td><td style="display: none;">2020-03-03</td><td style="display: none;"></td><td style="display: none;"></td><td style="display: none;"></td><td style="display: none;"></td><td style="display: none;"></td><td style="display: none;"></td><td style="display: none;">Tofutti</td><td style="display: none;"></td></tr><tr role="row" class="odd"><td tabindex="0"><i class="fas fa-exclamation"></i></td><td class=" not_printable"><div class="addToGL" data-soscuisine-aisle="5" data-soscuisine-sip="3912853"><i class="fa fa-cart-plus" title="Ajouter à ma liste d'épicerie"></i><div></div></div></td><td><img class="storeItemImage" alt="crème sure sans lactose" src="/media/images/store_item/blank.jpg"></td><td>crème sure sans lactose</td><td class="not_printable sorting_1">produits laitiers &amp; oeufs</td><td><img style="width:50%;" src="/media/images/logos/marchands/94.png" alt="Avril"></td><td><span itemprop="price">4,79 $</span><span itemprop="eligibleQuantity" itemscope="" itemtype="http://schema.org/QuantitativeValue">/<span itemprop="unitText">340g (12oz)</span></span></td><td>1,37 $/100mL</td><td style="display: none;">2020-03-03</td><td style="display: none;"></td><td style="display: none;"></td><td style="display: none;"></td><td style="display: none;"></td><td style="display: none;"></td><td style="display: none;"></td><td style="display: none;">Tofutti</td><td style="display: none;"></td></tr><tr role="row" class="even"><td tabindex="0"><i class="fas fa-hand-rock"></i></td><td class=" not_printable"><div class="addToGL" data-soscuisine-aisle="5" data-soscuisine-sip="3939551"><i class="fa fa-cart-plus" title="Ajouter à ma liste d'épicerie"></i><div></div></div></td><td><img class="storeItemImage" alt="fromage à la crème" src="/media/images/store_item/blank.jpg"></td><td>fromage à la crème</td><td class="not_printable sorting_1">produits laitiers &amp; oeufs</td><td><img style="width:50%;" src="/media/images/logos/marchands/10.png" alt="Bonichoix "></td><td><span itemprop="price">2,99 $</span><span itemprop="eligibleQuantity" itemscope="" itemtype="http://schema.org/QuantitativeValue">/<span itemprop="unitText">250g</span></span></td><td>1,20 $/100g</td><td style="display: none;">2020-02-26</td><td style="display: none;"></td><td style="display: none;">Philadelphia</td><td style="display: none;"></td><td style="display: none;"></td><td style="display: none;"></td><td style="display: none;"></td><td style="display: none;"></td><td style="display: none;"><a class="recipeLink" href="/recipe_ingredient_search_results.php?query=(_QU5E__1__________306__[]_1_1)&amp;sos_l=fr">Recettes avec fromage à la crème</a></td></tr><tr role="row" class="odd"><td tabindex="0"><i class="fa fa-thumbs-up"></i></td><td class=" not_printable"><div class="addToGL" data-soscuisine-aisle="5" data-soscuisine-sip="3938957"><i class="fa fa-cart-plus" title="Ajouter à ma liste d'épicerie"></i><div></div></div></td><td><img class="storeItemImage" alt="fromage à la crème" src="/media/images/store_item/blank.jpg"></td><td>fromage à la crème</td><td class="not_printable sorting_1">produits laitiers &amp; oeufs</td><td><img style="width:50%;" src="/media/images/logos/marchands/3.png" alt="IGA"></td><td><span itemprop="price">3,99 $</span><span itemprop="eligibleQuantity" itemscope="" itemtype="http://schema.org/QuantitativeValue">/<span itemprop="unitText">340g (12oz)</span></span></td><td>1,17 $/100g</td><td style="display: none;">2020-02-26</td><td style="display: none;"></td><td style="display: none;">Philadelphia</td><td style="display: none;"></td><td style="display: none;"></td><td style="display: none;"></td><td style="display: none;"></td><td style="display: none;"></td><td style="display: none;"><a class="recipeLink" href="/recipe_ingredient_search_results.php?query=(_QU5E__1__________306__[]_1_1)&amp;sos_l=fr">Recettes avec fromage à la crème</a></td></tr><tr role="row" class="even"><td tabindex="0"><i class="fa fa-thumbs-up"></i><i class="fa fa-thumbs-up"></i></td><td class=" not_printable"><div class="addToGL" data-soscuisine-aisle="5" data-soscuisine-sip="3937579"><i class="fa fa-cart-plus" title="Ajouter à ma liste d'épicerie"></i><div></div></div></td><td><img class="storeItemImage" alt="fromage à la crème" src="/media/images/store_item/blank.jpg"></td><td>fromage à la crème</td><td class="not_printable sorting_1">produits laitiers &amp; oeufs</td><td><img style="width:50%;" src="/media/images/logos/marchands/6.png" alt="Maxi"></td><td><span itemprop="price">2,00 $</span><span itemprop="eligibleQuantity" itemscope="" itemtype="http://schema.org/QuantitativeValue">/<span itemprop="unitText">250g</span></span></td><td>0,80 $/100g</td><td style="display: none;">2020-02-26</td><td style="display: none;"></td><td style="display: none;">marque maison</td><td style="display: none;"></td><td style="display: none;"></td><td style="display: none;"></td><td style="display: none;"></td><td style="display: none;"></td><td style="display: none;"><a class="recipeLink" href="/recipe_ingredient_search_results.php?query=(_QU5E__1__________306__[]_1_1)&amp;sos_l=fr">Recettes avec fromage à la crème</a></td></tr><tr role="row" class="odd"><td tabindex="0"><i class="fa fa-thumbs-down"></i></td><td class=" not_printable"><div class="addToGL" data-soscuisine-aisle="5" data-soscuisine-sip="3937801"><i class="fa fa-cart-plus" title="Ajouter à ma liste d'épicerie"></i><div></div></div></td><td><img class="storeItemImage" alt="fromage à la crème" src="/media/images/store_item/blank.jpg"></td><td>fromage à la crème</td><td class="not_printable sorting_1">produits laitiers &amp; oeufs</td><td><img style="width:50%;" src="/media/images/logos/marchands/1.png" alt="Metro"></td><td><span itemprop="price">4,99 $</span><span itemprop="eligibleQuantity" itemscope="" itemtype="http://schema.org/QuantitativeValue">/<span itemprop="unitText">340g (12oz)</span></span></td><td>1,47 $/100g</td><td style="display: none;">2020-02-26</td><td style="display: none;"></td><td style="display: none;">Philadelphia</td><td style="display: none;"></td><td style="display: none;"></td><td style="display: none;"></td><td style="display: none;"></td><td style="display: none;"></td><td style="display: none;"><a class="recipeLink" href="/recipe_ingredient_search_results.php?query=(_QU5E__1__________306__[]_1_1)&amp;sos_l=fr">Recettes avec fromage à la crème</a></td></tr><tr role="row" class="even"><td tabindex="0"><i class="fa fa-thumbs-up"></i><i class="fa fa-thumbs-up"></i></td><td class=" not_printable"><div class="addToGL" data-soscuisine-aisle="5" data-soscuisine-sip="3938091"><i class="fa fa-cart-plus" title="Ajouter à ma liste d'épicerie"></i><div></div></div></td><td><img class="storeItemImage" alt="fromage à la crème" src="/media/images/store_item/blank.jpg"></td><td>fromage à la crème</td><td class="not_printable sorting_1">produits laitiers &amp; oeufs</td><td><img style="width:50%;" src="/media/images/logos/marchands/2.png" alt="Provigo"></td><td><span itemprop="price">2,99 $</span><span itemprop="eligibleQuantity" itemscope="" itemtype="http://schema.org/QuantitativeValue">/<span itemprop="unitText">340g (12oz)</span></span></td><td>0,88 $/100g</td><td style="display: none;">2020-02-26</td><td style="display: none;"></td><td style="display: none;">Philadelphia</td><td style="display: none;"></td><td style="display: none;"></td><td style="display: none;"></td><td style="display: none;"></td><td style="display: none;"></td><td style="display: none;"><a class="recipeLink" href="/recipe_ingredient_search_results.php?query=(_QU5E__1__________306__[]_1_1)&amp;sos_l=fr">Recettes avec fromage à la crème</a></td></tr><tr role="row" class="odd"><td tabindex="0"><i class="fa fa-thumbs-down"></i></td><td class=" not_printable"><div class="addToGL" data-soscuisine-aisle="5" data-soscuisine-sip="3940837"><i class="fa fa-cart-plus" title="Ajouter à ma liste d'épicerie"></i><div></div></div></td><td><img class="storeItemImage" alt="fromage à la crème" src="/media/images/store_item/blank.jpg"></td><td>fromage à la crème</td><td class="not_printable sorting_1">produits laitiers &amp; oeufs</td><td><img style="width:50%;" src="/media/images/logos/marchands/11.png" alt="Tradition"></td><td><span itemprop="price">3,99 $</span><span itemprop="eligibleQuantity" itemscope="" itemtype="http://schema.org/QuantitativeValue">/<span itemprop="unitText">250g</span></span></td><td>1,60 $/100g</td><td style="display: none;">2020-02-26</td><td style="display: none;"></td><td style="display: none;">Philadelphia</td><td style="display: none;"></td><td style="display: none;"></td><td style="display: none;"></td><td style="display: none;"></td><td style="display: none;"></td><td style="display: none;"><a class="recipeLink" href="/recipe_ingredient_search_results.php?query=(_QU5E__1__________306__[]_1_1)&amp;sos_l=fr">Recettes avec fromage à la crème</a></td></tr><tr role="row" class="even"><td tabindex="0"><i class="fas fa-exclamation"></i></td><td class=" not_printable"><div class="addToGL" data-soscuisine-aisle="5" data-soscuisine-sip="3939127"><i class="fa fa-cart-plus" title="Ajouter à ma liste d'épicerie"></i><div></div></div></td><td><img class="storeItemImage" alt="fromage appenzeller" src="/media/images/store_item/blank.jpg"></td><td>fromage appenzeller</td><td class="not_printable sorting_1">produits laitiers &amp; oeufs</td><td><img style="width:50%;" src="/media/images/logos/marchands/63.png" alt="Marché Adonis"></td><td><span itemprop="price">14,99 $</span><span itemprop="eligibleQuantity" itemscope="" itemtype="http://schema.org/QuantitativeValue">/<span itemprop="unitText">lb</span></span></td><td>3,30 $/100g</td><td style="display: none;">2020-02-26</td><td style="display: none;"></td><td style="display: none;"></td><td style="display: none;"></td><td style="display: none;"></td><td style="display: none;"></td><td style="display: none;"></td><td style="display: none;"></td><td style="display: none;"><a class="recipeLink" href="/recipe_ingredient_search_results.php?query=(_QU5E__1__________552__[]_1_1)&amp;sos_l=fr">Recettes avec fromage appenzeller</a></td></tr><tr role="row" class="odd"><td tabindex="0"><i class="fas fa-hand-rock"></i></td><td class=" not_printable"><div class="addToGL" data-soscuisine-aisle="5" data-soscuisine-sip="3938407"><i class="fa fa-cart-plus" title="Ajouter à ma liste d'épicerie"></i><div></div></div></td><td><img class="storeItemImage" alt="fromage bleu" src="/media/images/store_item/blank.jpg"></td><td>fromage bleu</td><td class="not_printable sorting_1">produits laitiers &amp; oeufs</td><td><img style="width:50%;" src="/media/images/logos/marchands/7.png" alt="Intermarché (Saveurs intl.)"></td><td><span itemprop="price">3,99 $</span><span itemprop="eligibleQuantity" itemscope="" itemtype="http://schema.org/QuantitativeValue">/125g</span></td><td>3,19 $/100g</td><td style="display: none;">2020-02-26</td><td style="display: none;"></td><td style="display: none;">Castello</td><td style="display: none;"></td><td style="display: none;"></td><td style="display: none;"></td><td style="display: none;"></td><td style="display: none;"></td><td style="display: none;"><a class="recipeLink" href="/recipe_ingredient_search_results.php?query=(_QU5E__1__________346__[]_1_1)&amp;sos_l=fr">Recettes avec fromage bleu</a></td></tr><tr role="row" class="even"><td tabindex="0"><i class="fa fa-thumbs-down"></i></td><td class=" not_printable"><div class="addToGL" data-soscuisine-aisle="5" data-soscuisine-sip="3939169"><i class="fa fa-cart-plus" title="Ajouter à ma liste d'épicerie"></i><div></div></div></td><td><img class="storeItemImage" alt="fromage bleu" src="/media/images/store_item/blank.jpg"></td><td>fromage bleu</td><td class="not_printable sorting_1">produits laitiers &amp; oeufs</td><td><img style="width:50%;" src="/media/images/logos/marchands/63.png" alt="Marché Adonis"></td><td><span itemprop="price">5,99 $</span><span itemprop="eligibleQuantity" itemscope="" itemtype="http://schema.org/QuantitativeValue">/125g</span></td><td>4,79 $/100g</td><td style="display: none;">2020-02-26</td><td style="display: none;"></td><td style="display: none;">Saint Agur</td><td style="display: none;"></td><td style="display: none;"></td><td style="display: none;"></td><td style="display: none;"></td><td style="display: none;"></td><td style="display: none;"><a class="recipeLink" href="/recipe_ingredient_search_results.php?query=(_QU5E__1__________346__[]_1_1)&amp;sos_l=fr">Recettes avec fromage bleu</a></td></tr><tr role="row" class="odd"><td tabindex="0"><i class="fa fa-thumbs-up"></i><i class="fa fa-thumbs-up"></i></td><td class=" not_printable"><div class="addToGL" data-soscuisine-aisle="5" data-soscuisine-sip="3935903"><i class="fa fa-cart-plus" title="Ajouter à ma liste d'épicerie"></i><div></div></div></td><td><img class="storeItemImage" alt="fromage bleu" src="/media/images/store_item/blank.jpg"></td><td>fromage bleu</td><td class="not_printable sorting_1">produits laitiers &amp; oeufs</td><td><img style="width:50%;" src="/media/images/logos/marchands/62.png" alt="Supermarché PA"></td><td><span itemprop="price">5,99 $</span><span itemprop="eligibleQuantity" itemscope="" itemtype="http://schema.org/QuantitativeValue">/<span itemprop="unitText">lb</span></span></td><td>1,32 $/100g</td><td style="display: none;">2020-02-23</td><td style="display: none;"></td><td style="display: none;">Castello</td><td style="display: none;"></td><td style="display: none;"></td><td style="display: none;"></td><td style="display: none;"></td><td style="display: none;"></td><td style="display: none;"><a class="recipeLink" href="/recipe_ingredient_search_results.php?query=(_QU5E__1__________346__[]_1_1)&amp;sos_l=fr">Recettes avec fromage bleu</a></td></tr><tr role="row" class="even"><td tabindex="0"><i class="fa fa-thumbs-down"></i></td><td class=" not_printable"><div class="addToGL" data-soscuisine-aisle="5" data-soscuisine-sip="3939421"><i class="fa fa-cart-plus" title="Ajouter à ma liste d'épicerie"></i><div></div></div></td><td><img class="storeItemImage" alt="fromage bocconcini (mozzarella fraîche)" src="/media/images/store_item/blank.jpg"></td><td>fromage bocconcini (mozzarella fraîche)</td><td class="not_printable sorting_1">produits laitiers &amp; oeufs</td><td><img style="width:50%;" src="/media/images/logos/marchands/3.png" alt="IGA"></td><td><span itemprop="price">9,50 $</span><span itemprop="eligibleQuantity" itemscope="" itemtype="http://schema.org/QuantitativeValue">/<span itemprop="value">2</span>x<span itemprop="unitText">200g</span></span></td><td>2,38 $/100g</td><td style="display: none;">2020-02-26</td><td style="display: none;"></td><td style="display: none;">Saputo</td><td style="display: none;"></td><td style="display: none;"></td><td style="display: none;"></td><td style="display: none;"></td><td style="display: none;"></td><td style="display: none;"><a class="recipeLink" href="/recipe_ingredient_search_results.php?query=(_QU5E__1__________147__[]_1_1)&amp;sos_l=fr">Recettes avec fromage bocconcini (mozzarella fraîche)</a></td></tr><tr role="row" class="odd"><td tabindex="0"><i class="fa fa-thumbs-up"></i><i class="fa fa-thumbs-up"></i></td><td class=" not_printable"><div class="addToGL" data-soscuisine-aisle="5" data-soscuisine-sip="3938057"><i class="fa fa-cart-plus" title="Ajouter à ma liste d'épicerie"></i><div></div></div></td><td><img class="storeItemImage" alt="fromage bocconcini (mozzarella fraîche)" src="/media/images/store_item/blank.jpg"></td><td>fromage bocconcini (mozzarella fraîche)</td><td class="not_printable sorting_1">produits laitiers &amp; oeufs</td><td><img style="width:50%;" src="/media/images/logos/marchands/7.png" alt="Intermarché (Saveurs intl.)"></td><td><span itemprop="price">3,00 $</span><span itemprop="eligibleQuantity" itemscope="" itemtype="http://schema.org/QuantitativeValue">/<span itemprop="unitText">200g</span></span></td><td>1,50 $/100g</td><td style="display: none;">2020-02-26</td><td style="display: none;"></td><td style="display: none;">Galbani</td><td style="display: none;"></td><td style="display: none;"></td><td style="display: none;"></td><td style="display: none;"></td><td style="display: none;"></td><td style="display: none;"><a class="recipeLink" href="/recipe_ingredient_search_results.php?query=(_QU5E__1__________147__[]_1_1)&amp;sos_l=fr">Recettes avec fromage bocconcini (mozzarella fraîche)</a></td></tr><tr role="row" class="even"><td tabindex="0"><i class="fa fa-thumbs-up"></i><i class="fa fa-thumbs-up"></i></td><td class=" not_printable"><div class="addToGL" data-soscuisine-aisle="5" data-soscuisine-sip="3939331"><i class="fa fa-cart-plus" title="Ajouter à ma liste d'épicerie"></i><div></div></div></td><td><img class="storeItemImage" alt="fromage bocconcini (mozzarella fraîche)" src="/media/images/store_item/blank.jpg"></td><td>fromage bocconcini (mozzarella fraîche)</td><td class="not_printable sorting_1">produits laitiers &amp; oeufs</td><td><img style="width:50%;" src="/media/images/logos/marchands/63.png" alt="Marché Adonis"></td><td><span itemprop="price">2,99 $</span><span itemprop="eligibleQuantity" itemscope="" itemtype="http://schema.org/QuantitativeValue">/<span itemprop="unitText">200g</span></span></td><td>1,50 $/100g</td><td style="display: none;">2020-02-26</td><td style="display: none;"></td><td style="display: none;">Saputo</td><td style="display: none;"></td><td style="display: none;"></td><td style="display: none;"></td><td style="display: none;"></td><td style="display: none;"></td><td style="display: none;"><a class="recipeLink" href="/recipe_ingredient_search_results.php?query=(_QU5E__1__________147__[]_1_1)&amp;sos_l=fr">Recettes avec fromage bocconcini (mozzarella fraîche)</a></td></tr><tr role="row" class="odd"><td tabindex="0"><i class="fa fa-thumbs-down"></i></td><td class=" not_printable"><div class="addToGL" data-soscuisine-aisle="5" data-soscuisine-sip="3938255"><i class="fa fa-cart-plus" title="Ajouter à ma liste d'épicerie"></i><div></div></div></td><td><img class="storeItemImage" alt="fromage bocconcini (mozzarella fraîche)" src="/media/images/store_item/blank.jpg"></td><td>fromage bocconcini (mozzarella fraîche)</td><td class="not_printable sorting_1">produits laitiers &amp; oeufs</td><td><img style="width:50%;" src="/media/images/logos/marchands/2.png" alt="Provigo"></td><td><span itemprop="price">5,49 $</span><span itemprop="eligibleQuantity" itemscope="" itemtype="http://schema.org/QuantitativeValue">/<span itemprop="unitText">200g</span></span></td><td>2,74 $/100g</td><td style="display: none;">2020-02-26</td><td style="display: none;"></td><td style="display: none;">marque maison</td><td style="display: none;"></td><td style="display: none;"></td><td style="display: none;"></td><td style="display: none;"></td><td style="display: none;"></td><td style="display: none;"><a class="recipeLink" href="/recipe_ingredient_search_results.php?query=(_QU5E__1__________147__[]_1_1)&amp;sos_l=fr">Recettes avec fromage bocconcini (mozzarella fraîche)</a></td></tr><tr role="row" class="even"><td tabindex="0"><i class="fa fa-thumbs-down"></i></td><td class=" not_printable"><div class="addToGL" data-soscuisine-aisle="5" data-soscuisine-sip="3939571"><i class="fa fa-cart-plus" title="Ajouter à ma liste d'épicerie"></i><div></div></div></td><td><img class="storeItemImage" alt="fromage brie" src="/media/images/store_item/blank.jpg"></td><td>fromage brie</td><td class="not_printable sorting_1">produits laitiers &amp; oeufs</td><td><img style="width:50%;" src="/media/images/logos/marchands/10.png" alt="Bonichoix "></td><td><span itemprop="price">5,99 $</span><span itemprop="eligibleQuantity" itemscope="" itemtype="http://schema.org/QuantitativeValue">/171g</span></td><td>3,50 $/100g</td><td style="display: none;">2020-02-26</td><td style="display: none;"></td><td style="display: none;">Agropur</td><td style="display: none;"></td><td style="display: none;"></td><td style="display: none;"></td><td style="display: none;"></td><td style="display: none;">ou double creme</td><td style="display: none;"><a class="recipeLink" href="/recipe_ingredient_search_results.php?query=(_QU5E__1__________424__[]_1_1)&amp;sos_l=fr">Recettes avec fromage brie</a></td></tr><tr role="row" class="odd"><td tabindex="0"><i class="fa fa-thumbs-down"></i></td><td class=" not_printable"><div class="addToGL" data-soscuisine-aisle="5" data-soscuisine-sip="3939433"><i class="fa fa-cart-plus" title="Ajouter à ma liste d'épicerie"></i><div></div></div></td><td><img class="storeItemImage" alt="fromage brie" src="/media/images/store_item/blank.jpg"></td><td>fromage brie</td><td class="not_printable sorting_1">produits laitiers &amp; oeufs</td><td><img style="width:50%;" src="/media/images/logos/marchands/3.png" alt="IGA"></td><td><span itemprop="price">7,99 $</span><span itemprop="eligibleQuantity" itemscope="" itemtype="http://schema.org/QuantitativeValue">/<span itemprop="unitText">250g</span></span></td><td>3,20 $/100g</td><td style="display: none;">2020-02-26</td><td style="display: none;"></td><td style="display: none;">L'Extra</td><td style="display: none;"></td><td style="display: none;"></td><td style="display: none;"></td><td style="display: none;"></td><td style="display: none;"></td><td style="display: none;"><a class="recipeLink" href="/recipe_ingredient_search_results.php?query=(_QU5E__1__________424__[]_1_1)&amp;sos_l=fr">Recettes avec fromage brie</a></td></tr><tr role="row" class="even"><td tabindex="0"><i class="fas fa-hand-rock"></i></td><td class=" not_printable"><div class="addToGL" data-soscuisine-aisle="5" data-soscuisine-sip="3938665"><i class="fa fa-cart-plus" title="Ajouter à ma liste d'épicerie"></i><div></div></div></td><td><img class="storeItemImage" alt="fromage brie" src="/media/images/store_item/blank.jpg"></td><td>fromage brie</td><td class="not_printable sorting_1">produits laitiers &amp; oeufs</td><td><img style="width:50%;" src="/media/images/logos/marchands/69.png" alt="Intermarché (Provincial)"></td><td><span itemprop="price">2,79 $</span><span itemprop="eligibleQuantity" itemscope="" itemtype="http://schema.org/QuantitativeValue">/<span itemprop="unitText">100g</span></span></td><td>2,79 $/100g</td><td style="display: none;">2020-02-26</td><td style="display: none;"></td><td style="display: none;">Alexis de Portneuf</td><td style="display: none;"></td><td style="display: none;"></td><td style="display: none;"></td><td style="display: none;"></td><td style="display: none;"></td><td style="display: none;"><a class="recipeLink" href="/recipe_ingredient_search_results.php?query=(_QU5E__1__________424__[]_1_1)&amp;sos_l=fr">Recettes avec fromage brie</a></td></tr><tr role="row" class="odd"><td tabindex="0"><i class="fa fa-thumbs-down"></i></td><td class=" not_printable"><div class="addToGL" data-soscuisine-aisle="5" data-soscuisine-sip="3938679"><i class="fa fa-cart-plus" title="Ajouter à ma liste d'épicerie"></i><div></div></div></td><td><img class="storeItemImage" alt="fromage brie" src="/media/images/store_item/blank.jpg"></td><td>fromage brie</td><td class="not_printable sorting_1">produits laitiers &amp; oeufs</td><td><img style="width:50%;" src="/media/images/logos/marchands/69.png" alt="Intermarché (Provincial)"></td><td><span itemprop="price">5,99 $</span><span itemprop="eligibleQuantity" itemscope="" itemtype="http://schema.org/QuantitativeValue">/171g</span></td><td>3,50 $/100g</td><td style="display: none;">2020-02-26</td><td style="display: none;"></td><td style="display: none;">Alexis de Portneuf</td><td style="display: none;"></td><td style="display: none;"></td><td style="display: none;"></td><td style="display: none;"></td><td style="display: none;"></td><td style="display: none;"><a class="recipeLink" href="/recipe_ingredient_search_results.php?query=(_QU5E__1__________424__[]_1_1)&amp;sos_l=fr">Recettes avec fromage brie</a></td></tr><tr role="row" class="even"><td tabindex="0"><i class="fas fa-hand-rock"></i></td><td class=" not_printable"><div class="addToGL" data-soscuisine-aisle="5" data-soscuisine-sip="3938403"><i class="fa fa-cart-plus" title="Ajouter à ma liste d'épicerie"></i><div></div></div></td><td><img class="storeItemImage" alt="fromage brie" src="/media/images/store_item/blank.jpg"></td><td>fromage brie</td><td class="not_printable sorting_1">produits laitiers &amp; oeufs</td><td><img style="width:50%;" src="/media/images/logos/marchands/7.png" alt="Intermarché (Saveurs intl.)"></td><td><span itemprop="price">2,79 $</span><span itemprop="eligibleQuantity" itemscope="" itemtype="http://schema.org/QuantitativeValue">/<span itemprop="unitText">100g</span></span></td><td>2,79 $/100g</td><td style="display: none;">2020-02-26</td><td style="display: none;"></td><td style="display: none;">Alexis de Portneuf</td><td style="display: none;"></td><td style="display: none;"></td><td style="display: none;"></td><td style="display: none;"></td><td style="display: none;"></td><td style="display: none;"><a class="recipeLink" href="/recipe_ingredient_search_results.php?query=(_QU5E__1__________424__[]_1_1)&amp;sos_l=fr">Recettes avec fromage brie</a></td></tr><tr role="row" class="odd"><td tabindex="0"><i class="fa fa-thumbs-down"></i></td><td class=" not_printable"><div class="addToGL" data-soscuisine-aisle="5" data-soscuisine-sip="3938413"><i class="fa fa-cart-plus" title="Ajouter à ma liste d'épicerie"></i><div></div></div></td><td><img class="storeItemImage" alt="fromage brie" src="/media/images/store_item/blank.jpg"></td><td>fromage brie</td><td class="not_printable sorting_1">produits laitiers &amp; oeufs</td><td><img style="width:50%;" src="/media/images/logos/marchands/7.png" alt="Intermarché (Saveurs intl.)"></td><td><span itemprop="price">3,99 $</span><span itemprop="eligibleQuantity" itemscope="" itemtype="http://schema.org/QuantitativeValue">/125g</span></td><td>3,19 $/100g</td><td style="display: none;">2020-02-26</td><td style="display: none;"></td><td style="display: none;">Castello</td><td style="display: none;"></td><td style="display: none;"></td><td style="display: none;"></td><td style="display: none;"></td><td style="display: none;"></td><td style="display: none;"><a class="recipeLink" href="/recipe_ingredient_search_results.php?query=(_QU5E__1__________424__[]_1_1)&amp;sos_l=fr">Recettes avec fromage brie</a></td></tr><tr role="row" class="even"><td tabindex="0"><i class="fa fa-thumbs-down"></i></td><td class=" not_printable"><div class="addToGL" data-soscuisine-aisle="5" data-soscuisine-sip="3938421"><i class="fa fa-cart-plus" title="Ajouter à ma liste d'épicerie"></i><div></div></div></td><td><img class="storeItemImage" alt="fromage brie" src="/media/images/store_item/blank.jpg"></td><td>fromage brie</td><td class="not_printable sorting_1">produits laitiers &amp; oeufs</td><td><img style="width:50%;" src="/media/images/logos/marchands/7.png" alt="Intermarché (Saveurs intl.)"></td><td><span itemprop="price">5,99 $</span><span itemprop="eligibleQuantity" itemscope="" itemtype="http://schema.org/QuantitativeValue">/171g</span></td><td>3,50 $/100g</td><td style="display: none;">2020-02-26</td><td style="display: none;"></td><td style="display: none;">Alexis de Portneuf</td><td style="display: none;"></td><td style="display: none;"></td><td style="display: none;"></td><td style="display: none;"></td><td style="display: none;"></td><td style="display: none;"><a class="recipeLink" href="/recipe_ingredient_search_results.php?query=(_QU5E__1__________424__[]_1_1)&amp;sos_l=fr">Recettes avec fromage brie</a></td></tr><tr role="row" class="odd"><td tabindex="0"><i class="fas fa-hand-rock"></i></td><td class=" not_printable"><div class="addToGL" data-soscuisine-aisle="5" data-soscuisine-sip="3942103"><i class="fa fa-cart-plus" title="Ajouter à ma liste d'épicerie"></i><div></div></div></td><td><img class="storeItemImage" alt="fromage brie" src="/media/images/store_item/blank.jpg"></td><td>fromage brie</td><td class="not_printable sorting_1">produits laitiers &amp; oeufs</td><td><img style="width:50%;" src="/media/images/logos/marchands/13.png" alt="Jardin Mobile"></td><td><span itemprop="price">2,58 $</span><span itemprop="eligibleQuantity" itemscope="" itemtype="http://schema.org/QuantitativeValue">/<span itemprop="unitText">100g</span></span></td><td>2,58 $/100g</td><td style="display: none;">2020-02-26</td><td style="display: none;"></td><td style="display: none;">L'Extra</td><td style="display: none;"></td><td style="display: none;"></td><td style="display: none;">double crème</td><td style="display: none;"></td><td style="display: none;">magasins participants</td><td style="display: none;"><a class="recipeLink" href="/recipe_ingredient_search_results.php?query=(_QU5E__1__________424__[]_1_1)&amp;sos_l=fr">Recettes avec fromage brie</a></td></tr><tr role="row" class="even"><td tabindex="0"><i class="fas fa-hand-rock"></i></td><td class=" not_printable"><div class="addToGL" data-soscuisine-aisle="5" data-soscuisine-sip="3942099"><i class="fa fa-cart-plus" title="Ajouter à ma liste d'épicerie"></i><div></div></div></td><td><img class="storeItemImage" alt="fromage brie" src="/media/images/store_item/blank.jpg"></td><td>fromage brie</td><td class="not_printable sorting_1">produits laitiers &amp; oeufs</td><td><img style="width:50%;" src="/media/images/logos/marchands/13.png" alt="Jardin Mobile"></td><td><span itemprop="price">7,99 $</span><span itemprop="eligibleQuantity" itemscope="" itemtype="http://schema.org/QuantitativeValue">/<span itemprop="unitText">300g</span></span></td><td>2,66 $/100g</td><td style="display: none;">2020-02-26</td><td style="display: none;"></td><td style="display: none;">Alexis de Portneuf</td><td style="display: none;"></td><td style="display: none;"></td><td style="display: none;"></td><td style="display: none;"></td><td style="display: none;"></td><td style="display: none;"><a class="recipeLink" href="/recipe_ingredient_search_results.php?query=(_QU5E__1__________424__[]_1_1)&amp;sos_l=fr">Recettes avec fromage brie</a></td></tr><tr role="row" class="odd"><td tabindex="0"><i class="fas fa-hand-rock"></i></td><td class=" not_printable"><div class="addToGL" data-soscuisine-aisle="5" data-soscuisine-sip="3942109"><i class="fa fa-cart-plus" title="Ajouter à ma liste d'épicerie"></i><div></div></div></td><td><img class="storeItemImage" alt="fromage brie" src="/media/images/store_item/blank.jpg"></td><td>fromage brie</td><td class="not_printable sorting_1">produits laitiers &amp; oeufs</td><td><img style="width:50%;" src="/media/images/logos/marchands/13.png" alt="Jardin Mobile"></td><td><span itemprop="price">12,00 $</span><span itemprop="eligibleQuantity" itemscope="" itemtype="http://schema.org/QuantitativeValue">/<span itemprop="value">2</span>x<span itemprop="unitText">200g</span></span></td><td>3,00 $/100g</td><td style="display: none;">2020-02-26</td><td style="display: none;"></td><td style="display: none;">Président</td><td style="display: none;"></td><td style="display: none;"></td><td style="display: none;"></td><td style="display: none;"></td><td style="display: none;"></td><td style="display: none;"><a class="recipeLink" href="/recipe_ingredient_search_results.php?query=(_QU5E__1__________424__[]_1_1)&amp;sos_l=fr">Recettes avec fromage brie</a></td></tr><tr role="row" class="even"><td tabindex="0"><i class="fa fa-thumbs-down"></i></td><td class=" not_printable"><div class="addToGL" data-soscuisine-aisle="5" data-soscuisine-sip="3939573"><i class="fa fa-cart-plus" title="Ajouter à ma liste d'épicerie"></i><div></div></div></td><td><img class="storeItemImage" alt="fromage camembert" src="/media/images/store_item/blank.jpg"></td><td>fromage camembert</td><td class="not_printable sorting_1">produits laitiers &amp; oeufs</td><td><img style="width:50%;" src="/media/images/logos/marchands/10.png" alt="Bonichoix "></td><td><span itemprop="price">5,99 $</span><span itemprop="eligibleQuantity" itemscope="" itemtype="http://schema.org/QuantitativeValue">/171g</span></td><td>3,50 $/100g</td><td style="display: none;">2020-02-26</td><td style="display: none;"></td><td style="display: none;">L'Extra</td><td style="display: none;"></td><td style="display: none;"></td><td style="display: none;"></td><td style="display: none;"></td><td style="display: none;"></td><td style="display: none;"></td></tr><tr role="row" class="odd"><td tabindex="0"><i class="fa fa-thumbs-down"></i></td><td class=" not_printable"><div class="addToGL" data-soscuisine-aisle="5" data-soscuisine-sip="3939431"><i class="fa fa-cart-plus" title="Ajouter à ma liste d'épicerie"></i><div></div></div></td><td><img class="storeItemImage" alt="fromage camembert" src="/media/images/store_item/blank.jpg"></td><td>fromage camembert</td><td class="not_printable sorting_1">produits laitiers &amp; oeufs</td><td><img style="width:50%;" src="/media/images/logos/marchands/3.png" alt="IGA"></td><td><span itemprop="price">7,99 $</span><span itemprop="eligibleQuantity" itemscope="" itemtype="http://schema.org/QuantitativeValue">/<span itemprop="unitText">250g</span></span></td><td>3,20 $/100g</td><td style="display: none;">2020-02-26</td><td style="display: none;"></td><td style="display: none;">Le Rustique</td><td style="display: none;"></td><td style="display: none;"></td><td style="display: none;"></td><td style="display: none;"></td><td style="display: none;"></td><td style="display: none;"></td></tr><tr role="row" class="even"><td tabindex="0"><i class="fas fa-hand-rock"></i></td><td class=" not_printable"><div class="addToGL" data-soscuisine-aisle="5" data-soscuisine-sip="3938667"><i class="fa fa-cart-plus" title="Ajouter à ma liste d'épicerie"></i><div></div></div></td><td><img class="storeItemImage" alt="fromage camembert" src="/media/images/store_item/blank.jpg"></td><td>fromage camembert</td><td class="not_printable sorting_1">produits laitiers &amp; oeufs</td><td><img style="width:50%;" src="/media/images/logos/marchands/69.png" alt="Intermarché (Provincial)"></td><td><span itemprop="price">2,79 $</span><span itemprop="eligibleQuantity" itemscope="" itemtype="http://schema.org/QuantitativeValue">/<span itemprop="unitText">100g</span></span></td><td>2,79 $/100g</td><td style="display: none;">2020-02-26</td><td style="display: none;"></td><td style="display: none;">Alexis de Portneuf</td><td style="display: none;"></td><td style="display: none;"></td><td style="display: none;"></td><td style="display: none;"></td><td style="display: none;"></td><td style="display: none;"></td></tr><tr role="row" class="odd"><td tabindex="0"><i class="fas fa-hand-rock"></i></td><td class=" not_printable"><div class="addToGL" data-soscuisine-aisle="5" data-soscuisine-sip="3938405"><i class="fa fa-cart-plus" title="Ajouter à ma liste d'épicerie"></i><div></div></div></td><td><img class="storeItemImage" alt="fromage camembert" src="/media/images/store_item/blank.jpg"></td><td>fromage camembert</td><td class="not_printable sorting_1">produits laitiers &amp; oeufs</td><td><img style="width:50%;" src="/media/images/logos/marchands/7.png" alt="Intermarché (Saveurs intl.)"></td><td><span itemprop="price">2,79 $</span><span itemprop="eligibleQuantity" itemscope="" itemtype="http://schema.org/QuantitativeValue">/<span itemprop="unitText">100g</span></span></td><td>2,79 $/100g</td><td style="display: none;">2020-02-26</td><td style="display: none;"></td><td style="display: none;">Alexis de Portneuf</td><td style="display: none;"></td><td style="display: none;"></td><td style="display: none;"></td><td style="display: none;"></td><td style="display: none;"></td><td style="display: none;"></td></tr><tr role="row" class="even"><td tabindex="0"><i class="fas fa-hand-rock"></i></td><td class=" not_printable"><div class="addToGL" data-soscuisine-aisle="5" data-soscuisine-sip="3938415"><i class="fa fa-cart-plus" title="Ajouter à ma liste d'épicerie"></i><div></div></div></td><td><img class="storeItemImage" alt="fromage camembert" src="/media/images/store_item/blank.jpg"></td><td>fromage camembert</td><td class="not_printable sorting_1">produits laitiers &amp; oeufs</td><td><img style="width:50%;" src="/media/images/logos/marchands/7.png" alt="Intermarché (Saveurs intl.)"></td><td><span itemprop="price">3,99 $</span><span itemprop="eligibleQuantity" itemscope="" itemtype="http://schema.org/QuantitativeValue">/125g</span></td><td>3,19 $/100g</td><td style="display: none;">2020-02-26</td><td style="display: none;"></td><td style="display: none;">Castello</td><td style="display: none;"></td><td style="display: none;"></td><td style="display: none;"></td><td style="display: none;"></td><td style="display: none;"></td><td style="display: none;"></td></tr><tr role="row" class="odd"><td tabindex="0"><i class="fa fa-thumbs-up"></i></td><td class=" not_printable"><div class="addToGL" data-soscuisine-aisle="5" data-soscuisine-sip="3942101"><i class="fa fa-cart-plus" title="Ajouter à ma liste d'épicerie"></i><div></div></div></td><td><img class="storeItemImage" alt="fromage camembert" src="/media/images/store_item/blank.jpg"></td><td>fromage camembert</td><td class="not_printable sorting_1">produits laitiers &amp; oeufs</td><td><img style="width:50%;" src="/media/images/logos/marchands/13.png" alt="Jardin Mobile"></td><td><span itemprop="price">7,99 $</span><span itemprop="eligibleQuantity" itemscope="" itemtype="http://schema.org/QuantitativeValue">/<span itemprop="unitText">300g</span></span></td><td>2,66 $/100g</td><td style="display: none;">2020-02-26</td><td style="display: none;"></td><td style="display: none;">Alexis de Portneuf</td><td style="display: none;"></td><td style="display: none;"></td><td style="display: none;"></td><td style="display: none;"></td><td style="display: none;"></td><td style="display: none;"></td></tr><tr role="row" class="even"><td tabindex="0"><i class="fas fa-hand-rock"></i></td><td class=" not_printable"><div class="addToGL" data-soscuisine-aisle="5" data-soscuisine-sip="3942105"><i class="fa fa-cart-plus" title="Ajouter à ma liste d'épicerie"></i><div></div></div></td><td><img class="storeItemImage" alt="fromage camembert" src="/media/images/store_item/blank.jpg"></td><td>fromage camembert</td><td class="not_printable sorting_1">produits laitiers &amp; oeufs</td><td><img style="width:50%;" src="/media/images/logos/marchands/13.png" alt="Jardin Mobile"></td><td><span itemprop="price">12,00 $</span><span itemprop="eligibleQuantity" itemscope="" itemtype="http://schema.org/QuantitativeValue">/<span itemprop="value">2</span>x<span itemprop="unitText">200g</span></span></td><td>3,00 $/100g</td><td style="display: none;">2020-02-26</td><td style="display: none;"></td><td style="display: none;">Président</td><td style="display: none;"></td><td style="display: none;"></td><td style="display: none;"></td><td style="display: none;"></td><td style="display: none;"></td><td style="display: none;"></td></tr><tr role="row" class="odd"><td tabindex="0"><i class="fa fa-thumbs-up"></i></td><td class=" not_printable"><div class="addToGL" data-soscuisine-aisle="5" data-soscuisine-sip="3939173"><i class="fa fa-cart-plus" title="Ajouter à ma liste d'épicerie"></i><div></div></div></td><td><img class="storeItemImage" alt="fromage camembert" src="/media/images/store_item/blank.jpg"></td><td>fromage camembert</td><td class="not_printable sorting_1">produits laitiers &amp; oeufs</td><td><img style="width:50%;" src="/media/images/logos/marchands/63.png" alt="Marché Adonis"></td><td><span itemprop="price">5,99 $</span><span itemprop="eligibleQuantity" itemscope="" itemtype="http://schema.org/QuantitativeValue">/<span itemprop="unitText">250g</span></span></td><td>2,40 $/100g</td><td style="display: none;">2020-02-26</td><td style="display: none;"></td><td style="display: none;">Le Rustique</td><td style="display: none;"></td><td style="display: none;"></td><td style="display: none;"></td><td style="display: none;"></td><td style="display: none;">régulier ou léger</td><td style="display: none;"></td></tr><tr role="row" class="even"><td tabindex="0"><i class="fa fa-thumbs-down"></i></td><td class=" not_printable"><div class="addToGL" data-soscuisine-aisle="5" data-soscuisine-sip="3940635"><i class="fa fa-cart-plus" title="Ajouter à ma liste d'épicerie"></i><div></div></div></td><td><img class="storeItemImage" alt="fromage camembert" src="/media/images/store_item/blank.jpg"></td><td>fromage camembert</td><td class="not_printable sorting_1">produits laitiers &amp; oeufs</td><td><img style="width:50%;" src="/media/images/logos/marchands/11.png" alt="Tradition"></td><td><span itemprop="price">8,99 $</span><span itemprop="eligibleQuantity" itemscope="" itemtype="http://schema.org/QuantitativeValue">/<span itemprop="unitText">250g</span></span></td><td>3,60 $/100g</td><td style="display: none;">2020-02-26</td><td style="display: none;"></td><td style="display: none;">Le Rustique</td><td style="display: none;"></td><td style="display: none;"></td><td style="display: none;"></td><td style="display: none;"></td><td style="display: none;"></td><td style="display: none;"></td></tr><tr role="row" class="odd"><td tabindex="0"><i class="fas fa-hand-rock"></i></td><td class=" not_printable"><div class="addToGL" data-soscuisine-aisle="5" data-soscuisine-sip="3939657"><i class="fa fa-cart-plus" title="Ajouter à ma liste d'épicerie"></i><div></div></div></td><td><img class="storeItemImage" alt="fromage cheddar" src="/media/images/store_item/blank.jpg"></td><td>fromage cheddar</td><td class="not_printable sorting_1">produits laitiers &amp; oeufs</td><td><img style="width:50%;" src="/media/images/logos/marchands/10.png" alt="Bonichoix "></td><td><span itemprop="price">3,99 $</span><span itemprop="eligibleQuantity" itemscope="" itemtype="http://schema.org/QuantitativeValue">/<span itemprop="unitText">300g</span></span></td><td>1,33 $/100g</td><td style="display: none;">2020-02-26</td><td style="display: none;">Québec</td><td style="display: none;">marque maison</td><td style="display: none;"></td><td style="display: none;">marbré</td><td style="display: none;"></td><td style="display: none;"></td><td style="display: none;"></td><td style="display: none;"><a class="recipeLink" href="/recipe_ingredient_search_results.php?query=(_QU5E__1__________761__[]_1_1)&amp;sos_l=fr">Recettes avec fromage cheddar</a></td></tr><tr role="row" class="even"><td tabindex="0"><i class="fas fa-hand-rock"></i></td><td class=" not_printable"><div class="addToGL" data-soscuisine-aisle="5" data-soscuisine-sip="3939625"><i class="fa fa-cart-plus" title="Ajouter à ma liste d'épicerie"></i><div></div></div></td><td><img class="storeItemImage" alt="fromage cheddar" src="/media/images/store_item/blank.jpg"></td><td>fromage cheddar</td><td class="not_printable sorting_1">produits laitiers &amp; oeufs</td><td><img style="width:50%;" src="/media/images/logos/marchands/3.png" alt="IGA"></td><td><span itemprop="price">9,98 $</span><span itemprop="eligibleQuantity" itemscope="" itemtype="http://schema.org/QuantitativeValue">/<span itemprop="value">2</span>x<span itemprop="unitText">400g</span></span></td><td>1,25 $/100g</td><td style="display: none;">2020-02-26</td><td style="display: none;"></td><td style="display: none;">marque maison</td><td style="display: none;"></td><td style="display: none;"></td><td style="display: none;"></td><td style="display: none;"></td><td style="display: none;"></td><td style="display: none;"><a class="recipeLink" href="/recipe_ingredient_search_results.php?query=(_QU5E__1__________761__[]_1_1)&amp;sos_l=fr">Recettes avec fromage cheddar</a></td></tr><tr role="row" class="odd"><td tabindex="0"><i class="fas fa-hand-rock"></i></td><td class=" not_printable"><div class="addToGL" data-soscuisine-aisle="5" data-soscuisine-sip="3939621"><i class="fa fa-cart-plus" title="Ajouter à ma liste d'épicerie"></i><div></div></div></td><td><img class="storeItemImage" alt="fromage cheddar" src="/media/images/store_item/blank.jpg"></td><td>fromage cheddar</td><td class="not_printable sorting_1">produits laitiers &amp; oeufs</td><td><img style="width:50%;" src="/media/images/logos/marchands/3.png" alt="IGA"></td><td><span itemprop="price">5,99 $</span><span itemprop="eligibleQuantity" itemscope="" itemtype="http://schema.org/QuantitativeValue">/<span itemprop="unitText">400g</span></span></td><td>1,50 $/100g</td><td style="display: none;">2020-02-26</td><td style="display: none;"></td><td style="display: none;">marque maison</td><td style="display: none;"></td><td style="display: none;"></td><td style="display: none;"></td><td style="display: none;"></td><td style="display: none;"></td><td style="display: none;"><a class="recipeLink" href="/recipe_ingredient_search_results.php?query=(_QU5E__1__________761__[]_1_1)&amp;sos_l=fr">Recettes avec fromage cheddar</a></td></tr><tr role="row" class="even"><td tabindex="0"><i class="fa fa-thumbs-up"></i><i class="fa fa-thumbs-up"></i></td><td class=" not_printable"><div class="addToGL" data-soscuisine-aisle="5" data-soscuisine-sip="3938581"><i class="fa fa-cart-plus" title="Ajouter à ma liste d'épicerie"></i><div></div></div></td><td><img class="storeItemImage" alt="fromage cheddar" src="/media/images/store_item/blank.jpg"></td><td>fromage cheddar</td><td class="not_printable sorting_1">produits laitiers &amp; oeufs</td><td><img style="width:50%;" src="/media/images/logos/marchands/69.png" alt="Intermarché (Provincial)"></td><td><span itemprop="price">4,50 $</span><span itemprop="eligibleQuantity" itemscope="" itemtype="http://schema.org/QuantitativeValue">/<span itemprop="unitText">450g</span></span></td><td>1,00 $/100g</td><td style="display: none;">2020-02-26</td><td style="display: none;"></td><td style="display: none;">marque maison</td><td style="display: none;"></td><td style="display: none;"></td><td style="display: none;"></td><td style="display: none;"></td><td style="display: none;"></td><td style="display: none;"><a class="recipeLink" href="/recipe_ingredient_search_results.php?query=(_QU5E__1__________761__[]_1_1)&amp;sos_l=fr">Recettes avec fromage cheddar</a></td></tr><tr role="row" class="odd"><td tabindex="0"><i class="fa fa-thumbs-up"></i><i class="fa fa-thumbs-up"></i></td><td class=" not_printable"><div class="addToGL" data-soscuisine-aisle="5" data-soscuisine-sip="3938087"><i class="fa fa-cart-plus" title="Ajouter à ma liste d'épicerie"></i><div></div></div></td><td><img class="storeItemImage" alt="fromage cheddar" src="/media/images/store_item/blank.jpg"></td><td>fromage cheddar</td><td class="not_printable sorting_1">produits laitiers &amp; oeufs</td><td><img style="width:50%;" src="/media/images/logos/marchands/7.png" alt="Intermarché (Saveurs intl.)"></td><td><span itemprop="price">4,50 $</span><span itemprop="eligibleQuantity" itemscope="" itemtype="http://schema.org/QuantitativeValue">/<span itemprop="unitText">450g</span></span></td><td>1,00 $/100g</td><td style="display: none;">2020-02-26</td><td style="display: none;"></td><td style="display: none;">marque maison</td><td style="display: none;"></td><td style="display: none;"></td><td style="display: none;"></td><td style="display: none;"></td><td style="display: none;"></td><td style="display: none;"><a class="recipeLink" href="/recipe_ingredient_search_results.php?query=(_QU5E__1__________761__[]_1_1)&amp;sos_l=fr">Recettes avec fromage cheddar</a></td></tr><tr role="row" class="even"><td tabindex="0"><i class="fas fa-hand-rock"></i></td><td class=" not_printable"><div class="addToGL" data-soscuisine-aisle="5" data-soscuisine-sip="3937911"><i class="fa fa-cart-plus" title="Ajouter à ma liste d'épicerie"></i><div></div></div></td><td><img class="storeItemImage" alt="fromage cheddar" src="/media/images/store_item/blank.jpg"></td><td>fromage cheddar</td><td class="not_printable sorting_1">produits laitiers &amp; oeufs</td><td><img style="width:50%;" src="/media/images/logos/marchands/1.png" alt="Metro"></td><td><span itemprop="price">5,99 $</span><span itemprop="eligibleQuantity" itemscope="" itemtype="http://schema.org/QuantitativeValue">/<span itemprop="unitText">450g</span></span></td><td>1,33 $/100g</td><td style="display: none;">2020-02-26</td><td style="display: none;"></td><td style="display: none;">Black Diamond</td><td style="display: none;"></td><td style="display: none;">marbré</td><td style="display: none;"></td><td style="display: none;"></td><td style="display: none;"></td><td style="display: none;"><a class="recipeLink" href="/recipe_ingredient_search_results.php?query=(_QU5E__1__________761__[]_1_1)&amp;sos_l=fr">Recettes avec fromage cheddar</a></td></tr><tr role="row" class="odd"><td tabindex="0"><i class="fa fa-thumbs-down"></i></td><td class=" not_printable"><div class="addToGL" data-soscuisine-aisle="5" data-soscuisine-sip="3939011"><i class="fa fa-cart-plus" title="Ajouter à ma liste d'épicerie"></i><div></div></div></td><td><img class="storeItemImage" alt="fromage cheddar" src="/media/images/store_item/blank.jpg"></td><td>fromage cheddar</td><td class="not_printable sorting_1">produits laitiers &amp; oeufs</td><td><img style="width:50%;" src="/media/images/logos/marchands/64.png" alt="Mourelatos"></td><td><span itemprop="price">4,99 $</span><span itemprop="eligibleQuantity" itemscope="" itemtype="http://schema.org/QuantitativeValue">/<span itemprop="unitText">220g</span></span></td><td>2,27 $/100g</td><td style="display: none;">2020-02-25</td><td style="display: none;"></td><td style="display: none;">Black Diamond</td><td style="display: none;"></td><td style="display: none;"></td><td style="display: none;"></td><td style="display: none;">tranché</td><td style="display: none;"></td><td style="display: none;"><a class="recipeLink" href="/recipe_ingredient_search_results.php?query=(_QU5E__1__________761__[]_1_1)&amp;sos_l=fr">Recettes avec fromage cheddar</a></td></tr><tr role="row" class="even"><td tabindex="0"><i class="fa fa-thumbs-up"></i></td><td class=" not_printable"><div class="addToGL" data-soscuisine-aisle="5" data-soscuisine-sip="3938301"><i class="fa fa-cart-plus" title="Ajouter à ma liste d'épicerie"></i><div></div></div></td><td><img class="storeItemImage" alt="fromage cheddar" src="/media/images/store_item/blank.jpg"></td><td>fromage cheddar</td><td class="not_printable sorting_1">produits laitiers &amp; oeufs</td><td><img style="width:50%;" src="/media/images/logos/marchands/2.png" alt="Provigo"></td><td><span itemprop="price">5,49 $</span><span itemprop="eligibleQuantity" itemscope="" itemtype="http://schema.org/QuantitativeValue">/<span itemprop="unitText">450g</span></span></td><td>1,22 $/100g</td><td style="display: none;">2020-02-26</td><td style="display: none;"></td><td style="display: none;">marque maison</td><td style="display: none;"></td><td style="display: none;"></td><td style="display: none;">fort</td><td style="display: none;"></td><td style="display: none;"></td><td style="display: none;"><a class="recipeLink" href="/recipe_ingredient_search_results.php?query=(_QU5E__1__________761__[]_1_1)&amp;sos_l=fr">Recettes avec fromage cheddar</a></td></tr><tr role="row" class="odd"><td tabindex="0"><i class="fa fa-thumbs-down"></i></td><td class=" not_printable"><div class="addToGL" data-soscuisine-aisle="5" data-soscuisine-sip="3938313"><i class="fa fa-cart-plus" title="Ajouter à ma liste d'épicerie"></i><div></div></div></td><td><img class="storeItemImage" alt="fromage cheddar" src="/media/images/store_item/blank.jpg"></td><td>fromage cheddar</td><td class="not_printable sorting_1">produits laitiers &amp; oeufs</td><td><img style="width:50%;" src="/media/images/logos/marchands/2.png" alt="Provigo"></td><td><span itemprop="price">4,99 $</span><span itemprop="eligibleQuantity" itemscope="" itemtype="http://schema.org/QuantitativeValue">/<span itemprop="unitText">240g</span></span></td><td>2,08 $/100g</td><td style="display: none;">2020-02-26</td><td style="display: none;"></td><td style="display: none;">Black Diamond</td><td style="display: none;"></td><td style="display: none;"></td><td style="display: none;"></td><td style="display: none;">tranché</td><td style="display: none;">mi-fort</td><td style="display: none;"><a class="recipeLink" href="/recipe_ingredient_search_results.php?query=(_QU5E__1__________761__[]_1_1)&amp;sos_l=fr">Recettes avec fromage cheddar</a></td></tr><tr role="row" class="even"><td tabindex="0"><i class="fas fa-hand-rock"></i></td><td class=" not_printable"><div class="addToGL" data-soscuisine-aisle="5" data-soscuisine-sip="3938837"><i class="fa fa-cart-plus" title="Ajouter à ma liste d'épicerie"></i><div></div></div></td><td><img class="storeItemImage" alt="fromage cheddar" src="/media/images/store_item/blank.jpg"></td><td>fromage cheddar</td><td class="not_printable sorting_1">produits laitiers &amp; oeufs</td><td><img style="width:50%;" src="/media/images/logos/marchands/93.png" alt="Rachelle Béry"></td><td><span itemprop="price">5,99 $</span><span itemprop="eligibleQuantity" itemscope="" itemtype="http://schema.org/QuantitativeValue">/<span itemprop="unitText">375g</span></span></td><td>1,60 $/100g</td><td style="display: none;">2020-03-04</td><td style="display: none;">Québec</td><td style="display: none;">Riviera</td><td style="display: none;"></td><td style="display: none;"></td><td style="display: none;"></td><td style="display: none;"></td><td style="display: none;"></td><td style="display: none;"><a class="recipeLink" href="/recipe_ingredient_search_results.php?query=(_QU5E__1__________761__[]_1_1)&amp;sos_l=fr">Recettes avec fromage cheddar</a></td></tr><tr role="row" class="odd"><td tabindex="0"><i class="fas fa-hand-rock"></i></td><td class=" not_printable"><div class="addToGL" data-soscuisine-aisle="5" data-soscuisine-sip="3940967"><i class="fa fa-cart-plus" title="Ajouter à ma liste d'épicerie"></i><div></div></div></td><td><img class="storeItemImage" alt="fromage cheddar" src="/media/images/store_item/blank.jpg"></td><td>fromage cheddar</td><td class="not_printable sorting_1">produits laitiers &amp; oeufs</td><td><img style="width:50%;" src="/media/images/logos/marchands/12.png" alt="Richelieu"></td><td><span itemprop="price">3,99 $</span><span itemprop="eligibleQuantity" itemscope="" itemtype="http://schema.org/QuantitativeValue">/<span itemprop="unitText">270g</span></span></td><td>1,48 $/100g</td><td style="display: none;">2020-02-26</td><td style="display: none;"></td><td style="display: none;">Cracker Barrel</td><td style="display: none;"></td><td style="display: none;"></td><td style="display: none;"></td><td style="display: none;"></td><td style="display: none;"></td><td style="display: none;"><a class="recipeLink" href="/recipe_ingredient_search_results.php?query=(_QU5E__1__________761__[]_1_1)&amp;sos_l=fr">Recettes avec fromage cheddar</a></td></tr><tr role="row" class="even"><td tabindex="0"><i class="fa fa-thumbs-up"></i><i class="fa fa-thumbs-up"></i></td><td class=" not_printable"><div class="addToGL" data-soscuisine-aisle="5" data-soscuisine-sip="3940419"><i class="fa fa-cart-plus" title="Ajouter à ma liste d'épicerie"></i><div></div></div></td><td><img class="storeItemImage" alt="fromage cheddar" src="/media/images/store_item/blank.jpg"></td><td>fromage cheddar</td><td class="not_printable sorting_1">produits laitiers &amp; oeufs</td><td><img style="width:50%;" src="/media/images/logos/marchands/5.png" alt="Super C"></td><td><span itemprop="price">3,97 $</span><span itemprop="eligibleQuantity" itemscope="" itemtype="http://schema.org/QuantitativeValue">/<span itemprop="unitText">400g</span></span></td><td>0,99 $/100g</td><td style="display: none;">2020-02-26</td><td style="display: none;"></td><td style="display: none;">marque maison</td><td style="display: none;"></td><td style="display: none;"></td><td style="display: none;"></td><td style="display: none;"></td><td style="display: none;"></td><td style="display: none;"><a class="recipeLink" href="/recipe_ingredient_search_results.php?query=(_QU5E__1__________761__[]_1_1)&amp;sos_l=fr">Recettes avec fromage cheddar</a></td></tr><tr role="row" class="odd"><td tabindex="0"><i class="fas fa-hand-rock"></i></td><td class=" not_printable"><div class="addToGL" data-soscuisine-aisle="5" data-soscuisine-sip="3935953"><i class="fa fa-cart-plus" title="Ajouter à ma liste d'épicerie"></i><div></div></div></td><td><img class="storeItemImage" alt="fromage cheddar" src="/media/images/store_item/blank.jpg"></td><td>fromage cheddar</td><td class="not_printable sorting_1">produits laitiers &amp; oeufs</td><td><img style="width:50%;" src="/media/images/logos/marchands/62.png" alt="Supermarché PA"></td><td><span itemprop="price">5,99 $</span><span itemprop="eligibleQuantity" itemscope="" itemtype="http://schema.org/QuantitativeValue">/<span itemprop="unitText">lb</span></span></td><td>1,32 $/100g</td><td style="display: none;">2020-02-23</td><td style="display: none;"></td><td style="display: none;"></td><td style="display: none;"></td><td style="display: none;"></td><td style="display: none;"></td><td style="display: none;"></td><td style="display: none;"></td><td style="display: none;"><a class="recipeLink" href="/recipe_ingredient_search_results.php?query=(_QU5E__1__________761__[]_1_1)&amp;sos_l=fr">Recettes avec fromage cheddar</a></td></tr><tr role="row" class="even"><td tabindex="0"><i class="fa fa-thumbs-up"></i></td><td class=" not_printable"><div class="addToGL" data-soscuisine-aisle="5" data-soscuisine-sip="3940529"><i class="fa fa-cart-plus" title="Ajouter à ma liste d'épicerie"></i><div></div></div></td><td><img class="storeItemImage" alt="fromage cheddar" src="/media/images/store_item/blank.jpg"></td><td>fromage cheddar</td><td class="not_printable sorting_1">produits laitiers &amp; oeufs</td><td><img style="width:50%;" src="/media/images/logos/marchands/11.png" alt="Tradition"></td><td><span itemprop="price">4,97 $</span><span itemprop="eligibleQuantity" itemscope="" itemtype="http://schema.org/QuantitativeValue">/<span itemprop="unitText">400g</span></span></td><td>1,24 $/100g</td><td style="display: none;">2020-02-26</td><td style="display: none;"></td><td style="display: none;">Cracker Barrel</td><td style="display: none;"></td><td style="display: none;"></td><td style="display: none;"></td><td style="display: none;"></td><td style="display: none;">extra fort</td><td style="display: none;"><a class="recipeLink" href="/recipe_ingredient_search_results.php?query=(_QU5E__1__________761__[]_1_1)&amp;sos_l=fr">Recettes avec fromage cheddar</a></td></tr><tr role="row" class="odd"><td tabindex="0"><i class="fa fa-thumbs-down"></i></td><td class=" not_printable"><div class="addToGL" data-soscuisine-aisle="5" data-soscuisine-sip="3939575"><i class="fa fa-cart-plus" title="Ajouter à ma liste d'épicerie"></i><div></div></div></td><td><img class="storeItemImage" alt="fromage cheddar, vieilli" src="/media/images/store_item/blank.jpg"></td><td>fromage cheddar, vieilli</td><td class="not_printable sorting_1">produits laitiers &amp; oeufs</td><td><img style="width:50%;" src="/media/images/logos/marchands/10.png" alt="Bonichoix "></td><td><span itemprop="price">7,49 $</span><span itemprop="eligibleQuantity" itemscope="" itemtype="http://schema.org/QuantitativeValue">/<span itemprop="unitText">200g</span></span></td><td>3,74 $/100g</td><td style="display: none;">2020-02-26</td><td style="display: none;">Québec</td><td style="display: none;">Agropur</td><td style="display: none;"></td><td style="display: none;"></td><td style="display: none;">vieilli 1 an</td><td style="display: none;"></td><td style="display: none;">ou vielli 3 ans</td><td style="display: none;"><a class="recipeLink" href="/recipe_ingredient_search_results.php?query=(_QU5E__1__________155__[]_1_1)&amp;sos_l=fr">Recettes avec fromage cheddar, vieilli</a></td></tr><tr role="row" class="even"><td tabindex="0"><i class="fa fa-thumbs-down"></i></td><td class=" not_printable"><div class="addToGL" data-soscuisine-aisle="5" data-soscuisine-sip="3938675"><i class="fa fa-cart-plus" title="Ajouter à ma liste d'épicerie"></i><div></div></div></td><td><img class="storeItemImage" alt="fromage cheddar, vieilli" src="/media/images/store_item/blank.jpg"></td><td>fromage cheddar, vieilli</td><td class="not_printable sorting_1">produits laitiers &amp; oeufs</td><td><img style="width:50%;" src="/media/images/logos/marchands/69.png" alt="Intermarché (Provincial)"></td><td><span itemprop="price">5,99 $</span><span itemprop="eligibleQuantity" itemscope="" itemtype="http://schema.org/QuantitativeValue">/171g</span></td><td>3,50 $/100g</td><td style="display: none;">2020-02-26</td><td style="display: none;">Québec</td><td style="display: none;">Perron</td><td style="display: none;"></td><td style="display: none;"></td><td style="display: none;"></td><td style="display: none;"></td><td style="display: none;"></td><td style="display: none;"><a class="recipeLink" href="/recipe_ingredient_search_results.php?query=(_QU5E__1__________155__[]_1_1)&amp;sos_l=fr">Recettes avec fromage cheddar, vieilli</a></td></tr><tr role="row" class="odd"><td tabindex="0"><i class="fa fa-thumbs-up"></i><i class="fa fa-thumbs-up"></i></td><td class=" not_printable"><div class="addToGL" data-soscuisine-aisle="5" data-soscuisine-sip="3938409"><i class="fa fa-cart-plus" title="Ajouter à ma liste d'épicerie"></i><div></div></div></td><td><img class="storeItemImage" alt="fromage cheddar, vieilli" src="/media/images/store_item/blank.jpg"></td><td>fromage cheddar, vieilli</td><td class="not_printable sorting_1">produits laitiers &amp; oeufs</td><td><img style="width:50%;" src="/media/images/logos/marchands/7.png" alt="Intermarché (Saveurs intl.)"></td><td><span itemprop="price">3,99 $</span><span itemprop="eligibleQuantity" itemscope="" itemtype="http://schema.org/QuantitativeValue">/<span itemprop="unitText">200g</span></span></td><td>2,00 $/100g</td><td style="display: none;">2020-02-26</td><td style="display: none;"></td><td style="display: none;">Castello</td><td style="display: none;"></td><td style="display: none;"></td><td style="display: none;"></td><td style="display: none;"></td><td style="display: none;">Tickler</td><td style="display: none;"><a class="recipeLink" href="/recipe_ingredient_search_results.php?query=(_QU5E__1__________155__[]_1_1)&amp;sos_l=fr">Recettes avec fromage cheddar, vieilli</a></td></tr><tr role="row" class="even"><td tabindex="0"><i class="fa fa-thumbs-down"></i></td><td class=" not_printable"><div class="addToGL" data-soscuisine-aisle="5" data-soscuisine-sip="3938419"><i class="fa fa-cart-plus" title="Ajouter à ma liste d'épicerie"></i><div></div></div></td><td><img class="storeItemImage" alt="fromage cheddar, vieilli" src="/media/images/store_item/blank.jpg"></td><td>fromage cheddar, vieilli</td><td class="not_printable sorting_1">produits laitiers &amp; oeufs</td><td><img style="width:50%;" src="/media/images/logos/marchands/7.png" alt="Intermarché (Saveurs intl.)"></td><td><span itemprop="price">5,99 $</span><span itemprop="eligibleQuantity" itemscope="" itemtype="http://schema.org/QuantitativeValue">/171g</span></td><td>3,50 $/100g</td><td style="display: none;">2020-02-26</td><td style="display: none;">Québec</td><td style="display: none;">Perron</td><td style="display: none;"></td><td style="display: none;"></td><td style="display: none;"></td><td style="display: none;"></td><td style="display: none;"></td><td style="display: none;"><a class="recipeLink" href="/recipe_ingredient_search_results.php?query=(_QU5E__1__________155__[]_1_1)&amp;sos_l=fr">Recettes avec fromage cheddar, vieilli</a></td></tr><tr role="row" class="odd"><td tabindex="0"><i class="fas fa-hand-rock"></i></td><td class=" not_printable"><div class="addToGL" data-soscuisine-aisle="5" data-soscuisine-sip="3939171"><i class="fa fa-cart-plus" title="Ajouter à ma liste d'épicerie"></i><div></div></div></td><td><img class="storeItemImage" alt="fromage cheddar, vieilli" src="/media/images/store_item/blank.jpg"></td><td>fromage cheddar, vieilli</td><td class="not_printable sorting_1">produits laitiers &amp; oeufs</td><td><img style="width:50%;" src="/media/images/logos/marchands/63.png" alt="Marché Adonis"></td><td><span itemprop="price">5,99 $</span><span itemprop="eligibleQuantity" itemscope="" itemtype="http://schema.org/QuantitativeValue">/<span itemprop="unitText">200g</span></span></td><td>2,99 $/100g</td><td style="display: none;">2020-02-26</td><td style="display: none;"></td><td style="display: none;">Agropur</td><td style="display: none;"></td><td style="display: none;"></td><td style="display: none;">vieilli 5 ans</td><td style="display: none;"></td><td style="display: none;"></td><td style="display: none;"><a class="recipeLink" href="/recipe_ingredient_search_results.php?query=(_QU5E__1__________155__[]_1_1)&amp;sos_l=fr">Recettes avec fromage cheddar, vieilli</a></td></tr><tr role="row" class="even"><td tabindex="0"><i class="fas fa-hand-rock"></i></td><td class=" not_printable"><div class="addToGL" data-soscuisine-aisle="5" data-soscuisine-sip="3938253"><i class="fa fa-cart-plus" title="Ajouter à ma liste d'épicerie"></i><div></div></div></td><td><img class="storeItemImage" alt="fromage cheddar, vieilli" src="/media/images/store_item/blank.jpg"></td><td>fromage cheddar, vieilli</td><td class="not_printable sorting_1">produits laitiers &amp; oeufs</td><td><img style="width:50%;" src="/media/images/logos/marchands/2.png" alt="Provigo"></td><td><span itemprop="price">2,99 $</span><span itemprop="eligibleQuantity" itemscope="" itemtype="http://schema.org/QuantitativeValue">/<span itemprop="unitText">100g</span></span></td><td>2,99 $/100g</td><td style="display: none;">2020-02-26</td><td style="display: none;">Québec</td><td style="display: none;">Perron</td><td style="display: none;"></td><td style="display: none;"></td><td style="display: none;">vieilli 1 an</td><td style="display: none;"></td><td style="display: none;"></td><td style="display: none;"><a class="recipeLink" href="/recipe_ingredient_search_results.php?query=(_QU5E__1__________155__[]_1_1)&amp;sos_l=fr">Recettes avec fromage cheddar, vieilli</a></td></tr><tr role="row" class="odd"><td tabindex="0"><i class="fa fa-thumbs-down"></i></td><td class=" not_printable"><div class="addToGL" data-soscuisine-aisle="5" data-soscuisine-sip="3939671"><i class="fa fa-cart-plus" title="Ajouter à ma liste d'épicerie"></i><div></div></div></td><td><img class="storeItemImage" alt="fromage cottage" src="/media/images/store_item/blank.jpg"></td><td>fromage cottage</td><td class="not_printable sorting_1">produits laitiers &amp; oeufs</td><td><img style="width:50%;" src="/media/images/logos/marchands/3.png" alt="IGA"></td><td><span itemprop="price">3,29 $</span><span itemprop="eligibleQuantity" itemscope="" itemtype="http://schema.org/QuantitativeValue">/<span itemprop="unitText">500g</span></span></td><td>0,66 $/100g</td><td style="display: none;">2020-02-26</td><td style="display: none;"></td><td style="display: none;">Sealtest</td><td style="display: none;"></td><td style="display: none;"></td><td style="display: none;"></td><td style="display: none;"></td><td style="display: none;"></td><td style="display: none;"><a class="recipeLink" href="/recipe_ingredient_search_results.php?query=(_QU5E__1__________426__[]_1_1)&amp;sos_l=fr">Recettes avec fromage cottage</a></td></tr><tr role="row" class="even"><td tabindex="0"><i class="fas fa-hand-rock"></i></td><td class=" not_printable"><div class="addToGL" data-soscuisine-aisle="5" data-soscuisine-sip="3937863"><i class="fa fa-cart-plus" title="Ajouter à ma liste d'épicerie"></i><div></div></div></td><td><img class="storeItemImage" alt="fromage cottage" src="/media/images/store_item/blank.jpg"></td><td>fromage cottage</td><td class="not_printable sorting_1">produits laitiers &amp; oeufs</td><td><img style="width:50%;" src="/media/images/logos/marchands/1.png" alt="Metro"></td><td><span itemprop="price">3,00 $</span><span itemprop="eligibleQuantity" itemscope="" itemtype="http://schema.org/QuantitativeValue">/<span itemprop="unitText">500g</span></span></td><td>0,60 $/100g</td><td style="display: none;">2020-02-26</td><td style="display: none;"></td><td style="display: none;">Sealtest</td><td style="display: none;"></td><td style="display: none;"></td><td style="display: none;"></td><td style="display: none;"></td><td style="display: none;"></td><td style="display: none;"><a class="recipeLink" href="/recipe_ingredient_search_results.php?query=(_QU5E__1__________426__[]_1_1)&amp;sos_l=fr">Recettes avec fromage cottage</a></td></tr><tr role="row" class="odd"><td tabindex="0"><i class="fas fa-hand-rock"></i></td><td class=" not_printable"><div class="addToGL" data-soscuisine-aisle="5" data-soscuisine-sip="3940729"><i class="fa fa-cart-plus" title="Ajouter à ma liste d'épicerie"></i><div></div></div></td><td><img class="storeItemImage" alt="fromage cottage" src="/media/images/store_item/blank.jpg"></td><td>fromage cottage</td><td class="not_printable sorting_1">produits laitiers &amp; oeufs</td><td><img style="width:50%;" src="/media/images/logos/marchands/5.png" alt="Super C"></td><td><span itemprop="price">2,99 $</span><span itemprop="eligibleQuantity" itemscope="" itemtype="http://schema.org/QuantitativeValue">/<span itemprop="unitText">500g</span></span></td><td>0,60 $/100g</td><td style="display: none;">2020-02-26</td><td style="display: none;"></td><td style="display: none;">marque maison</td><td style="display: none;"></td><td style="display: none;"></td><td style="display: none;"></td><td style="display: none;"></td><td style="display: none;"></td><td style="display: none;"><a class="recipeLink" href="/recipe_ingredient_search_results.php?query=(_QU5E__1__________426__[]_1_1)&amp;sos_l=fr">Recettes avec fromage cottage</a></td></tr><tr role="row" class="even"><td tabindex="0"><i class="fa fa-thumbs-down"></i></td><td class=" not_printable"><div class="addToGL" data-soscuisine-aisle="5" data-soscuisine-sip="3938677"><i class="fa fa-cart-plus" title="Ajouter à ma liste d'épicerie"></i><div></div></div></td><td><img class="storeItemImage" alt="fromage de chèvre" src="/media/images/store_item/blank.jpg"></td><td>fromage de chèvre</td><td class="not_printable sorting_1">produits laitiers &amp; oeufs</td><td><img style="width:50%;" src="/media/images/logos/marchands/69.png" alt="Intermarché (Provincial)"></td><td><span itemprop="price">5,99 $</span><span itemprop="eligibleQuantity" itemscope="" itemtype="http://schema.org/QuantitativeValue">/125g</span></td><td>4,79 $/100g</td><td style="display: none;">2020-02-26</td><td style="display: none;"></td><td style="display: none;">Alexis de Portneuf</td><td style="display: none;"></td><td style="display: none;"></td><td style="display: none;"></td><td style="display: none;"></td><td style="display: none;"></td><td style="display: none;"><a class="recipeLink" href="/recipe_ingredient_search_results.php?query=(_QU5E__1__________156__[]_1_1)&amp;sos_l=fr">Recettes avec fromage de chèvre</a></td></tr><tr role="row" class="odd"><td tabindex="0"><i class="fa fa-thumbs-up"></i><i class="fa fa-thumbs-up"></i></td><td class=" not_printable"><div class="addToGL" data-soscuisine-aisle="5" data-soscuisine-sip="3938399"><i class="fa fa-cart-plus" title="Ajouter à ma liste d'épicerie"></i><div></div></div></td><td><img class="storeItemImage" alt="fromage de chèvre" src="/media/images/store_item/blank.jpg"></td><td>fromage de chèvre</td><td class="not_printable sorting_1">produits laitiers &amp; oeufs</td><td><img style="width:50%;" src="/media/images/logos/marchands/7.png" alt="Intermarché (Saveurs intl.)"></td><td><span itemprop="price">5,99 $</span><span itemprop="eligibleQuantity" itemscope="" itemtype="http://schema.org/QuantitativeValue">/<span itemprop="unitText">300g</span></span></td><td>2,00 $/100g</td><td style="display: none;">2020-02-26</td><td style="display: none;"></td><td style="display: none;">Chevrai</td><td style="display: none;"></td><td style="display: none;"></td><td style="display: none;"></td><td style="display: none;"></td><td style="display: none;"></td><td style="display: none;"><a class="recipeLink" href="/recipe_ingredient_search_results.php?query=(_QU5E__1__________156__[]_1_1)&amp;sos_l=fr">Recettes avec fromage de chèvre</a></td></tr><tr role="row" class="even"><td tabindex="0"><i class="fa fa-thumbs-down"></i></td><td class=" not_printable"><div class="addToGL" data-soscuisine-aisle="5" data-soscuisine-sip="3938401"><i class="fa fa-cart-plus" title="Ajouter à ma liste d'épicerie"></i><div></div></div></td><td><img class="storeItemImage" alt="fromage de chèvre" src="/media/images/store_item/blank.jpg"></td><td>fromage de chèvre</td><td class="not_printable sorting_1">produits laitiers &amp; oeufs</td><td><img style="width:50%;" src="/media/images/logos/marchands/7.png" alt="Intermarché (Saveurs intl.)"></td><td><span itemprop="price">5,99 $</span><span itemprop="eligibleQuantity" itemscope="" itemtype="http://schema.org/QuantitativeValue">/125g</span></td><td>4,79 $/100g</td><td style="display: none;">2020-02-26</td><td style="display: none;"></td><td style="display: none;">Alexis de Portneuf</td><td style="display: none;"></td><td style="display: none;"></td><td style="display: none;"></td><td style="display: none;"></td><td style="display: none;"></td><td style="display: none;"><a class="recipeLink" href="/recipe_ingredient_search_results.php?query=(_QU5E__1__________156__[]_1_1)&amp;sos_l=fr">Recettes avec fromage de chèvre</a></td></tr><tr role="row" class="odd"><td tabindex="0"><i class="fa fa-thumbs-down"></i></td><td class=" not_printable"><div class="addToGL" data-soscuisine-aisle="5" data-soscuisine-sip="3942097"><i class="fa fa-cart-plus" title="Ajouter à ma liste d'épicerie"></i><div></div></div></td><td><img class="storeItemImage" alt="fromage de chèvre" src="/media/images/store_item/blank.jpg"></td><td>fromage de chèvre</td><td class="not_printable sorting_1">produits laitiers &amp; oeufs</td><td><img style="width:50%;" src="/media/images/logos/marchands/13.png" alt="Jardin Mobile"></td><td><span itemprop="price">12,00 $</span><span itemprop="eligibleQuantity" itemscope="" itemtype="http://schema.org/QuantitativeValue">/<span itemprop="value">2</span>x<span itemprop="unitText">150g</span></span></td><td>4,00 $/100g</td><td style="display: none;">2020-02-26</td><td style="display: none;"></td><td style="display: none;">Chavroux</td><td style="display: none;"></td><td style="display: none;"></td><td style="display: none;"></td><td style="display: none;"></td><td style="display: none;"></td><td style="display: none;"><a class="recipeLink" href="/recipe_ingredient_search_results.php?query=(_QU5E__1__________156__[]_1_1)&amp;sos_l=fr">Recettes avec fromage de chèvre</a></td></tr><tr role="row" class="even"><td tabindex="0"><i class="fa fa-thumbs-down"></i></td><td class=" not_printable"><div class="addToGL" data-soscuisine-aisle="5" data-soscuisine-sip="3935951"><i class="fa fa-cart-plus" title="Ajouter à ma liste d'épicerie"></i><div></div></div></td><td><img class="storeItemImage" alt="fromage de chèvre" src="/media/images/store_item/blank.jpg"></td><td>fromage de chèvre</td><td class="not_printable sorting_1">produits laitiers &amp; oeufs</td><td><img style="width:50%;" src="/media/images/logos/marchands/62.png" alt="Supermarché PA"></td><td><span itemprop="price">4,99 $</span><span itemprop="eligibleQuantity" itemscope="" itemtype="http://schema.org/QuantitativeValue">/125g</span></td><td>3,99 $/100g</td><td style="display: none;">2020-02-23</td><td style="display: none;"></td><td style="display: none;">Alexis de Portneuf</td><td style="display: none;"></td><td style="display: none;"></td><td style="display: none;"></td><td style="display: none;"></td><td style="display: none;"></td><td style="display: none;"><a class="recipeLink" href="/recipe_ingredient_search_results.php?query=(_QU5E__1__________156__[]_1_1)&amp;sos_l=fr">Recettes avec fromage de chèvre</a></td></tr><tr role="row" class="odd"><td tabindex="0"><i class="fa fa-thumbs-down"></i></td><td class=" not_printable"><div class="addToGL" data-soscuisine-aisle="5" data-soscuisine-sip="3940639"><i class="fa fa-cart-plus" title="Ajouter à ma liste d'épicerie"></i><div></div></div></td><td><img class="storeItemImage" alt="fromage de chèvre" src="/media/images/store_item/blank.jpg"></td><td>fromage de chèvre</td><td class="not_printable sorting_1">produits laitiers &amp; oeufs</td><td><img style="width:50%;" src="/media/images/logos/marchands/11.png" alt="Tradition"></td><td><span itemprop="price">6,99 $</span><span itemprop="eligibleQuantity" itemscope="" itemtype="http://schema.org/QuantitativeValue">/125g</span></td><td>5,59 $/100g</td><td style="display: none;">2020-02-26</td><td style="display: none;"></td><td style="display: none;">Alexis de Portneuf</td><td style="display: none;"></td><td style="display: none;"></td><td style="display: none;"></td><td style="display: none;"></td><td style="display: none;"></td><td style="display: none;"><a class="recipeLink" href="/recipe_ingredient_search_results.php?query=(_QU5E__1__________156__[]_1_1)&amp;sos_l=fr">Recettes avec fromage de chèvre</a></td></tr><tr role="row" class="even"><td tabindex="0"><i class="fa fa-thumbs-up"></i><i class="fa fa-thumbs-up"></i></td><td class=" not_printable"><div class="addToGL" data-soscuisine-aisle="5" data-soscuisine-sip="3939139"><i class="fa fa-cart-plus" title="Ajouter à ma liste d'épicerie"></i><div></div></div></td><td><img class="storeItemImage" alt="fromage Edam" src="/media/images/store_item/blank.jpg"></td><td>fromage Edam</td><td class="not_printable sorting_1">produits laitiers &amp; oeufs</td><td><img style="width:50%;" src="/media/images/logos/marchands/63.png" alt="Marché Adonis"></td><td><span itemprop="price">6,99 $</span><span itemprop="eligibleQuantity" itemscope="" itemtype="http://schema.org/QuantitativeValue">/<span itemprop="unitText">lb</span></span></td><td>1,54 $/100g</td><td style="display: none;">2020-02-26</td><td style="display: none;">Hollande</td><td style="display: none;">Frico</td><td style="display: none;"></td><td style="display: none;">en boule</td><td style="display: none;"></td><td style="display: none;"></td><td style="display: none;"></td><td style="display: none;"></td></tr><tr role="row" class="odd"><td tabindex="0"><i class="fas fa-hand-rock"></i></td><td class=" not_printable"><div class="addToGL" data-soscuisine-aisle="5" data-soscuisine-sip="3937611"><i class="fa fa-cart-plus" title="Ajouter à ma liste d'épicerie"></i><div></div></div></td><td><img class="storeItemImage" alt="fromage emmenthal" src="/media/images/store_item/blank.jpg"></td><td>fromage emmenthal</td><td class="not_printable sorting_1">produits laitiers &amp; oeufs</td><td><img style="width:50%;" src="/media/images/logos/marchands/1.png" alt="Metro"></td><td><span itemprop="price">1,99 $</span><span itemprop="eligibleQuantity" itemscope="" itemtype="http://schema.org/QuantitativeValue">/<span itemprop="unitText">100g</span></span></td><td>1,99 $/100g</td><td style="display: none;">2020-02-26</td><td style="display: none;"></td><td style="display: none;"></td><td style="display: none;"></td><td style="display: none;"></td><td style="display: none;"></td><td style="display: none;"></td><td style="display: none;">Emborg, minimum 400g</td><td style="display: none;"><a class="recipeLink" href="/recipe_ingredient_search_results.php?query=(_QU5E__1__________553__[]_1_1)&amp;sos_l=fr">Recettes avec fromage emmenthal</a></td></tr><tr role="row" class="even"><td tabindex="0"><i class="fas fa-hand-rock"></i></td><td class=" not_printable"><div class="addToGL" data-soscuisine-aisle="5" data-soscuisine-sip="3939651"><i class="fa fa-cart-plus" title="Ajouter à ma liste d'épicerie"></i><div></div></div></td><td><img class="storeItemImage" alt="fromage en bloc" src="/media/images/store_item/blank.jpg"></td><td>fromage en bloc</td><td class="not_printable sorting_1">produits laitiers &amp; oeufs</td><td><img style="width:50%;" src="/media/images/logos/marchands/10.png" alt="Bonichoix "></td><td><span itemprop="price">3,99 $</span><span itemprop="eligibleQuantity" itemscope="" itemtype="http://schema.org/QuantitativeValue">/<span itemprop="unitText">300g</span></span></td><td>1,33 $/100g</td><td style="display: none;">2020-02-26</td><td style="display: none;">Québec</td><td style="display: none;">marque maison</td><td style="display: none;"></td><td style="display: none;"></td><td style="display: none;"></td><td style="display: none;"></td><td style="display: none;"></td><td style="display: none;"></td></tr><tr role="row" class="odd"><td tabindex="0"><i class="fas fa-hand-rock"></i></td><td class=" not_printable"><div class="addToGL" data-soscuisine-aisle="5" data-soscuisine-sip="3939623"><i class="fa fa-cart-plus" title="Ajouter à ma liste d'épicerie"></i><div></div></div></td><td><img class="storeItemImage" alt="fromage en bloc" src="/media/images/store_item/blank.jpg"></td><td>fromage en bloc</td><td class="not_printable sorting_1">produits laitiers &amp; oeufs</td><td><img style="width:50%;" src="/media/images/logos/marchands/3.png" alt="IGA"></td><td><span itemprop="price">9,98 $</span><span itemprop="eligibleQuantity" itemscope="" itemtype="http://schema.org/QuantitativeValue">/<span itemprop="value">2</span>x<span itemprop="unitText">400g</span></span></td><td>1,25 $/100g</td><td style="display: none;">2020-02-26</td><td style="display: none;"></td><td style="display: none;">marque maison</td><td style="display: none;"></td><td style="display: none;"></td><td style="display: none;"></td><td style="display: none;"></td><td style="display: none;"></td><td style="display: none;"></td></tr><tr role="row" class="even"><td tabindex="0"><i class="fa fa-thumbs-down"></i></td><td class=" not_printable"><div class="addToGL" data-soscuisine-aisle="5" data-soscuisine-sip="3939619"><i class="fa fa-cart-plus" title="Ajouter à ma liste d'épicerie"></i><div></div></div></td><td><img class="storeItemImage" alt="fromage en bloc" src="/media/images/store_item/blank.jpg"></td><td>fromage en bloc</td><td class="not_printable sorting_1">produits laitiers &amp; oeufs</td><td><img style="width:50%;" src="/media/images/logos/marchands/3.png" alt="IGA"></td><td><span itemprop="price">5,99 $</span><span itemprop="eligibleQuantity" itemscope="" itemtype="http://schema.org/QuantitativeValue">/<span itemprop="unitText">400g</span></span></td><td>1,50 $/100g</td><td style="display: none;">2020-02-26</td><td style="display: none;"></td><td style="display: none;">marque maison</td><td style="display: none;"></td><td style="display: none;"></td><td style="display: none;"></td><td style="display: none;"></td><td style="display: none;"></td><td style="display: none;"></td></tr><tr role="row" class="odd"><td tabindex="0"><i class="fa fa-thumbs-up"></i><i class="fa fa-thumbs-up"></i></td><td class=" not_printable"><div class="addToGL" data-soscuisine-aisle="5" data-soscuisine-sip="3938579"><i class="fa fa-cart-plus" title="Ajouter à ma liste d'épicerie"></i><div></div></div></td><td><img class="storeItemImage" alt="fromage en bloc" src="/media/images/store_item/blank.jpg"></td><td>fromage en bloc</td><td class="not_printable sorting_1">produits laitiers &amp; oeufs</td><td><img style="width:50%;" src="/media/images/logos/marchands/69.png" alt="Intermarché (Provincial)"></td><td><span itemprop="price">4,50 $</span><span itemprop="eligibleQuantity" itemscope="" itemtype="http://schema.org/QuantitativeValue">/<span itemprop="unitText">450g</span></span></td><td>1,00 $/100g</td><td style="display: none;">2020-02-26</td><td style="display: none;"></td><td style="display: none;">marque maison</td><td style="display: none;"></td><td style="display: none;"></td><td style="display: none;"></td><td style="display: none;"></td><td style="display: none;"></td><td style="display: none;"></td></tr><tr role="row" class="even"><td tabindex="0"><i class="fa fa-thumbs-up"></i><i class="fa fa-thumbs-up"></i></td><td class=" not_printable"><div class="addToGL" data-soscuisine-aisle="5" data-soscuisine-sip="3938085"><i class="fa fa-cart-plus" title="Ajouter à ma liste d'épicerie"></i><div></div></div></td><td><img class="storeItemImage" alt="fromage en bloc" src="/media/images/store_item/blank.jpg"></td><td>fromage en bloc</td><td class="not_printable sorting_1">produits laitiers &amp; oeufs</td><td><img style="width:50%;" src="/media/images/logos/marchands/7.png" alt="Intermarché (Saveurs intl.)"></td><td><span itemprop="price">4,50 $</span><span itemprop="eligibleQuantity" itemscope="" itemtype="http://schema.org/QuantitativeValue">/<span itemprop="unitText">450g</span></span></td><td>1,00 $/100g</td><td style="display: none;">2020-02-26</td><td style="display: none;"></td><td style="display: none;">marque maison</td><td style="display: none;"></td><td style="display: none;"></td><td style="display: none;"></td><td style="display: none;"></td><td style="display: none;"></td><td style="display: none;"></td></tr><tr role="row" class="odd"><td tabindex="0"><i class="fa fa-thumbs-up"></i><i class="fa fa-thumbs-up"></i></td><td class=" not_printable"><div class="addToGL" data-soscuisine-aisle="5" data-soscuisine-sip="3942033"><i class="fa fa-cart-plus" title="Ajouter à ma liste d'épicerie"></i><div></div></div></td><td><img class="storeItemImage" alt="fromage en bloc" src="/media/images/store_item/blank.jpg"></td><td>fromage en bloc</td><td class="not_printable sorting_1">produits laitiers &amp; oeufs</td><td><img style="width:50%;" src="/media/images/logos/marchands/13.png" alt="Jardin Mobile"></td><td><span itemprop="price">9,99 $</span><span itemprop="eligibleQuantity" itemscope="" itemtype="http://schema.org/QuantitativeValue">/<span itemprop="unitText">1kg</span></span></td><td>1,00 $/100g</td><td style="display: none;">2020-02-26</td><td style="display: none;"></td><td style="display: none;">Saputo</td><td style="display: none;"></td><td style="display: none;"></td><td style="display: none;"></td><td style="display: none;"></td><td style="display: none;"></td><td style="display: none;"></td></tr><tr role="row" class="even"><td tabindex="0"><i class="fas fa-hand-rock"></i></td><td class=" not_printable"><div class="addToGL" data-soscuisine-aisle="5" data-soscuisine-sip="3937915"><i class="fa fa-cart-plus" title="Ajouter à ma liste d'épicerie"></i><div></div></div></td><td><img class="storeItemImage" alt="fromage en bloc" src="/media/images/store_item/blank.jpg"></td><td>fromage en bloc</td><td class="not_printable sorting_1">produits laitiers &amp; oeufs</td><td><img style="width:50%;" src="/media/images/logos/marchands/1.png" alt="Metro"></td><td><span itemprop="price">5,99 $</span><span itemprop="eligibleQuantity" itemscope="" itemtype="http://schema.org/QuantitativeValue">/<span itemprop="unitText">500g</span></span></td><td>1,20 $/100g</td><td style="display: none;">2020-02-26</td><td style="display: none;"></td><td style="display: none;">Galbani</td><td style="display: none;"></td><td style="display: none;"></td><td style="display: none;"></td><td style="display: none;"></td><td style="display: none;"></td><td style="display: none;"></td></tr><tr role="row" class="odd"><td tabindex="0"><i class="fas fa-hand-rock"></i></td><td class=" not_printable"><div class="addToGL" data-soscuisine-aisle="5" data-soscuisine-sip="3937909"><i class="fa fa-cart-plus" title="Ajouter à ma liste d'épicerie"></i><div></div></div></td><td><img class="storeItemImage" alt="fromage en bloc" src="/media/images/store_item/blank.jpg"></td><td>fromage en bloc</td><td class="not_printable sorting_1">produits laitiers &amp; oeufs</td><td><img style="width:50%;" src="/media/images/logos/marchands/1.png" alt="Metro"></td><td><span itemprop="price">5,99 $</span><span itemprop="eligibleQuantity" itemscope="" itemtype="http://schema.org/QuantitativeValue">/<span itemprop="unitText">450g</span></span></td><td>1,33 $/100g</td><td style="display: none;">2020-02-26</td><td style="display: none;"></td><td style="display: none;">Black Diamond</td><td style="display: none;"></td><td style="display: none;"></td><td style="display: none;"></td><td style="display: none;"></td><td style="display: none;"></td><td style="display: none;"></td></tr><tr role="row" class="even"><td tabindex="0"><i class="fa fa-thumbs-down"></i></td><td class=" not_printable"><div class="addToGL" data-soscuisine-aisle="5" data-soscuisine-sip="3937947"><i class="fa fa-cart-plus" title="Ajouter à ma liste d'épicerie"></i><div></div></div></td><td><img class="storeItemImage" alt="fromage en bloc" src="/media/images/store_item/blank.jpg"></td><td>fromage en bloc</td><td class="not_printable sorting_1">produits laitiers &amp; oeufs</td><td><img style="width:50%;" src="/media/images/logos/marchands/1.png" alt="Metro"></td><td><span itemprop="price">3,99 $</span><span itemprop="eligibleQuantity" itemscope="" itemtype="http://schema.org/QuantitativeValue">/<span itemprop="unitText">250g</span></span></td><td>1,60 $/100g</td><td style="display: none;">2020-02-26</td><td style="display: none;"></td><td style="display: none;">marque maison</td><td style="display: none;"></td><td style="display: none;"></td><td style="display: none;"></td><td style="display: none;"></td><td style="display: none;"></td><td style="display: none;"></td></tr><tr role="row" class="odd"><td tabindex="0"><i class="fa fa-thumbs-down"></i></td><td class=" not_printable"><div class="addToGL" data-soscuisine-aisle="5" data-soscuisine-sip="3937855"><i class="fa fa-cart-plus" title="Ajouter à ma liste d'épicerie"></i><div></div></div></td><td><img class="storeItemImage" alt="fromage en bloc" src="/media/images/store_item/blank.jpg"></td><td>fromage en bloc</td><td class="not_printable sorting_1">produits laitiers &amp; oeufs</td><td><img style="width:50%;" src="/media/images/logos/marchands/1.png" alt="Metro"></td><td><span itemprop="price">5,99 $</span><span itemprop="eligibleQuantity" itemscope="" itemtype="http://schema.org/QuantitativeValue">/<span itemprop="unitText">200g</span></span></td><td>2,99 $/100g</td><td style="display: none;">2020-02-26</td><td style="display: none;"></td><td style="display: none;">marque maison</td><td style="display: none;"></td><td style="display: none;">bio</td><td style="display: none;"></td><td style="display: none;"></td><td style="display: none;"></td><td style="display: none;"></td></tr><tr role="row" class="even"><td tabindex="0"><i class="fa fa-thumbs-up"></i></td><td class=" not_printable"><div class="addToGL" data-soscuisine-aisle="5" data-soscuisine-sip="3938299"><i class="fa fa-cart-plus" title="Ajouter à ma liste d'épicerie"></i><div></div></div></td><td><img class="storeItemImage" alt="fromage en bloc" src="/media/images/store_item/blank.jpg"></td><td>fromage en bloc</td><td class="not_printable sorting_1">produits laitiers &amp; oeufs</td><td><img style="width:50%;" src="/media/images/logos/marchands/2.png" alt="Provigo"></td><td><span itemprop="price">10,00 $</span><span itemprop="eligibleQuantity" itemscope="" itemtype="http://schema.org/QuantitativeValue">/<span itemprop="value">2</span>x<span itemprop="unitText">450g</span></span></td><td>1,11 $/100g</td><td style="display: none;">2020-02-26</td><td style="display: none;"></td><td style="display: none;">marque maison</td><td style="display: none;"></td><td style="display: none;"></td><td style="display: none;"></td><td style="display: none;"></td><td style="display: none;"></td><td style="display: none;"></td></tr><tr role="row" class="odd"><td tabindex="0"><i class="fas fa-hand-rock"></i></td><td class=" not_printable"><div class="addToGL" data-soscuisine-aisle="5" data-soscuisine-sip="3938041"><i class="fa fa-cart-plus" title="Ajouter à ma liste d'épicerie"></i><div></div></div></td><td><img class="storeItemImage" alt="fromage en bloc" src="/media/images/store_item/blank.jpg"></td><td>fromage en bloc</td><td class="not_printable sorting_1">produits laitiers &amp; oeufs</td><td><img style="width:50%;" src="/media/images/logos/marchands/2.png" alt="Provigo"></td><td><span itemprop="price">5,99 $</span><span itemprop="eligibleQuantity" itemscope="" itemtype="http://schema.org/QuantitativeValue">/<span itemprop="unitText">500g</span></span></td><td>1,20 $/100g</td><td style="display: none;">2020-02-26</td><td style="display: none;"></td><td style="display: none;">Saputo</td><td style="display: none;"></td><td style="display: none;"></td><td style="display: none;"></td><td style="display: none;"></td><td style="display: none;"></td><td style="display: none;"></td></tr><tr role="row" class="even"><td tabindex="0"><i class="fas fa-hand-rock"></i></td><td class=" not_printable"><div class="addToGL" data-soscuisine-aisle="5" data-soscuisine-sip="3938297"><i class="fa fa-cart-plus" title="Ajouter à ma liste d'épicerie"></i><div></div></div></td><td><img class="storeItemImage" alt="fromage en bloc" src="/media/images/store_item/blank.jpg"></td><td>fromage en bloc</td><td class="not_printable sorting_1">produits laitiers &amp; oeufs</td><td><img style="width:50%;" src="/media/images/logos/marchands/2.png" alt="Provigo"></td><td><span itemprop="price">5,49 $</span><span itemprop="eligibleQuantity" itemscope="" itemtype="http://schema.org/QuantitativeValue">/<span itemprop="unitText">450g</span></span></td><td>1,22 $/100g</td><td style="display: none;">2020-02-26</td><td style="display: none;"></td><td style="display: none;">marque maison</td><td style="display: none;"></td><td style="display: none;"></td><td style="display: none;"></td><td style="display: none;"></td><td style="display: none;"></td><td style="display: none;"></td></tr><tr role="row" class="odd"><td tabindex="0"><i class="fa fa-thumbs-down"></i></td><td class=" not_printable"><div class="addToGL" data-soscuisine-aisle="5" data-soscuisine-sip="3938039"><i class="fa fa-cart-plus" title="Ajouter à ma liste d'épicerie"></i><div></div></div></td><td><img class="storeItemImage" alt="fromage en bloc" src="/media/images/store_item/blank.jpg"></td><td>fromage en bloc</td><td class="not_printable sorting_1">produits laitiers &amp; oeufs</td><td><img style="width:50%;" src="/media/images/logos/marchands/2.png" alt="Provigo"></td><td><span itemprop="price">5,99 $</span><span itemprop="eligibleQuantity" itemscope="" itemtype="http://schema.org/QuantitativeValue">/<span itemprop="unitText">400g</span></span></td><td>1,50 $/100g</td><td style="display: none;">2020-02-26</td><td style="display: none;"></td><td style="display: none;">P'tit Québec</td><td style="display: none;"></td><td style="display: none;"></td><td style="display: none;"></td><td style="display: none;"></td><td style="display: none;"></td><td style="display: none;"></td></tr><tr role="row" class="even"><td tabindex="0"><i class="fa fa-thumbs-down"></i></td><td class=" not_printable"><div class="addToGL" data-soscuisine-aisle="5" data-soscuisine-sip="3938835"><i class="fa fa-cart-plus" title="Ajouter à ma liste d'épicerie"></i><div></div></div></td><td><img class="storeItemImage" alt="fromage en bloc" src="/media/images/store_item/blank.jpg"></td><td>fromage en bloc</td><td class="not_printable sorting_1">produits laitiers &amp; oeufs</td><td><img style="width:50%;" src="/media/images/logos/marchands/93.png" alt="Rachelle Béry"></td><td><span itemprop="price">5,99 $</span><span itemprop="eligibleQuantity" itemscope="" itemtype="http://schema.org/QuantitativeValue">/<span itemprop="unitText">375g</span></span></td><td>1,60 $/100g</td><td style="display: none;">2020-03-04</td><td style="display: none;">Québec</td><td style="display: none;">Riviera</td><td style="display: none;"></td><td style="display: none;"></td><td style="display: none;"></td><td style="display: none;"></td><td style="display: none;"></td><td style="display: none;"></td></tr><tr role="row" class="odd"><td tabindex="0"><i class="fa fa-thumbs-down"></i></td><td class=" not_printable"><div class="addToGL" data-soscuisine-aisle="5" data-soscuisine-sip="3940969"><i class="fa fa-cart-plus" title="Ajouter à ma liste d'épicerie"></i><div></div></div></td><td><img class="storeItemImage" alt="fromage en bloc" src="/media/images/store_item/blank.jpg"></td><td>fromage en bloc</td><td class="not_printable sorting_1">produits laitiers &amp; oeufs</td><td><img style="width:50%;" src="/media/images/logos/marchands/12.png" alt="Richelieu"></td><td><span itemprop="price">3,99 $</span><span itemprop="eligibleQuantity" itemscope="" itemtype="http://schema.org/QuantitativeValue">/<span itemprop="unitText">270g</span></span></td><td>1,48 $/100g</td><td style="display: none;">2020-02-26</td><td style="display: none;"></td><td style="display: none;">P'tit Québec</td><td style="display: none;"></td><td style="display: none;"></td><td style="display: none;"></td><td style="display: none;"></td><td style="display: none;"></td><td style="display: none;"></td></tr><tr role="row" class="even"><td tabindex="0"><i class="fa fa-thumbs-up"></i><i class="fa fa-thumbs-up"></i></td><td class=" not_printable"><div class="addToGL" data-soscuisine-aisle="5" data-soscuisine-sip="3940415"><i class="fa fa-cart-plus" title="Ajouter à ma liste d'épicerie"></i><div></div></div></td><td><img class="storeItemImage" alt="fromage en bloc" src="/media/images/store_item/blank.jpg"></td><td>fromage en bloc</td><td class="not_printable sorting_1">produits laitiers &amp; oeufs</td><td><img style="width:50%;" src="/media/images/logos/marchands/5.png" alt="Super C"></td><td><span itemprop="price">3,97 $</span><span itemprop="eligibleQuantity" itemscope="" itemtype="http://schema.org/QuantitativeValue">/<span itemprop="unitText">400g</span></span></td><td>0,99 $/100g</td><td style="display: none;">2020-02-26</td><td style="display: none;"></td><td style="display: none;">marque maison</td><td style="display: none;"></td><td style="display: none;"></td><td style="display: none;"></td><td style="display: none;"></td><td style="display: none;"></td><td style="display: none;"></td></tr><tr role="row" class="odd"><td tabindex="0"><i class="fa fa-thumbs-up"></i><i class="fa fa-thumbs-up"></i></td><td class=" not_printable"><div class="addToGL" data-soscuisine-aisle="5" data-soscuisine-sip="3935923"><i class="fa fa-cart-plus" title="Ajouter à ma liste d'épicerie"></i><div></div></div></td><td><img class="storeItemImage" alt="fromage en bloc" src="/media/images/store_item/blank.jpg"></td><td>fromage en bloc</td><td class="not_printable sorting_1">produits laitiers &amp; oeufs</td><td><img style="width:50%;" src="/media/images/logos/marchands/62.png" alt="Supermarché PA"></td><td><span itemprop="price">2,99 $</span><span itemprop="eligibleQuantity" itemscope="" itemtype="http://schema.org/QuantitativeValue">/<span itemprop="unitText">400g</span></span></td><td>0,75 $/100g</td><td style="display: none;">2020-02-23</td><td style="display: none;"></td><td style="display: none;">Cracker Barrel</td><td style="display: none;"></td><td style="display: none;"></td><td style="display: none;"></td><td style="display: none;"></td><td style="display: none;"></td><td style="display: none;"></td></tr><tr role="row" class="even"><td tabindex="0"><i class="fas fa-hand-rock"></i></td><td class=" not_printable"><div class="addToGL" data-soscuisine-aisle="5" data-soscuisine-sip="3940523"><i class="fa fa-cart-plus" title="Ajouter à ma liste d'épicerie"></i><div></div></div></td><td><img class="storeItemImage" alt="fromage en bloc" src="/media/images/store_item/blank.jpg"></td><td>fromage en bloc</td><td class="not_printable sorting_1">produits laitiers &amp; oeufs</td><td><img style="width:50%;" src="/media/images/logos/marchands/11.png" alt="Tradition"></td><td><span itemprop="price">4,97 $</span><span itemprop="eligibleQuantity" itemscope="" itemtype="http://schema.org/QuantitativeValue">/<span itemprop="unitText">400g</span></span></td><td>1,24 $/100g</td><td style="display: none;">2020-02-26</td><td style="display: none;"></td><td style="display: none;">Cracker Barrel</td><td style="display: none;"></td><td style="display: none;"></td><td style="display: none;"></td><td style="display: none;"></td><td style="display: none;"></td><td style="display: none;"></td></tr><tr role="row" class="odd"><td tabindex="0"><i class="fas fa-hand-rock"></i></td><td class=" not_printable"><div class="addToGL" data-soscuisine-aisle="5" data-soscuisine-sip="3939419"><i class="fa fa-cart-plus" title="Ajouter à ma liste d'épicerie"></i><div></div></div></td><td><img class="storeItemImage" alt="fromage féta" src="/media/images/store_item/blank.jpg"></td><td>fromage féta</td><td class="not_printable sorting_1">produits laitiers &amp; oeufs</td><td><img style="width:50%;" src="/media/images/logos/marchands/3.png" alt="IGA"></td><td><span itemprop="price">7,99 $</span><span itemprop="eligibleQuantity" itemscope="" itemtype="http://schema.org/QuantitativeValue">/<span itemprop="unitText">400g</span></span></td><td>2,00 $/100g</td><td style="display: none;">2020-02-26</td><td style="display: none;"></td><td style="display: none;">marque maison</td><td style="display: none;"></td><td style="display: none;"></td><td style="display: none;"></td><td style="display: none;"></td><td style="display: none;"></td><td style="display: none;"><a class="recipeLink" href="/recipe_ingredient_search_results.php?query=(_QU5E__1__________150__[]_1_1)&amp;sos_l=fr">Recettes avec fromage féta</a></td></tr><tr role="row" class="even"><td tabindex="0"><i class="fa fa-thumbs-up"></i></td><td class=" not_printable"><div class="addToGL" data-soscuisine-aisle="5" data-soscuisine-sip="3938417"><i class="fa fa-cart-plus" title="Ajouter à ma liste d'épicerie"></i><div></div></div></td><td><img class="storeItemImage" alt="fromage féta" src="/media/images/store_item/blank.jpg"></td><td>fromage féta</td><td class="not_printable sorting_1">produits laitiers &amp; oeufs</td><td><img style="width:50%;" src="/media/images/logos/marchands/7.png" alt="Intermarché (Saveurs intl.)"></td><td><span itemprop="price">2,99 $</span><span itemprop="eligibleQuantity" itemscope="" itemtype="http://schema.org/QuantitativeValue">/<span itemprop="unitText">200g</span></span></td><td>1,50 $/100g</td><td style="display: none;">2020-02-26</td><td style="display: none;"></td><td style="display: none;">Saputo</td><td style="display: none;"></td><td style="display: none;"></td><td style="display: none;"></td><td style="display: none;"></td><td style="display: none;"></td><td style="display: none;"><a class="recipeLink" href="/recipe_ingredient_search_results.php?query=(_QU5E__1__________150__[]_1_1)&amp;sos_l=fr">Recettes avec fromage féta</a></td></tr><tr role="row" class="odd"><td tabindex="0"><i class="fas fa-hand-rock"></i></td><td class=" not_printable"><div class="addToGL" data-soscuisine-aisle="5" data-soscuisine-sip="3939109"><i class="fa fa-cart-plus" title="Ajouter à ma liste d'épicerie"></i><div></div></div></td><td><img class="storeItemImage" alt="fromage féta" src="/media/images/store_item/blank.jpg"></td><td>fromage féta</td><td class="not_printable sorting_1">produits laitiers &amp; oeufs</td><td><img style="width:50%;" src="/media/images/logos/marchands/63.png" alt="Marché Adonis"></td><td><span itemprop="price">7,00 $</span><span itemprop="eligibleQuantity" itemscope="" itemtype="http://schema.org/QuantitativeValue">/<span itemprop="value">2</span>x<span itemprop="unitText">200g</span></span></td><td>1,75 $/100g</td><td style="display: none;">2020-02-26</td><td style="display: none;"></td><td style="display: none;">Tre Stelle</td><td style="display: none;"></td><td style="display: none;">régulier, léger</td><td style="display: none;"></td><td style="display: none;"></td><td style="display: none;"></td><td style="display: none;"><a class="recipeLink" href="/recipe_ingredient_search_results.php?query=(_QU5E__1__________150__[]_1_1)&amp;sos_l=fr">Recettes avec fromage féta</a></td></tr><tr role="row" class="even"><td tabindex="0"><i class="fa fa-thumbs-up"></i></td><td class=" not_printable"><div class="addToGL" data-soscuisine-aisle="5" data-soscuisine-sip="3939029"><i class="fa fa-cart-plus" title="Ajouter à ma liste d'épicerie"></i><div></div></div></td><td><img class="storeItemImage" alt="fromage féta" src="/media/images/store_item/blank.jpg"></td><td>fromage féta</td><td class="not_printable sorting_1">produits laitiers &amp; oeufs</td><td><img style="width:50%;" src="/media/images/logos/marchands/64.png" alt="Mourelatos"></td><td><span itemprop="price">6,99 $</span><span itemprop="eligibleQuantity" itemscope="" itemtype="http://schema.org/QuantitativeValue">/<span itemprop="unitText">lb</span></span></td><td>1,54 $/100g</td><td style="display: none;">2020-02-26</td><td style="display: none;">Grèce</td><td style="display: none;">Greek Diamond</td><td style="display: none;"></td><td style="display: none;"></td><td style="display: none;"></td><td style="display: none;"></td><td style="display: none;">valable le 19 et du 24 au 26 seulement</td><td style="display: none;"><a class="recipeLink" href="/recipe_ingredient_search_results.php?query=(_QU5E__1__________150__[]_1_1)&amp;sos_l=fr">Recettes avec fromage féta</a></td></tr><tr role="row" class="odd"><td tabindex="0"><i class="fa fa-thumbs-down"></i></td><td class=" not_printable"><div class="addToGL" data-soscuisine-aisle="5" data-soscuisine-sip="3938817"><i class="fa fa-cart-plus" title="Ajouter à ma liste d'épicerie"></i><div></div></div></td><td><img class="storeItemImage" alt="fromage féta" src="/media/images/store_item/blank.jpg"></td><td>fromage féta</td><td class="not_printable sorting_1">produits laitiers &amp; oeufs</td><td><img style="width:50%;" src="/media/images/logos/marchands/93.png" alt="Rachelle Béry"></td><td><span itemprop="price">5,99 $</span><span itemprop="eligibleQuantity" itemscope="" itemtype="http://schema.org/QuantitativeValue">/<span itemprop="unitText">200g</span></span></td><td>2,99 $/100g</td><td style="display: none;">2020-03-04</td><td style="display: none;"></td><td style="display: none;">Roussas</td><td style="display: none;"></td><td style="display: none;"></td><td style="display: none;"></td><td style="display: none;"></td><td style="display: none;"></td><td style="display: none;"><a class="recipeLink" href="/recipe_ingredient_search_results.php?query=(_QU5E__1__________150__[]_1_1)&amp;sos_l=fr">Recettes avec fromage féta</a></td></tr><tr role="row" class="even"><td tabindex="0"><i class="fas fa-hand-rock"></i></td><td class=" not_printable"><div class="addToGL" data-soscuisine-aisle="5" data-soscuisine-sip="3942111"><i class="fa fa-cart-plus" title="Ajouter à ma liste d'épicerie"></i><div></div></div></td><td><img class="storeItemImage" alt="fromage gouda" src="/media/images/store_item/blank.jpg"></td><td>fromage gouda</td><td class="not_printable sorting_1">produits laitiers &amp; oeufs</td><td><img style="width:50%;" src="/media/images/logos/marchands/13.png" alt="Jardin Mobile"></td><td><span itemprop="price">9,00 $</span><span itemprop="eligibleQuantity" itemscope="" itemtype="http://schema.org/QuantitativeValue">/<span itemprop="value">2</span>x171g</span></td><td>2,63 $/100g</td><td style="display: none;">2020-02-26</td><td style="display: none;"></td><td style="display: none;">Anco</td><td style="display: none;"></td><td style="display: none;"></td><td style="display: none;"></td><td style="display: none;"></td><td style="display: none;"></td><td style="display: none;"></td></tr><tr role="row" class="odd"><td tabindex="0"><i class="fa fa-thumbs-down"></i></td><td class=" not_printable"><div class="addToGL" data-soscuisine-aisle="5" data-soscuisine-sip="3939435"><i class="fa fa-cart-plus" title="Ajouter à ma liste d'épicerie"></i><div></div></div></td><td><img class="storeItemImage" alt="fromage gruyère" src="/media/images/store_item/blank.jpg"></td><td>fromage gruyère</td><td class="not_printable sorting_1">produits laitiers &amp; oeufs</td><td><img style="width:50%;" src="/media/images/logos/marchands/3.png" alt="IGA"></td><td><span itemprop="price">7,99 $</span><span itemprop="eligibleQuantity" itemscope="" itemtype="http://schema.org/QuantitativeValue">/<span itemprop="unitText">195g</span></span></td><td>4,10 $/100g</td><td style="display: none;">2020-02-26</td><td style="display: none;"></td><td style="display: none;"></td><td style="display: none;"></td><td style="display: none;"></td><td style="display: none;"></td><td style="display: none;"></td><td style="display: none;">Le Superbe</td><td style="display: none;"><a class="recipeLink" href="/recipe_ingredient_search_results.php?query=(_QU5E__1__________520__[]_1_1)&amp;sos_l=fr">Recettes avec fromage gruyère</a></td></tr><tr role="row" class="even"><td tabindex="0"><i class="fa fa-thumbs-down"></i></td><td class=" not_printable"><div class="addToGL" data-soscuisine-aisle="5" data-soscuisine-sip="3939125"><i class="fa fa-cart-plus" title="Ajouter à ma liste d'épicerie"></i><div></div></div></td><td><img class="storeItemImage" alt="fromage gruyère" src="/media/images/store_item/blank.jpg"></td><td>fromage gruyère</td><td class="not_printable sorting_1">produits laitiers &amp; oeufs</td><td><img style="width:50%;" src="/media/images/logos/marchands/63.png" alt="Marché Adonis"></td><td><span itemprop="price">14,99 $</span><span itemprop="eligibleQuantity" itemscope="" itemtype="http://schema.org/QuantitativeValue">/<span itemprop="unitText">lb</span></span></td><td>3,30 $/100g</td><td style="display: none;">2020-02-26</td><td style="display: none;">Suisse</td><td style="display: none;"></td><td style="display: none;"></td><td style="display: none;"></td><td style="display: none;"></td><td style="display: none;"></td><td style="display: none;"></td><td style="display: none;"><a class="recipeLink" href="/recipe_ingredient_search_results.php?query=(_QU5E__1__________520__[]_1_1)&amp;sos_l=fr">Recettes avec fromage gruyère</a></td></tr><tr role="row" class="odd"><td tabindex="0"><i class="fa fa-thumbs-up"></i><i class="fa fa-thumbs-up"></i></td><td class=" not_printable"><div class="addToGL" data-soscuisine-aisle="5" data-soscuisine-sip="3942035"><i class="fa fa-cart-plus" title="Ajouter à ma liste d'épicerie"></i><div></div></div></td><td><img class="storeItemImage" alt="fromage mozzarella" src="/media/images/store_item/blank.jpg"></td><td>fromage mozzarella</td><td class="not_printable sorting_1">produits laitiers &amp; oeufs</td><td><img style="width:50%;" src="/media/images/logos/marchands/13.png" alt="Jardin Mobile"></td><td><span itemprop="price">9,99 $</span><span itemprop="eligibleQuantity" itemscope="" itemtype="http://schema.org/QuantitativeValue">/<span itemprop="unitText">1kg</span></span></td><td>1,00 $/100g</td><td style="display: none;">2020-02-26</td><td style="display: none;"></td><td style="display: none;">Saputo</td><td style="display: none;"></td><td style="display: none;"></td><td style="display: none;"></td><td style="display: none;"></td><td style="display: none;"></td><td style="display: none;"><a class="recipeLink" href="/recipe_ingredient_search_results.php?query=(_QU5E__1__________728__[]_1_1)&amp;sos_l=fr">Recettes avec fromage mozzarella</a></td></tr><tr role="row" class="even"><td tabindex="0"><i class="fa fa-thumbs-up"></i><i class="fa fa-thumbs-up"></i></td><td class=" not_printable"><div class="addToGL" data-soscuisine-aisle="5" data-soscuisine-sip="3938515"><i class="fa fa-cart-plus" title="Ajouter à ma liste d'épicerie"></i><div></div></div></td><td><img class="storeItemImage" alt="fromage mozzarella" src="/media/images/store_item/blank.jpg"></td><td>fromage mozzarella</td><td class="not_printable sorting_1">produits laitiers &amp; oeufs</td><td><img style="width:50%;" src="/media/images/logos/marchands/6.png" alt="Maxi"></td><td><span itemprop="price">4,00 $</span><span itemprop="eligibleQuantity" itemscope="" itemtype="http://schema.org/QuantitativeValue">/<span itemprop="unitText">500g</span></span></td><td>0,80 $/100g</td><td style="display: none;">2020-02-26</td><td style="display: none;"></td><td style="display: none;">Saputo</td><td style="display: none;"></td><td style="display: none;"></td><td style="display: none;"></td><td style="display: none;"></td><td style="display: none;"></td><td style="display: none;"><a class="recipeLink" href="/recipe_ingredient_search_results.php?query=(_QU5E__1__________728__[]_1_1)&amp;sos_l=fr">Recettes avec fromage mozzarella</a></td></tr><tr role="row" class="odd"><td tabindex="0"><i class="fas fa-hand-rock"></i></td><td class=" not_printable"><div class="addToGL" data-soscuisine-aisle="5" data-soscuisine-sip="3937913"><i class="fa fa-cart-plus" title="Ajouter à ma liste d'épicerie"></i><div></div></div></td><td><img class="storeItemImage" alt="fromage mozzarella" src="/media/images/store_item/blank.jpg"></td><td>fromage mozzarella</td><td class="not_printable sorting_1">produits laitiers &amp; oeufs</td><td><img style="width:50%;" src="/media/images/logos/marchands/1.png" alt="Metro"></td><td><span itemprop="price">5,99 $</span><span itemprop="eligibleQuantity" itemscope="" itemtype="http://schema.org/QuantitativeValue">/<span itemprop="unitText">450g</span></span></td><td>1,33 $/100g</td><td style="display: none;">2020-02-26</td><td style="display: none;"></td><td style="display: none;">Black Diamond</td><td style="display: none;"></td><td style="display: none;"></td><td style="display: none;"></td><td style="display: none;"></td><td style="display: none;"></td><td style="display: none;"><a class="recipeLink" href="/recipe_ingredient_search_results.php?query=(_QU5E__1__________728__[]_1_1)&amp;sos_l=fr">Recettes avec fromage mozzarella</a></td></tr><tr role="row" class="even"><td tabindex="0"><i class="fas fa-hand-rock"></i></td><td class=" not_printable"><div class="addToGL" data-soscuisine-aisle="5" data-soscuisine-sip="3938045"><i class="fa fa-cart-plus" title="Ajouter à ma liste d'épicerie"></i><div></div></div></td><td><img class="storeItemImage" alt="fromage mozzarella" src="/media/images/store_item/blank.jpg"></td><td>fromage mozzarella</td><td class="not_printable sorting_1">produits laitiers &amp; oeufs</td><td><img style="width:50%;" src="/media/images/logos/marchands/2.png" alt="Provigo"></td><td><span itemprop="price">5,99 $</span><span itemprop="eligibleQuantity" itemscope="" itemtype="http://schema.org/QuantitativeValue">/<span itemprop="unitText">500g</span></span></td><td>1,20 $/100g</td><td style="display: none;">2020-02-26</td><td style="display: none;"></td><td style="display: none;">Saputo</td><td style="display: none;"></td><td style="display: none;"></td><td style="display: none;"></td><td style="display: none;"></td><td style="display: none;"></td><td style="display: none;"><a class="recipeLink" href="/recipe_ingredient_search_results.php?query=(_QU5E__1__________728__[]_1_1)&amp;sos_l=fr">Recettes avec fromage mozzarella</a></td></tr><tr role="row" class="odd"><td tabindex="0"><i class="fa fa-thumbs-down"></i></td><td class=" not_printable"><div class="addToGL" data-soscuisine-aisle="5" data-soscuisine-sip="3940965"><i class="fa fa-cart-plus" title="Ajouter à ma liste d'épicerie"></i><div></div></div></td><td><img class="storeItemImage" alt="fromage mozzarella" src="/media/images/store_item/blank.jpg"></td><td>fromage mozzarella</td><td class="not_printable sorting_1">produits laitiers &amp; oeufs</td><td><img style="width:50%;" src="/media/images/logos/marchands/12.png" alt="Richelieu"></td><td><span itemprop="price">3,99 $</span><span itemprop="eligibleQuantity" itemscope="" itemtype="http://schema.org/QuantitativeValue">/<span itemprop="unitText">270g</span></span></td><td>1,48 $/100g</td><td style="display: none;">2020-02-26</td><td style="display: none;"></td><td style="display: none;">P'tit Québec</td><td style="display: none;"></td><td style="display: none;"></td><td style="display: none;"></td><td style="display: none;"></td><td style="display: none;"></td><td style="display: none;"><a class="recipeLink" href="/recipe_ingredient_search_results.php?query=(_QU5E__1__________728__[]_1_1)&amp;sos_l=fr">Recettes avec fromage mozzarella</a></td></tr><tr role="row" class="even"><td tabindex="0"><i class="fa fa-thumbs-up"></i><i class="fa fa-thumbs-up"></i></td><td class=" not_printable"><div class="addToGL" data-soscuisine-aisle="5" data-soscuisine-sip="3940421"><i class="fa fa-cart-plus" title="Ajouter à ma liste d'épicerie"></i><div></div></div></td><td><img class="storeItemImage" alt="fromage mozzarella" src="/media/images/store_item/blank.jpg"></td><td>fromage mozzarella</td><td class="not_printable sorting_1">produits laitiers &amp; oeufs</td><td><img style="width:50%;" src="/media/images/logos/marchands/5.png" alt="Super C"></td><td><span itemprop="price">3,97 $</span><span itemprop="eligibleQuantity" itemscope="" itemtype="http://schema.org/QuantitativeValue">/<span itemprop="unitText">400g</span></span></td><td>0,99 $/100g</td><td style="display: none;">2020-02-26</td><td style="display: none;"></td><td style="display: none;">marque maison</td><td style="display: none;"></td><td style="display: none;"></td><td style="display: none;"></td><td style="display: none;"></td><td style="display: none;"></td><td style="display: none;"><a class="recipeLink" href="/recipe_ingredient_search_results.php?query=(_QU5E__1__________728__[]_1_1)&amp;sos_l=fr">Recettes avec fromage mozzarella</a></td></tr><tr role="row" class="odd"><td tabindex="0"><i class="fa fa-thumbs-up"></i><i class="fa fa-thumbs-up"></i></td><td class=" not_printable"><div class="addToGL" data-soscuisine-aisle="5" data-soscuisine-sip="3935927"><i class="fa fa-cart-plus" title="Ajouter à ma liste d'épicerie"></i><div></div></div></td><td><img class="storeItemImage" alt="fromage mozzarella" src="/media/images/store_item/blank.jpg"></td><td>fromage mozzarella</td><td class="not_printable sorting_1">produits laitiers &amp; oeufs</td><td><img style="width:50%;" src="/media/images/logos/marchands/62.png" alt="Supermarché PA"></td><td><span itemprop="price">2,99 $</span><span itemprop="eligibleQuantity" itemscope="" itemtype="http://schema.org/QuantitativeValue">/<span itemprop="unitText">400g</span></span></td><td>0,75 $/100g</td><td style="display: none;">2020-02-23</td><td style="display: none;"></td><td style="display: none;">Cracker Barrel</td><td style="display: none;"></td><td style="display: none;"></td><td style="display: none;"></td><td style="display: none;"></td><td style="display: none;"></td><td style="display: none;"><a class="recipeLink" href="/recipe_ingredient_search_results.php?query=(_QU5E__1__________728__[]_1_1)&amp;sos_l=fr">Recettes avec fromage mozzarella</a></td></tr><tr role="row" class="even"><td tabindex="0"><i class="fa fa-thumbs-down"></i></td><td class=" not_printable"><div class="addToGL" data-soscuisine-aisle="5" data-soscuisine-sip="3935989"><i class="fa fa-cart-plus" title="Ajouter à ma liste d'épicerie"></i><div></div></div></td><td><img class="storeItemImage" alt="fromage mozzarella" src="/media/images/store_item/blank.jpg"></td><td>fromage mozzarella</td><td class="not_printable sorting_1">produits laitiers &amp; oeufs</td><td><img style="width:50%;" src="/media/images/logos/marchands/62.png" alt="Supermarché PA"></td><td><span itemprop="price">1,99 $</span><span itemprop="eligibleQuantity" itemscope="" itemtype="http://schema.org/QuantitativeValue">/<span itemprop="unitText">100g</span></span></td><td>1,99 $/100g</td><td style="display: none;">2020-02-23</td><td style="display: none;"></td><td style="display: none;"></td><td style="display: none;"></td><td style="display: none;">en boule</td><td style="display: none;"></td><td style="display: none;"></td><td style="display: none;">Dal Molise</td><td style="display: none;"><a class="recipeLink" href="/recipe_ingredient_search_results.php?query=(_QU5E__1__________728__[]_1_1)&amp;sos_l=fr">Recettes avec fromage mozzarella</a></td></tr><tr role="row" class="odd"><td tabindex="0"><i class="fa fa-thumbs-down"></i></td><td class=" not_printable"><div class="addToGL" data-soscuisine-aisle="5" data-soscuisine-sip="3939569"><i class="fa fa-cart-plus" title="Ajouter à ma liste d'épicerie"></i><div></div></div></td><td><img class="storeItemImage" alt="fromage Oka" src="/media/images/store_item/blank.jpg"></td><td>fromage Oka</td><td class="not_printable sorting_1">produits laitiers &amp; oeufs</td><td><img style="width:50%;" src="/media/images/logos/marchands/10.png" alt="Bonichoix "></td><td><span itemprop="price">7,99 $</span><span itemprop="eligibleQuantity" itemscope="" itemtype="http://schema.org/QuantitativeValue">/<span itemprop="unitText">190g</span></span></td><td>4,21 $/100g</td><td style="display: none;">2020-02-26</td><td style="display: none;"></td><td style="display: none;">Agropur</td><td style="display: none;"></td><td style="display: none;"></td><td style="display: none;"></td><td style="display: none;"></td><td style="display: none;"></td><td style="display: none;"><a class="recipeLink" href="/recipe_ingredient_search_results.php?query=(_QU5E__1__________605__[]_1_1)&amp;sos_l=fr">Recettes avec fromage Oka</a></td></tr><tr role="row" class="even"><td tabindex="0"><i class="fas fa-hand-rock"></i></td><td class=" not_printable"><div class="addToGL" data-soscuisine-aisle="5" data-soscuisine-sip="3939437"><i class="fa fa-cart-plus" title="Ajouter à ma liste d'épicerie"></i><div></div></div></td><td><img class="storeItemImage" alt="fromage Oka" src="/media/images/store_item/blank.jpg"></td><td>fromage Oka</td><td class="not_printable sorting_1">produits laitiers &amp; oeufs</td><td><img style="width:50%;" src="/media/images/logos/marchands/3.png" alt="IGA"></td><td><span itemprop="price">2,81 $</span><span itemprop="eligibleQuantity" itemscope="" itemtype="http://schema.org/QuantitativeValue">/<span itemprop="unitText">100g</span></span></td><td>2,81 $/100g</td><td style="display: none;">2020-02-26</td><td style="display: none;"></td><td style="display: none;">Agropur</td><td style="display: none;"></td><td style="display: none;"></td><td style="display: none;"></td><td style="display: none;"></td><td style="display: none;">achat minimum de 400g</td><td style="display: none;"><a class="recipeLink" href="/recipe_ingredient_search_results.php?query=(_QU5E__1__________605__[]_1_1)&amp;sos_l=fr">Recettes avec fromage Oka</a></td></tr><tr role="row" class="odd"><td tabindex="0"><i class="fa fa-thumbs-down"></i></td><td class=" not_printable"><div class="addToGL" data-soscuisine-aisle="5" data-soscuisine-sip="3937961"><i class="fa fa-cart-plus" title="Ajouter à ma liste d'épicerie"></i><div></div></div></td><td><img class="storeItemImage" alt="fromage Oka" src="/media/images/store_item/blank.jpg"></td><td>fromage Oka</td><td class="not_printable sorting_1">produits laitiers &amp; oeufs</td><td><img style="width:50%;" src="/media/images/logos/marchands/1.png" alt="Metro"></td><td><span itemprop="price">8,09 $</span><span itemprop="eligibleQuantity" itemscope="" itemtype="http://schema.org/QuantitativeValue">/<span itemprop="unitText">190g</span></span></td><td>4,26 $/100g</td><td style="display: none;">2020-02-26</td><td style="display: none;"></td><td style="display: none;"></td><td style="display: none;"></td><td style="display: none;"></td><td style="display: none;"></td><td style="display: none;"></td><td style="display: none;"></td><td style="display: none;"><a class="recipeLink" href="/recipe_ingredient_search_results.php?query=(_QU5E__1__________605__[]_1_1)&amp;sos_l=fr">Recettes avec fromage Oka</a></td></tr><tr role="row" class="even"><td tabindex="0"><i class="fas fa-hand-rock"></i></td><td class=" not_printable"><div class="addToGL" data-soscuisine-aisle="5" data-soscuisine-sip="3940607"><i class="fa fa-cart-plus" title="Ajouter à ma liste d'épicerie"></i><div></div></div></td><td><img class="storeItemImage" alt="fromage Oka" src="/media/images/store_item/blank.jpg"></td><td>fromage Oka</td><td class="not_printable sorting_1">produits laitiers &amp; oeufs</td><td><img style="width:50%;" src="/media/images/logos/marchands/5.png" alt="Super C"></td><td><span itemprop="price">6,99 $</span><span itemprop="eligibleQuantity" itemscope="" itemtype="http://schema.org/QuantitativeValue">/<span itemprop="unitText">190g</span></span></td><td>3,68 $/100g</td><td style="display: none;">2020-02-26</td><td style="display: none;"></td><td style="display: none;">Agropur</td><td style="display: none;"></td><td style="display: none;"></td><td style="display: none;"></td><td style="display: none;"></td><td style="display: none;"></td><td style="display: none;"><a class="recipeLink" href="/recipe_ingredient_search_results.php?query=(_QU5E__1__________605__[]_1_1)&amp;sos_l=fr">Recettes avec fromage Oka</a></td></tr><tr role="row" class="odd"><td tabindex="0"><i class="fa fa-thumbs-down"></i></td><td class=" not_printable"><div class="addToGL" data-soscuisine-aisle="5" data-soscuisine-sip="3940637"><i class="fa fa-cart-plus" title="Ajouter à ma liste d'épicerie"></i><div></div></div></td><td><img class="storeItemImage" alt="fromage Oka" src="/media/images/store_item/blank.jpg"></td><td>fromage Oka</td><td class="not_printable sorting_1">produits laitiers &amp; oeufs</td><td><img style="width:50%;" src="/media/images/logos/marchands/11.png" alt="Tradition"></td><td><span itemprop="price">7,99 $</span><span itemprop="eligibleQuantity" itemscope="" itemtype="http://schema.org/QuantitativeValue">/<span itemprop="unitText">190g</span></span></td><td>4,21 $/100g</td><td style="display: none;">2020-02-26</td><td style="display: none;"></td><td style="display: none;">Agropur</td><td style="display: none;"></td><td style="display: none;"></td><td style="display: none;"></td><td style="display: none;"></td><td style="display: none;"></td><td style="display: none;"><a class="recipeLink" href="/recipe_ingredient_search_results.php?query=(_QU5E__1__________605__[]_1_1)&amp;sos_l=fr">Recettes avec fromage Oka</a></td></tr><tr role="row" class="even"><td tabindex="0"><i class="fa fa-thumbs-down"></i></td><td class=" not_printable"><div class="addToGL" data-soscuisine-aisle="5" data-soscuisine-sip="3939175"><i class="fa fa-cart-plus" title="Ajouter à ma liste d'épicerie"></i><div></div></div></td><td><img class="storeItemImage" alt="fromage Parmigiano" src="/media/images/store_item/blank.jpg"></td><td>fromage Parmigiano</td><td class="not_printable sorting_1">produits laitiers &amp; oeufs</td><td><img style="width:50%;" src="/media/images/logos/marchands/63.png" alt="Marché Adonis"></td><td><span itemprop="price">5,99 $</span><span itemprop="eligibleQuantity" itemscope="" itemtype="http://schema.org/QuantitativeValue">/171g</span></td><td>3,50 $/100g</td><td style="display: none;">2020-02-26</td><td style="display: none;"></td><td style="display: none;"></td><td style="display: none;"></td><td style="display: none;"></td><td style="display: none;"></td><td style="display: none;"></td><td style="display: none;">Granarolo</td><td style="display: none;"><a class="recipeLink" href="/recipe_ingredient_search_results.php?query=(_QU5E__1__________15__[]_1_1)&amp;sos_l=fr">Recettes avec fromage Parmigiano</a></td></tr><tr role="row" class="odd"><td tabindex="0"><i class="fas fa-hand-rock"></i></td><td class=" not_printable"><div class="addToGL" data-soscuisine-aisle="5" data-soscuisine-sip="3938023"><i class="fa fa-cart-plus" title="Ajouter à ma liste d'épicerie"></i><div></div></div></td><td><img class="storeItemImage" alt="fromage Parmigiano" src="/media/images/store_item/blank.jpg"></td><td>fromage Parmigiano</td><td class="not_printable sorting_1">produits laitiers &amp; oeufs</td><td><img style="width:50%;" src="/media/images/logos/marchands/2.png" alt="Provigo"></td><td><span itemprop="price">3,49 $</span><span itemprop="eligibleQuantity" itemscope="" itemtype="http://schema.org/QuantitativeValue">/<span itemprop="unitText">100g</span></span></td><td>3,49 $/100g</td><td style="display: none;">2020-02-26</td><td style="display: none;">Italie</td><td style="display: none;"></td><td style="display: none;"></td><td style="display: none;">Reggiano</td><td style="display: none;"></td><td style="display: none;"></td><td style="display: none;"></td><td style="display: none;"><a class="recipeLink" href="/recipe_ingredient_search_results.php?query=(_QU5E__1__________15__[]_1_1)&amp;sos_l=fr">Recettes avec fromage Parmigiano</a></td></tr><tr role="row" class="even"><td tabindex="0"><i class="fa fa-thumbs-up"></i><i class="fa fa-thumbs-up"></i></td><td class=" not_printable"><div class="addToGL" data-soscuisine-aisle="5" data-soscuisine-sip="3935987"><i class="fa fa-cart-plus" title="Ajouter à ma liste d'épicerie"></i><div></div></div></td><td><img class="storeItemImage" alt="fromage Parmigiano" src="/media/images/store_item/blank.jpg"></td><td>fromage Parmigiano</td><td class="not_printable sorting_1">produits laitiers &amp; oeufs</td><td><img style="width:50%;" src="/media/images/logos/marchands/62.png" alt="Supermarché PA"></td><td><span itemprop="price">7,99 $</span><span itemprop="eligibleQuantity" itemscope="" itemtype="http://schema.org/QuantitativeValue">/<span itemprop="unitText">lb</span></span></td><td>1,76 $/100g</td><td style="display: none;">2020-02-23</td><td style="display: none;"></td><td style="display: none;"></td><td style="display: none;"></td><td style="display: none;">Padano</td><td style="display: none;"></td><td style="display: none;"></td><td style="display: none;"></td><td style="display: none;"><a class="recipeLink" href="/recipe_ingredient_search_results.php?query=(_QU5E__1__________15__[]_1_1)&amp;sos_l=fr">Recettes avec fromage Parmigiano</a></td></tr><tr role="row" class="odd"><td tabindex="0"><i class="fa fa-thumbs-down"></i></td><td class=" not_printable"><div class="addToGL" data-soscuisine-aisle="5" data-soscuisine-sip="3939567"><i class="fa fa-cart-plus" title="Ajouter à ma liste d'épicerie"></i><div></div></div></td><td><img class="storeItemImage" alt="fromage provolone" src="/media/images/store_item/blank.jpg"></td><td>fromage provolone</td><td class="not_printable sorting_1">produits laitiers &amp; oeufs</td><td><img style="width:50%;" src="/media/images/logos/marchands/10.png" alt="Bonichoix "></td><td><span itemprop="price">4,99 $</span><span itemprop="eligibleQuantity" itemscope="" itemtype="http://schema.org/QuantitativeValue">/<span itemprop="unitText">140g</span></span></td><td>3,56 $/100g</td><td style="display: none;">2020-02-26</td><td style="display: none;"></td><td style="display: none;">Kingsey</td><td style="display: none;"></td><td style="display: none;"></td><td style="display: none;"></td><td style="display: none;">tranché</td><td style="display: none;"></td><td style="display: none;"></td></tr><tr role="row" class="even"><td tabindex="0"><i class="fas fa-hand-rock"></i></td><td class=" not_printable"><div class="addToGL" data-soscuisine-aisle="5" data-soscuisine-sip="3938673"><i class="fa fa-cart-plus" title="Ajouter à ma liste d'épicerie"></i><div></div></div></td><td><img class="storeItemImage" alt="fromage provolone" src="/media/images/store_item/blank.jpg"></td><td>fromage provolone</td><td class="not_printable sorting_1">produits laitiers &amp; oeufs</td><td><img style="width:50%;" src="/media/images/logos/marchands/69.png" alt="Intermarché (Provincial)"></td><td><span itemprop="price">1,99 $</span><span itemprop="eligibleQuantity" itemscope="" itemtype="http://schema.org/QuantitativeValue">/<span itemprop="unitText">100g</span></span></td><td>1,99 $/100g</td><td style="display: none;">2020-02-26</td><td style="display: none;"></td><td style="display: none;">Saputo</td><td style="display: none;"></td><td style="display: none;"></td><td style="display: none;"></td><td style="display: none;"></td><td style="display: none;"></td><td style="display: none;"></td></tr><tr role="row" class="odd"><td tabindex="0"><i class="fa fa-thumbs-down"></i></td><td class=" not_printable"><div class="addToGL" data-soscuisine-aisle="5" data-soscuisine-sip="3938411"><i class="fa fa-cart-plus" title="Ajouter à ma liste d'épicerie"></i><div></div></div></td><td><img class="storeItemImage" alt="fromage provolone" src="/media/images/store_item/blank.jpg"></td><td>fromage provolone</td><td class="not_printable sorting_1">produits laitiers &amp; oeufs</td><td><img style="width:50%;" src="/media/images/logos/marchands/7.png" alt="Intermarché (Saveurs intl.)"></td><td><span itemprop="price">2,99 $</span><span itemprop="eligibleQuantity" itemscope="" itemtype="http://schema.org/QuantitativeValue">/<span itemprop="unitText">100g</span></span></td><td>2,99 $/100g</td><td style="display: none;">2020-02-26</td><td style="display: none;"></td><td style="display: none;"></td><td style="display: none;"></td><td style="display: none;"></td><td style="display: none;"></td><td style="display: none;"></td><td style="display: none;">Auricchio</td><td style="display: none;"></td></tr><tr role="row" class="even"><td tabindex="0"><i class="fa fa-thumbs-up"></i><i class="fa fa-thumbs-up"></i></td><td class=" not_printable"><div class="addToGL" data-soscuisine-aisle="5" data-soscuisine-sip="3938981"><i class="fa fa-cart-plus" title="Ajouter à ma liste d'épicerie"></i><div></div></div></td><td><img class="storeItemImage" alt="fromage provolone" src="/media/images/store_item/blank.jpg"></td><td>fromage provolone</td><td class="not_printable sorting_1">produits laitiers &amp; oeufs</td><td><img style="width:50%;" src="/media/images/logos/marchands/64.png" alt="Mourelatos"></td><td><span itemprop="price">7,99 $</span><span itemprop="eligibleQuantity" itemscope="" itemtype="http://schema.org/QuantitativeValue">/<span itemprop="unitText">lb</span></span></td><td>1,76 $/100g</td><td style="display: none;">2020-02-25</td><td style="display: none;"></td><td style="display: none;">Saputo</td><td style="display: none;"></td><td style="display: none;"></td><td style="display: none;"></td><td style="display: none;"></td><td style="display: none;"></td><td style="display: none;"></td></tr><tr role="row" class="odd"><td tabindex="0"><i class="fa fa-thumbs-down"></i></td><td class=" not_printable"><div class="addToGL" data-soscuisine-aisle="5" data-soscuisine-sip="3939799"><i class="fa fa-cart-plus" title="Ajouter à ma liste d'épicerie"></i><div></div></div></td><td><img class="storeItemImage" alt="fromage ricotta" src="/media/images/store_item/blank.jpg"></td><td>fromage ricotta</td><td class="not_printable sorting_1">produits laitiers &amp; oeufs</td><td><img style="width:50%;" src="/media/images/logos/marchands/10.png" alt="Bonichoix "></td><td><span itemprop="price">4,49 $</span><span itemprop="eligibleQuantity" itemscope="" itemtype="http://schema.org/QuantitativeValue">/<span itemprop="unitText">300g</span></span></td><td>1,50 $/100g</td><td style="display: none;">2020-02-26</td><td style="display: none;"></td><td style="display: none;">Saputo</td><td style="display: none;"></td><td style="display: none;"></td><td style="display: none;"></td><td style="display: none;"></td><td style="display: none;"></td><td style="display: none;"><a class="recipeLink" href="/recipe_ingredient_search_results.php?query=(_QU5E__1__________427__[]_1_1)&amp;sos_l=fr">Recettes avec fromage ricotta</a></td></tr><tr role="row" class="even"><td tabindex="0"><i class="fa fa-thumbs-down"></i></td><td class=" not_printable"><div class="addToGL" data-soscuisine-aisle="5" data-soscuisine-sip="3939423"><i class="fa fa-cart-plus" title="Ajouter à ma liste d'épicerie"></i><div></div></div></td><td><img class="storeItemImage" alt="fromage ricotta" src="/media/images/store_item/blank.jpg"></td><td>fromage ricotta</td><td class="not_printable sorting_1">produits laitiers &amp; oeufs</td><td><img style="width:50%;" src="/media/images/logos/marchands/3.png" alt="IGA"></td><td><span itemprop="price">9,50 $</span><span itemprop="eligibleQuantity" itemscope="" itemtype="http://schema.org/QuantitativeValue">/<span itemprop="value">2</span>x<span itemprop="unitText">400g</span></span></td><td>1,19 $/100g</td><td style="display: none;">2020-02-26</td><td style="display: none;"></td><td style="display: none;">Saputo</td><td style="display: none;"></td><td style="display: none;"></td><td style="display: none;"></td><td style="display: none;"></td><td style="display: none;"></td><td style="display: none;"><a class="recipeLink" href="/recipe_ingredient_search_results.php?query=(_QU5E__1__________427__[]_1_1)&amp;sos_l=fr">Recettes avec fromage ricotta</a></td></tr><tr role="row" class="odd"><td tabindex="0"><i class="fa fa-thumbs-down"></i></td><td class=" not_printable"><div class="addToGL" data-soscuisine-aisle="5" data-soscuisine-sip="3938257"><i class="fa fa-cart-plus" title="Ajouter à ma liste d'épicerie"></i><div></div></div></td><td><img class="storeItemImage" alt="fromage ricotta" src="/media/images/store_item/blank.jpg"></td><td>fromage ricotta</td><td class="not_printable sorting_1">produits laitiers &amp; oeufs</td><td><img style="width:50%;" src="/media/images/logos/marchands/2.png" alt="Provigo"></td><td><span itemprop="price">5,49 $</span><span itemprop="eligibleQuantity" itemscope="" itemtype="http://schema.org/QuantitativeValue">/<span itemprop="unitText">454g (1lb)</span></span></td><td>1,21 $/100g</td><td style="display: none;">2020-02-26</td><td style="display: none;"></td><td style="display: none;">marque maison</td><td style="display: none;"></td><td style="display: none;"></td><td style="display: none;"></td><td style="display: none;"></td><td style="display: none;"></td><td style="display: none;"><a class="recipeLink" href="/recipe_ingredient_search_results.php?query=(_QU5E__1__________427__[]_1_1)&amp;sos_l=fr">Recettes avec fromage ricotta</a></td></tr><tr role="row" class="even"><td tabindex="0"><i class="fa fa-thumbs-up"></i><i class="fa fa-thumbs-up"></i></td><td class=" not_printable"><div class="addToGL" data-soscuisine-aisle="5" data-soscuisine-sip="3938979"><i class="fa fa-cart-plus" title="Ajouter à ma liste d'épicerie"></i><div></div></div></td><td><img class="storeItemImage" alt="fromage romano" src="/media/images/store_item/blank.jpg"></td><td>fromage romano</td><td class="not_printable sorting_1">produits laitiers &amp; oeufs</td><td><img style="width:50%;" src="/media/images/logos/marchands/64.png" alt="Mourelatos"></td><td><span itemprop="price">8,99 $</span><span itemprop="eligibleQuantity" itemscope="" itemtype="http://schema.org/QuantitativeValue">/<span itemprop="unitText">lb</span></span></td><td>1,98 $/100g</td><td style="display: none;">2020-02-25</td><td style="display: none;">Italie</td><td style="display: none;"></td><td style="display: none;"></td><td style="display: none;"></td><td style="display: none;"></td><td style="display: none;"></td><td style="display: none;"></td><td style="display: none;"><a class="recipeLink" href="/recipe_ingredient_search_results.php?query=(_QU5E__1__________309__[]_1_1)&amp;sos_l=fr">Recettes avec fromage romano</a></td></tr><tr role="row" class="odd"><td tabindex="0"><i class="fa fa-thumbs-up"></i><i class="fa fa-thumbs-up"></i></td><td class=" not_printable"><div class="addToGL" data-soscuisine-aisle="5" data-soscuisine-sip="3939661"><i class="fa fa-cart-plus" title="Ajouter à ma liste d'épicerie"></i><div></div></div></td><td><img class="storeItemImage" alt="fromage sans lactose" src="/media/images/store_item/blank.jpg"></td><td>fromage sans lactose</td><td class="not_printable sorting_1">produits laitiers &amp; oeufs</td><td><img style="width:50%;" src="/media/images/logos/marchands/10.png" alt="Bonichoix "></td><td><span itemprop="price">4,99 $</span><span itemprop="eligibleQuantity" itemscope="" itemtype="http://schema.org/QuantitativeValue">/<span itemprop="unitText">270g</span></span></td><td>1,85 $/100g</td><td style="display: none;">2020-02-26</td><td style="display: none;"></td><td style="display: none;">Allegro</td><td style="display: none;"></td><td style="display: none;"></td><td style="display: none;"></td><td style="display: none;"></td><td style="display: none;"></td><td style="display: none;"><a class="recipeLink" href="/recipe_ingredient_search_results.php?query=(_QU5E__1__________1001__[]_1_1)&amp;sos_l=fr">Recettes avec fromage sans lactose</a></td></tr><tr role="row" class="even"><td tabindex="0"><i class="fa fa-thumbs-up"></i><i class="fa fa-thumbs-up"></i></td><td class=" not_printable"><div class="addToGL" data-soscuisine-aisle="5" data-soscuisine-sip="3939653"><i class="fa fa-cart-plus" title="Ajouter à ma liste d'épicerie"></i><div></div></div></td><td><img class="storeItemImage" alt="fromage sans lactose" src="/media/images/store_item/blank.jpg"></td><td>fromage sans lactose</td><td class="not_printable sorting_1">produits laitiers &amp; oeufs</td><td><img style="width:50%;" src="/media/images/logos/marchands/3.png" alt="IGA"></td><td><span itemprop="price">4,99 $</span><span itemprop="eligibleQuantity" itemscope="" itemtype="http://schema.org/QuantitativeValue">/<span itemprop="unitText">270g</span></span></td><td>1,85 $/100g</td><td style="display: none;">2020-02-26</td><td style="display: none;"></td><td style="display: none;">Allegro</td><td style="display: none;"></td><td style="display: none;"></td><td style="display: none;"></td><td style="display: none;"></td><td style="display: none;"></td><td style="display: none;"><a class="recipeLink" href="/recipe_ingredient_search_results.php?query=(_QU5E__1__________1001__[]_1_1)&amp;sos_l=fr">Recettes avec fromage sans lactose</a></td></tr><tr role="row" class="odd"><td tabindex="0"><i class="fa fa-thumbs-up"></i><i class="fa fa-thumbs-up"></i></td><td class=" not_printable"><div class="addToGL" data-soscuisine-aisle="5" data-soscuisine-sip="3937789"><i class="fa fa-cart-plus" title="Ajouter à ma liste d'épicerie"></i><div></div></div></td><td><img class="storeItemImage" alt="fromage sans lactose" src="/media/images/store_item/blank.jpg"></td><td>fromage sans lactose</td><td class="not_printable sorting_1">produits laitiers &amp; oeufs</td><td><img style="width:50%;" src="/media/images/logos/marchands/1.png" alt="Metro"></td><td><span itemprop="price">4,99 $</span><span itemprop="eligibleQuantity" itemscope="" itemtype="http://schema.org/QuantitativeValue">/<span itemprop="unitText">270g</span></span></td><td>1,85 $/100g</td><td style="display: none;">2020-02-26</td><td style="display: none;">Québec</td><td style="display: none;">Riviera</td><td style="display: none;"></td><td style="display: none;">type Cheddar</td><td style="display: none;"></td><td style="display: none;"></td><td style="display: none;"></td><td style="display: none;"><a class="recipeLink" href="/recipe_ingredient_search_results.php?query=(_QU5E__1__________1001__[]_1_1)&amp;sos_l=fr">Recettes avec fromage sans lactose</a></td></tr><tr role="row" class="even"><td tabindex="0"><i class="fas fa-hand-rock"></i></td><td class=" not_printable"><div class="addToGL" data-soscuisine-aisle="5" data-soscuisine-sip="3940599"><i class="fa fa-cart-plus" title="Ajouter à ma liste d'épicerie"></i><div></div></div></td><td><img class="storeItemImage" alt="fromage, Monterey Jack" src="/media/images/store_item/blank.jpg"></td><td>fromage, Monterey Jack</td><td class="not_printable sorting_1">produits laitiers &amp; oeufs</td><td><img style="width:50%;" src="/media/images/logos/marchands/5.png" alt="Super C"></td><td><span itemprop="price">3,99 $</span><span itemprop="eligibleQuantity" itemscope="" itemtype="http://schema.org/QuantitativeValue">/<span itemprop="unitText">160g (5,6oz)</span></span></td><td>24,94 $/kg</td><td style="display: none;">2020-02-26</td><td style="display: none;"></td><td style="display: none;">marque maison</td><td style="display: none;"></td><td style="display: none;"></td><td style="display: none;"></td><td style="display: none;">tranché</td><td style="display: none;"></td><td style="display: none;"><a class="recipeLink" href="/recipe_ingredient_search_results.php?query=(_QU5E__1__________902__[]_1_1)&amp;sos_l=fr">Recettes avec fromage, Monterey Jack</a></td></tr><tr role="row" class="odd"><td tabindex="0"><i class="fa fa-thumbs-up"></i><i class="fa fa-thumbs-up"></i></td><td class=" not_printable"><div class="addToGL" data-soscuisine-aisle="5" data-soscuisine-sip="3939159"><i class="fa fa-cart-plus" title="Ajouter à ma liste d'épicerie"></i><div></div></div></td><td><img class="storeItemImage" alt="kefir" src="/media/images/store_item/blank.jpg"></td><td>kefir</td><td class="not_printable sorting_1">produits laitiers &amp; oeufs</td><td><img style="width:50%;" src="/media/images/logos/marchands/63.png" alt="Marché Adonis"></td><td><span itemprop="price">1,99 $</span><span itemprop="eligibleQuantity" itemscope="" itemtype="http://schema.org/QuantitativeValue">/<span itemprop="unitText">500g</span></span></td><td>0,40 $/100g</td><td style="display: none;">2020-02-26</td><td style="display: none;"></td><td style="display: none;">Astro</td><td style="display: none;"></td><td style="display: none;"></td><td style="display: none;"></td><td style="display: none;"></td><td style="display: none;"></td><td style="display: none;"><a class="recipeLink" href="/recipe_ingredient_search_results.php?query=(_QU5E__1__________422__[]_1_1)&amp;sos_l=fr">Recettes avec kefir</a></td></tr><tr role="row" class="even"><td tabindex="0"><i class="fas fa-exclamation"></i></td><td class=" not_printable"><div class="addToGL" data-soscuisine-aisle="5" data-soscuisine-sip="3937781"><i class="fa fa-cart-plus" title="Ajouter à ma liste d'épicerie"></i><div></div></div></td><td><img class="storeItemImage" alt="kefir, sans produits laitiers" src="/media/images/store_item/blank.jpg"></td><td>kefir, sans produits laitiers</td><td class="not_printable sorting_1">produits laitiers &amp; oeufs</td><td><img style="width:50%;" src="/media/images/logos/marchands/1.png" alt="Metro"></td><td><span itemprop="price">4,49 $</span><span itemprop="eligibleQuantity" itemscope="" itemtype="http://schema.org/QuantitativeValue">/<span itemprop="unitText">32oz (946mL)</span></span></td><td>0,54 $/100g</td><td style="display: none;">2020-02-26</td><td style="display: none;"></td><td style="display: none;"></td><td style="display: none;"></td><td style="display: none;"></td><td style="display: none;"></td><td style="display: none;"></td><td style="display: none;">Riviera</td><td style="display: none;"><a class="recipeLink" href="/recipe_ingredient_search_results.php?query=(_QU5E__1__________1271__[]_1_1)&amp;sos_l=fr">Recettes avec kefir, sans produits laitiers</a></td></tr><tr role="row" class="odd"><td tabindex="0"><i class="fa fa-thumbs-up"></i><i class="fa fa-thumbs-up"></i></td><td class=" not_printable"><div class="addToGL" data-soscuisine-aisle="5" data-soscuisine-sip="3938959"><i class="fa fa-cart-plus" title="Ajouter à ma liste d'épicerie"></i><div></div></div></td><td><img class="storeItemImage" alt="lait au chocolat" src="/media/images/store_item/blank.jpg"></td><td>lait au chocolat</td><td class="not_printable sorting_1">produits laitiers &amp; oeufs</td><td><img style="width:50%;" src="/media/images/logos/marchands/3.png" alt="IGA"></td><td><span itemprop="price">2,99 $</span><span itemprop="eligibleQuantity" itemscope="" itemtype="http://schema.org/QuantitativeValue">/<span itemprop="unitText">2L</span></span></td><td>1,50 $/L</td><td style="display: none;">2020-02-26</td><td style="display: none;"></td><td style="display: none;">Québon Ultracrème</td><td style="display: none;"></td><td style="display: none;"></td><td style="display: none;"></td><td style="display: none;"></td><td style="display: none;">ou Béatrice, Sealtest</td><td style="display: none;"><a class="recipeLink" href="/recipe_ingredient_search_results.php?query=(_QU5E__1__________1167__[]_1_1)&amp;sos_l=fr">Recettes avec lait au chocolat</a></td></tr><tr role="row" class="even"><td tabindex="0"><i class="fas fa-hand-rock"></i></td><td class=" not_printable"><div class="addToGL" data-soscuisine-aisle="5" data-soscuisine-sip="3939757"><i class="fa fa-cart-plus" title="Ajouter à ma liste d'épicerie"></i><div></div></div></td><td><img class="storeItemImage" alt="lait au chocolat" src="/media/images/store_item/blank.jpg"></td><td>lait au chocolat</td><td class="not_printable sorting_1">produits laitiers &amp; oeufs</td><td><img style="width:50%;" src="/media/images/logos/marchands/3.png" alt="IGA"></td><td><span itemprop="price">4,29 $</span><span itemprop="eligibleQuantity" itemscope="" itemtype="http://schema.org/QuantitativeValue">/<span itemprop="unitText">2L</span></span></td><td>2,14 $/L</td><td style="display: none;">2020-02-26</td><td style="display: none;"></td><td style="display: none;">Natrel</td><td style="display: none;"></td><td style="display: none;"></td><td style="display: none;"></td><td style="display: none;"></td><td style="display: none;"></td><td style="display: none;"><a class="recipeLink" href="/recipe_ingredient_search_results.php?query=(_QU5E__1__________1167__[]_1_1)&amp;sos_l=fr">Recettes avec lait au chocolat</a></td></tr><tr role="row" class="odd"><td tabindex="0"><i class="fa fa-thumbs-down"></i></td><td class=" not_printable"><div class="addToGL" data-soscuisine-aisle="5" data-soscuisine-sip="3939781"><i class="fa fa-cart-plus" title="Ajouter à ma liste d'épicerie"></i><div></div></div></td><td><img class="storeItemImage" alt="lait au chocolat" src="/media/images/store_item/blank.jpg"></td><td>lait au chocolat</td><td class="not_printable sorting_1">produits laitiers &amp; oeufs</td><td><img style="width:50%;" src="/media/images/logos/marchands/3.png" alt="IGA"></td><td><span itemprop="price">5,59 $</span><span itemprop="eligibleQuantity" itemscope="" itemtype="http://schema.org/QuantitativeValue">/<span itemprop="unitText">2L</span></span></td><td>2,80 $/L</td><td style="display: none;">2020-02-26</td><td style="display: none;">Québec</td><td style="display: none;">Natrel</td><td style="display: none;"></td><td style="display: none;"></td><td style="display: none;">Bio</td><td style="display: none;"></td><td style="display: none;"></td><td style="display: none;"><a class="recipeLink" href="/recipe_ingredient_search_results.php?query=(_QU5E__1__________1167__[]_1_1)&amp;sos_l=fr">Recettes avec lait au chocolat</a></td></tr><tr role="row" class="even"><td tabindex="0"><i class="fa fa-thumbs-down"></i></td><td class=" not_printable"><div class="addToGL" data-soscuisine-aisle="5" data-soscuisine-sip="3939803"><i class="fa fa-cart-plus" title="Ajouter à ma liste d'épicerie"></i><div></div></div></td><td><img class="storeItemImage" alt="lait au chocolat" src="/media/images/store_item/blank.jpg"></td><td>lait au chocolat</td><td class="not_printable sorting_1">produits laitiers &amp; oeufs</td><td><img style="width:50%;" src="/media/images/logos/marchands/3.png" alt="IGA"></td><td><span itemprop="price">4,29 $</span><span itemprop="eligibleQuantity" itemscope="" itemtype="http://schema.org/QuantitativeValue">/<span itemprop="value">6</span>x<span itemprop="unitText">236mL</span></span></td><td>3,03 $/L</td><td style="display: none;">2020-02-26</td><td style="display: none;"></td><td style="display: none;">Lactantia</td><td style="display: none;"></td><td style="display: none;"></td><td style="display: none;"></td><td style="display: none;"></td><td style="display: none;"></td><td style="display: none;"><a class="recipeLink" href="/recipe_ingredient_search_results.php?query=(_QU5E__1__________1167__[]_1_1)&amp;sos_l=fr">Recettes avec lait au chocolat</a></td></tr><tr role="row" class="odd"><td tabindex="0"><i class="fa fa-thumbs-up"></i></td><td class=" not_printable"><div class="addToGL" data-soscuisine-aisle="5" data-soscuisine-sip="3938295"><i class="fa fa-cart-plus" title="Ajouter à ma liste d'épicerie"></i><div></div></div></td><td><img class="storeItemImage" alt="lait au chocolat" src="/media/images/store_item/blank.jpg"></td><td>lait au chocolat</td><td class="not_printable sorting_1">produits laitiers &amp; oeufs</td><td><img style="width:50%;" src="/media/images/logos/marchands/2.png" alt="Provigo"></td><td><span itemprop="price">3,49 $</span><span itemprop="eligibleQuantity" itemscope="" itemtype="http://schema.org/QuantitativeValue">/<span itemprop="unitText">2L</span></span></td><td>1,75 $/L</td><td style="display: none;">2020-02-26</td><td style="display: none;"></td><td style="display: none;">Québon Ultracrème</td><td style="display: none;"></td><td style="display: none;"></td><td style="display: none;"></td><td style="display: none;"></td><td style="display: none;"></td><td style="display: none;"><a class="recipeLink" href="/recipe_ingredient_search_results.php?query=(_QU5E__1__________1167__[]_1_1)&amp;sos_l=fr">Recettes avec lait au chocolat</a></td></tr><tr role="row" class="even"><td tabindex="0"><i class="fas fa-exclamation"></i></td><td class=" not_printable"><div class="addToGL" data-soscuisine-aisle="5" data-soscuisine-sip="3938857"><i class="fa fa-cart-plus" title="Ajouter à ma liste d'épicerie"></i><div></div></div></td><td><img class="storeItemImage" alt="lait au chocolat, sans lactose" src="/media/images/store_item/blank.jpg"></td><td>lait au chocolat, sans lactose</td><td class="not_printable sorting_1">produits laitiers &amp; oeufs</td><td><img style="width:50%;" src="/media/images/logos/marchands/93.png" alt="Rachelle Béry"></td><td><span itemprop="price">5,29 $</span><span itemprop="eligibleQuantity" itemscope="" itemtype="http://schema.org/QuantitativeValue">/<span itemprop="unitText">2L</span></span></td><td>2,64 $/L</td><td style="display: none;">2020-03-04</td><td style="display: none;"></td><td style="display: none;">Natrel</td><td style="display: none;"></td><td style="display: none;"></td><td style="display: none;"></td><td style="display: none;"></td><td style="display: none;"></td><td style="display: none;"></td></tr><tr role="row" class="odd"><td tabindex="0"><i class="fa fa-thumbs-down"></i></td><td class=" not_printable"><div class="addToGL" data-soscuisine-aisle="5" data-soscuisine-sip="3912891"><i class="fa fa-cart-plus" title="Ajouter à ma liste d'épicerie"></i><div></div></div></td><td><img class="storeItemImage" alt="lait BIO" src="/media/images/store_item/blank.jpg"></td><td>lait BIO</td><td class="not_printable sorting_1">produits laitiers &amp; oeufs</td><td><img style="width:50%;" src="/media/images/logos/marchands/94.png" alt="Avril"></td><td><span itemprop="price">5,99 $</span><span itemprop="eligibleQuantity" itemscope="" itemtype="http://schema.org/QuantitativeValue">/<span itemprop="unitText">2L</span></span></td><td>2,99 $/L</td><td style="display: none;">2020-03-03</td><td style="display: none;"></td><td style="display: none;">Natrel</td><td style="display: none;"></td><td style="display: none;"></td><td style="display: none;"></td><td style="display: none;"></td><td style="display: none;"></td><td style="display: none;"><a class="recipeLink" href="/recipe_ingredient_search_results.php?query=(_QU5E__1__________796__[]_1_1)&amp;sos_l=fr">Recettes avec lait BIO</a></td></tr><tr role="row" class="even"><td tabindex="0"><i class="fa fa-thumbs-down"></i></td><td class=" not_printable"><div class="addToGL" data-soscuisine-aisle="5" data-soscuisine-sip="3939471"><i class="fa fa-cart-plus" title="Ajouter à ma liste d'épicerie"></i><div></div></div></td><td><img class="storeItemImage" alt="lait partiellement écrémé 2 %" src="/media/images/store_item/blank.jpg"></td><td>lait partiellement écrémé 2 %</td><td class="not_printable sorting_1">produits laitiers &amp; oeufs</td><td><img style="width:50%;" src="/media/images/logos/marchands/3.png" alt="IGA"></td><td><span itemprop="price">4,29 $</span><span itemprop="eligibleQuantity" itemscope="" itemtype="http://schema.org/QuantitativeValue">/<span itemprop="unitText">2L</span></span></td><td>2,14 $/L</td><td style="display: none;">2020-02-26</td><td style="display: none;"></td><td style="display: none;">Natrel</td><td style="display: none;"></td><td style="display: none;"></td><td style="display: none;"></td><td style="display: none;"></td><td style="display: none;"></td><td style="display: none;"><a class="recipeLink" href="/recipe_ingredient_search_results.php?query=(_QU5E__1__________19__[]_1_1)&amp;sos_l=fr">Recettes avec lait partiellement écrémé 2 %</a></td></tr><tr role="row" class="odd"><td tabindex="0"><i class="fa fa-thumbs-down"></i></td><td class=" not_printable"><div class="addToGL" data-soscuisine-aisle="5" data-soscuisine-sip="3939641"><i class="fa fa-cart-plus" title="Ajouter à ma liste d'épicerie"></i><div></div></div></td><td><img class="storeItemImage" alt="lait partiellement écrémé 2 %" src="/media/images/store_item/blank.jpg"></td><td>lait partiellement écrémé 2 %</td><td class="not_printable sorting_1">produits laitiers &amp; oeufs</td><td><img style="width:50%;" src="/media/images/logos/marchands/3.png" alt="IGA"></td><td><span itemprop="price">4,99 $</span><span itemprop="eligibleQuantity" itemscope="" itemtype="http://schema.org/QuantitativeValue">/<span itemprop="unitText">1,5L</span></span></td><td>3,33 $/L</td><td style="display: none;">2020-02-26</td><td style="display: none;"></td><td style="display: none;">Lactantia</td><td style="display: none;"></td><td style="display: none;"></td><td style="display: none;"></td><td style="display: none;"></td><td style="display: none;"></td><td style="display: none;"><a class="recipeLink" href="/recipe_ingredient_search_results.php?query=(_QU5E__1__________19__[]_1_1)&amp;sos_l=fr">Recettes avec lait partiellement écrémé 2 %</a></td></tr><tr role="row" class="even"><td tabindex="0"><i class="fas fa-hand-rock"></i></td><td class=" not_printable"><div class="addToGL" data-soscuisine-aisle="5" data-soscuisine-sip="3938701"><i class="fa fa-cart-plus" title="Ajouter à ma liste d'épicerie"></i><div></div></div></td><td><img class="storeItemImage" alt="lait partiellement écrémé 2 %" src="/media/images/store_item/blank.jpg"></td><td>lait partiellement écrémé 2 %</td><td class="not_printable sorting_1">produits laitiers &amp; oeufs</td><td><img style="width:50%;" src="/media/images/logos/marchands/69.png" alt="Intermarché (Provincial)"></td><td><span itemprop="price">7,49 $</span><span itemprop="eligibleQuantity" itemscope="" itemtype="http://schema.org/QuantitativeValue">/<span itemprop="unitText">4L</span></span></td><td>1,87 $/L</td><td style="display: none;">2020-02-26</td><td style="display: none;"></td><td style="display: none;">Lactantia</td><td style="display: none;"></td><td style="display: none;"></td><td style="display: none;"></td><td style="display: none;"></td><td style="display: none;"></td><td style="display: none;"><a class="recipeLink" href="/recipe_ingredient_search_results.php?query=(_QU5E__1__________19__[]_1_1)&amp;sos_l=fr">Recettes avec lait partiellement écrémé 2 %</a></td></tr><tr role="row" class="odd"><td tabindex="0"><i class="fas fa-hand-rock"></i></td><td class=" not_printable"><div class="addToGL" data-soscuisine-aisle="5" data-soscuisine-sip="3938463"><i class="fa fa-cart-plus" title="Ajouter à ma liste d'épicerie"></i><div></div></div></td><td><img class="storeItemImage" alt="lait partiellement écrémé 2 %" src="/media/images/store_item/blank.jpg"></td><td>lait partiellement écrémé 2 %</td><td class="not_printable sorting_1">produits laitiers &amp; oeufs</td><td><img style="width:50%;" src="/media/images/logos/marchands/7.png" alt="Intermarché (Saveurs intl.)"></td><td><span itemprop="price">7,49 $</span><span itemprop="eligibleQuantity" itemscope="" itemtype="http://schema.org/QuantitativeValue">/<span itemprop="unitText">4L</span></span></td><td>1,87 $/L</td><td style="display: none;">2020-02-26</td><td style="display: none;"></td><td style="display: none;">Lactantia</td><td style="display: none;"></td><td style="display: none;"></td><td style="display: none;"></td><td style="display: none;"></td><td style="display: none;"></td><td style="display: none;"><a class="recipeLink" href="/recipe_ingredient_search_results.php?query=(_QU5E__1__________19__[]_1_1)&amp;sos_l=fr">Recettes avec lait partiellement écrémé 2 %</a></td></tr><tr role="row" class="even"><td tabindex="0"><i class="fa fa-thumbs-up"></i></td><td class=" not_printable"><div class="addToGL" data-soscuisine-aisle="5" data-soscuisine-sip="3939165"><i class="fa fa-cart-plus" title="Ajouter à ma liste d'épicerie"></i><div></div></div></td><td><img class="storeItemImage" alt="lait partiellement écrémé 2 %" src="/media/images/store_item/blank.jpg"></td><td>lait partiellement écrémé 2 %</td><td class="not_printable sorting_1">produits laitiers &amp; oeufs</td><td><img style="width:50%;" src="/media/images/logos/marchands/63.png" alt="Marché Adonis"></td><td><span itemprop="price">6,99 $</span><span itemprop="eligibleQuantity" itemscope="" itemtype="http://schema.org/QuantitativeValue">/<span itemprop="unitText">4L</span></span></td><td>1,75 $/L</td><td style="display: none;">2020-02-26</td><td style="display: none;"></td><td style="display: none;">Lactantia</td><td style="display: none;"></td><td style="display: none;"></td><td style="display: none;"></td><td style="display: none;"></td><td style="display: none;"></td><td style="display: none;"><a class="recipeLink" href="/recipe_ingredient_search_results.php?query=(_QU5E__1__________19__[]_1_1)&amp;sos_l=fr">Recettes avec lait partiellement écrémé 2 %</a></td></tr><tr role="row" class="odd"><td tabindex="0"><i class="fa fa-thumbs-up"></i></td><td class=" not_printable"><div class="addToGL" data-soscuisine-aisle="5" data-soscuisine-sip="3937933"><i class="fa fa-cart-plus" title="Ajouter à ma liste d'épicerie"></i><div></div></div></td><td><img class="storeItemImage" alt="lait partiellement écrémé 2 %" src="/media/images/store_item/blank.jpg"></td><td>lait partiellement écrémé 2 %</td><td class="not_printable sorting_1">produits laitiers &amp; oeufs</td><td><img style="width:50%;" src="/media/images/logos/marchands/1.png" alt="Metro"></td><td><span itemprop="price">6,68 $</span><span itemprop="eligibleQuantity" itemscope="" itemtype="http://schema.org/QuantitativeValue">/<span itemprop="unitText">4L</span></span></td><td>1,67 $/L</td><td style="display: none;">2020-02-26</td><td style="display: none;"></td><td style="display: none;">marques variées</td><td style="display: none;"></td><td style="display: none;"></td><td style="display: none;"></td><td style="display: none;"></td><td style="display: none;"></td><td style="display: none;"><a class="recipeLink" href="/recipe_ingredient_search_results.php?query=(_QU5E__1__________19__[]_1_1)&amp;sos_l=fr">Recettes avec lait partiellement écrémé 2 %</a></td></tr><tr role="row" class="even"><td tabindex="0"><i class="fas fa-hand-rock"></i></td><td class=" not_printable"><div class="addToGL" data-soscuisine-aisle="5" data-soscuisine-sip="3937925"><i class="fa fa-cart-plus" title="Ajouter à ma liste d'épicerie"></i><div></div></div></td><td><img class="storeItemImage" alt="lait partiellement écrémé 2 %" src="/media/images/store_item/blank.jpg"></td><td>lait partiellement écrémé 2 %</td><td class="not_printable sorting_1">produits laitiers &amp; oeufs</td><td><img style="width:50%;" src="/media/images/logos/marchands/1.png" alt="Metro"></td><td><span itemprop="price">3,99 $</span><span itemprop="eligibleQuantity" itemscope="" itemtype="http://schema.org/QuantitativeValue">/<span itemprop="unitText">2L</span></span></td><td>2,00 $/L</td><td style="display: none;">2020-02-26</td><td style="display: none;"></td><td style="display: none;">Lactantia</td><td style="display: none;"></td><td style="display: none;"></td><td style="display: none;"></td><td style="display: none;"></td><td style="display: none;"></td><td style="display: none;"><a class="recipeLink" href="/recipe_ingredient_search_results.php?query=(_QU5E__1__________19__[]_1_1)&amp;sos_l=fr">Recettes avec lait partiellement écrémé 2 %</a></td></tr><tr role="row" class="odd"><td tabindex="0"><i class="fa fa-thumbs-up"></i></td><td class=" not_printable"><div class="addToGL" data-soscuisine-aisle="5" data-soscuisine-sip="3939013"><i class="fa fa-cart-plus" title="Ajouter à ma liste d'épicerie"></i><div></div></div></td><td><img class="storeItemImage" alt="lait partiellement écrémé 2 %" src="/media/images/store_item/blank.jpg"></td><td>lait partiellement écrémé 2 %</td><td class="not_printable sorting_1">produits laitiers &amp; oeufs</td><td><img style="width:50%;" src="/media/images/logos/marchands/64.png" alt="Mourelatos"></td><td><span itemprop="price">6,68 $</span><span itemprop="eligibleQuantity" itemscope="" itemtype="http://schema.org/QuantitativeValue">/<span itemprop="unitText">4L</span></span></td><td>1,67 $/L</td><td style="display: none;">2020-02-25</td><td style="display: none;"></td><td style="display: none;">Lactantia</td><td style="display: none;"></td><td style="display: none;"></td><td style="display: none;"></td><td style="display: none;"></td><td style="display: none;"></td><td style="display: none;"><a class="recipeLink" href="/recipe_ingredient_search_results.php?query=(_QU5E__1__________19__[]_1_1)&amp;sos_l=fr">Recettes avec lait partiellement écrémé 2 %</a></td></tr><tr role="row" class="even"><td tabindex="0"><i class="fa fa-thumbs-up"></i></td><td class=" not_printable"><div class="addToGL" data-soscuisine-aisle="5" data-soscuisine-sip="3939637"><i class="fa fa-cart-plus" title="Ajouter à ma liste d'épicerie"></i><div></div></div></td><td><img class="storeItemImage" alt="lait, sans lactose" src="/media/images/store_item/blank.jpg"></td><td>lait, sans lactose</td><td class="not_printable sorting_1">produits laitiers &amp; oeufs</td><td><img style="width:50%;" src="/media/images/logos/marchands/3.png" alt="IGA"></td><td><span itemprop="price">4,99 $</span><span itemprop="eligibleQuantity" itemscope="" itemtype="http://schema.org/QuantitativeValue">/<span itemprop="unitText">2L</span></span></td><td>2,49 $/L</td><td style="display: none;">2020-02-26</td><td style="display: none;"></td><td style="display: none;">Lactantia</td><td style="display: none;"></td><td style="display: none;"></td><td style="display: none;"></td><td style="display: none;"></td><td style="display: none;"></td><td style="display: none;"><a class="recipeLink" href="/recipe_ingredient_search_results.php?query=(_QU5E__1__________672__[]_1_1)&amp;sos_l=fr">Recettes avec lait, sans lactose</a></td></tr><tr role="row" class="odd"><td tabindex="0"><i class="fa fa-thumbs-down"></i></td><td class=" not_printable"><div class="addToGL" data-soscuisine-aisle="5" data-soscuisine-sip="3939633"><i class="fa fa-cart-plus" title="Ajouter à ma liste d'épicerie"></i><div></div></div></td><td><img class="storeItemImage" alt="lait, sans lactose" src="/media/images/store_item/blank.jpg"></td><td>lait, sans lactose</td><td class="not_printable sorting_1">produits laitiers &amp; oeufs</td><td><img style="width:50%;" src="/media/images/logos/marchands/3.png" alt="IGA"></td><td><span itemprop="price">4,79 $</span><span itemprop="eligibleQuantity" itemscope="" itemtype="http://schema.org/QuantitativeValue">/<span itemprop="unitText">1,5L</span></span></td><td>3,19 $/L</td><td style="display: none;">2020-02-26</td><td style="display: none;"></td><td style="display: none;">Lactantia</td><td style="display: none;"></td><td style="display: none;"></td><td style="display: none;"></td><td style="display: none;"></td><td style="display: none;"></td><td style="display: none;"><a class="recipeLink" href="/recipe_ingredient_search_results.php?query=(_QU5E__1__________672__[]_1_1)&amp;sos_l=fr">Recettes avec lait, sans lactose</a></td></tr><tr role="row" class="even"><td tabindex="0"><i class="fa fa-thumbs-down"></i></td><td class=" not_printable"><div class="addToGL" data-soscuisine-aisle="5" data-soscuisine-sip="3938855"><i class="fa fa-cart-plus" title="Ajouter à ma liste d'épicerie"></i><div></div></div></td><td><img class="storeItemImage" alt="lait, sans lactose" src="/media/images/store_item/blank.jpg"></td><td>lait, sans lactose</td><td class="not_printable sorting_1">produits laitiers &amp; oeufs</td><td><img style="width:50%;" src="/media/images/logos/marchands/93.png" alt="Rachelle Béry"></td><td><span itemprop="price">5,29 $</span><span itemprop="eligibleQuantity" itemscope="" itemtype="http://schema.org/QuantitativeValue">/<span itemprop="unitText">2L</span></span></td><td>2,64 $/L</td><td style="display: none;">2020-03-04</td><td style="display: none;"></td><td style="display: none;">Natrel</td><td style="display: none;"></td><td style="display: none;"></td><td style="display: none;"></td><td style="display: none;"></td><td style="display: none;"></td><td style="display: none;"><a class="recipeLink" href="/recipe_ingredient_search_results.php?query=(_QU5E__1__________672__[]_1_1)&amp;sos_l=fr">Recettes avec lait, sans lactose</a></td></tr><tr role="row" class="odd"><td tabindex="0"><i class="fa fa-thumbs-up"></i></td><td class=" not_printable"><div class="addToGL" data-soscuisine-aisle="5" data-soscuisine-sip="3940647"><i class="fa fa-cart-plus" title="Ajouter à ma liste d'épicerie"></i><div></div></div></td><td><img class="storeItemImage" alt="lait, sans lactose" src="/media/images/store_item/blank.jpg"></td><td>lait, sans lactose</td><td class="not_printable sorting_1">produits laitiers &amp; oeufs</td><td><img style="width:50%;" src="/media/images/logos/marchands/5.png" alt="Super C"></td><td><span itemprop="price">4,99 $</span><span itemprop="eligibleQuantity" itemscope="" itemtype="http://schema.org/QuantitativeValue">/<span itemprop="unitText">2L</span></span></td><td>2,49 $/L</td><td style="display: none;">2020-02-26</td><td style="display: none;">Québec</td><td style="display: none;">Natrel</td><td style="display: none;"></td><td style="display: none;"></td><td style="display: none;"></td><td style="display: none;"></td><td style="display: none;"></td><td style="display: none;"><a class="recipeLink" href="/recipe_ingredient_search_results.php?query=(_QU5E__1__________672__[]_1_1)&amp;sos_l=fr">Recettes avec lait, sans lactose</a></td></tr><tr role="row" class="even"><td tabindex="0"><i class="fas fa-hand-rock"></i></td><td class=" not_printable"><div class="addToGL" data-soscuisine-aisle="5" data-soscuisine-sip="3939669"><i class="fa fa-cart-plus" title="Ajouter à ma liste d'épicerie"></i><div></div></div></td><td><img class="storeItemImage" alt="oeufs" src="/media/images/store_item/blank.jpg"></td><td>oeufs</td><td class="not_printable sorting_1">produits laitiers &amp; oeufs</td><td><img style="width:50%;" src="/media/images/logos/marchands/10.png" alt="Bonichoix "></td><td><span itemprop="price">3,49 $</span><span itemprop="eligibleQuantity" itemscope="" itemtype="http://schema.org/QuantitativeValue">/<span itemprop="unitText">douzaine</span></span></td><td>0,43 $/100g</td><td style="display: none;">2020-02-26</td><td style="display: none;"></td><td style="display: none;">Nutri-Oeuf</td><td style="display: none;">extra-gros</td><td style="display: none;">blanc</td><td style="display: none;"></td><td style="display: none;"></td><td style="display: none;">ou Burnbrae</td><td style="display: none;"><a class="recipeLink" href="/recipe_ingredient_search_results.php?query=(_QU5E__1__________157__[]_1_1)&amp;sos_l=fr">Recettes avec oeufs</a></td></tr><tr role="row" class="odd"><td tabindex="0"><i class="fa fa-thumbs-up"></i><i class="fa fa-thumbs-up"></i></td><td class=" not_printable"><div class="addToGL" data-soscuisine-aisle="5" data-soscuisine-sip="3938951"><i class="fa fa-cart-plus" title="Ajouter à ma liste d'épicerie"></i><div></div></div></td><td><img class="storeItemImage" alt="oeufs" src="/media/images/store_item/blank.jpg"></td><td>oeufs</td><td class="not_printable sorting_1">produits laitiers &amp; oeufs</td><td><img style="width:50%;" src="/media/images/logos/marchands/3.png" alt="IGA"></td><td><span itemprop="price">2,88 $</span><span itemprop="eligibleQuantity" itemscope="" itemtype="http://schema.org/QuantitativeValue">/<span itemprop="unitText">paq. de 18</span></span></td><td>0,27 $/100g</td><td style="display: none;">2020-02-26</td><td style="display: none;"></td><td style="display: none;">Nutri-Oeuf</td><td style="display: none;">gros</td><td style="display: none;">blanc</td><td style="display: none;"></td><td style="display: none;"></td><td style="display: none;">ou Burnbrae</td><td style="display: none;"><a class="recipeLink" href="/recipe_ingredient_search_results.php?query=(_QU5E__1__________157__[]_1_1)&amp;sos_l=fr">Recettes avec oeufs</a></td></tr><tr role="row" class="even"><td tabindex="0"><i class="fas fa-hand-rock"></i></td><td class=" not_printable"><div class="addToGL" data-soscuisine-aisle="5" data-soscuisine-sip="3937917"><i class="fa fa-cart-plus" title="Ajouter à ma liste d'épicerie"></i><div></div></div></td><td><img class="storeItemImage" alt="oeufs" src="/media/images/store_item/blank.jpg"></td><td>oeufs</td><td class="not_printable sorting_1">produits laitiers &amp; oeufs</td><td><img style="width:50%;" src="/media/images/logos/marchands/1.png" alt="Metro"></td><td><span itemprop="price">2,99 $</span><span itemprop="eligibleQuantity" itemscope="" itemtype="http://schema.org/QuantitativeValue">/<span itemprop="unitText">douzaine</span></span></td><td>0,37 $/100g</td><td style="display: none;">2020-02-26</td><td style="display: none;"></td><td style="display: none;">marque maison</td><td style="display: none;">extra-gros</td><td style="display: none;">blanc</td><td style="display: none;"></td><td style="display: none;"></td><td style="display: none;"></td><td style="display: none;"><a class="recipeLink" href="/recipe_ingredient_search_results.php?query=(_QU5E__1__________157__[]_1_1)&amp;sos_l=fr">Recettes avec oeufs</a></td></tr><tr role="row" class="odd"><td tabindex="0"><i class="fas fa-hand-rock"></i></td><td class=" not_printable"><div class="addToGL" data-soscuisine-aisle="5" data-soscuisine-sip="3940937"><i class="fa fa-cart-plus" title="Ajouter à ma liste d'épicerie"></i><div></div></div></td><td><img class="storeItemImage" alt="oeufs" src="/media/images/store_item/blank.jpg"></td><td>oeufs</td><td class="not_printable sorting_1">produits laitiers &amp; oeufs</td><td><img style="width:50%;" src="/media/images/logos/marchands/12.png" alt="Richelieu"></td><td><span itemprop="price">2,99 $</span><span itemprop="eligibleQuantity" itemscope="" itemtype="http://schema.org/QuantitativeValue">/<span itemprop="unitText">douzaine</span></span></td><td>0,42 $/100g</td><td style="display: none;">2020-02-26</td><td style="display: none;"></td><td style="display: none;">marque maison</td><td style="display: none;">gros</td><td style="display: none;">blanc</td><td style="display: none;"></td><td style="display: none;"></td><td style="display: none;"></td><td style="display: none;"><a class="recipeLink" href="/recipe_ingredient_search_results.php?query=(_QU5E__1__________157__[]_1_1)&amp;sos_l=fr">Recettes avec oeufs</a></td></tr><tr role="row" class="even"><td tabindex="0"><i class="fa fa-thumbs-down"></i></td><td class=" not_printable"><div class="addToGL" data-soscuisine-aisle="5" data-soscuisine-sip="3940813"><i class="fa fa-cart-plus" title="Ajouter à ma liste d'épicerie"></i><div></div></div></td><td><img class="storeItemImage" alt="oeufs" src="/media/images/store_item/blank.jpg"></td><td>oeufs</td><td class="not_printable sorting_1">produits laitiers &amp; oeufs</td><td><img style="width:50%;" src="/media/images/logos/marchands/11.png" alt="Tradition"></td><td><span itemprop="price">1,99 $</span><span itemprop="eligibleQuantity" itemscope="" itemtype="http://schema.org/QuantitativeValue">/<span itemprop="unitText">paq. de 6</span></span></td><td>0,56 $/100g</td><td style="display: none;">2020-02-26</td><td style="display: none;">Québec</td><td style="display: none;">Nutri-Oeuf</td><td style="display: none;">gros</td><td style="display: none;">blanc</td><td style="display: none;">en liberté</td><td style="display: none;"></td><td style="display: none;">ou Burnbrae</td><td style="display: none;"><a class="recipeLink" href="/recipe_ingredient_search_results.php?query=(_QU5E__1__________157__[]_1_1)&amp;sos_l=fr">Recettes avec oeufs</a></td></tr><tr role="row" class="odd"><td tabindex="0"><i class="fa fa-thumbs-up"></i></td><td class=" not_printable"><div class="addToGL" data-soscuisine-aisle="5" data-soscuisine-sip="3937851"><i class="fa fa-cart-plus" title="Ajouter à ma liste d'épicerie"></i><div></div></div></td><td><img class="storeItemImage" alt="oeufs BIO" src="/media/images/store_item/blank.jpg"></td><td>oeufs BIO</td><td class="not_printable sorting_1">produits laitiers &amp; oeufs</td><td><img style="width:50%;" src="/media/images/logos/marchands/1.png" alt="Metro"></td><td><span itemprop="price">5,99 $</span><span itemprop="eligibleQuantity" itemscope="" itemtype="http://schema.org/QuantitativeValue">/<span itemprop="unitText">douzaine</span></span></td><td>0,85 $/100g</td><td style="display: none;">2020-02-26</td><td style="display: none;"></td><td style="display: none;">marque maison</td><td style="display: none;">gros</td><td style="display: none;">brun</td><td style="display: none;"></td><td style="display: none;"></td><td style="display: none;">Naturoeuf, ou Nutrioeuf</td><td style="display: none;"><a class="recipeLink" href="/recipe_ingredient_search_results.php?query=(_QU5E__1__________702__[]_1_1)&amp;sos_l=fr">Recettes avec oeufs BIO</a></td></tr><tr role="row" class="even"><td tabindex="0"><i class="fa fa-thumbs-up"></i><i class="fa fa-thumbs-up"></i></td><td class=" not_printable"><div class="addToGL" data-soscuisine-aisle="5" data-soscuisine-sip="3937411"><i class="fa fa-cart-plus" title="Ajouter à ma liste d'épicerie"></i><div></div></div></td><td><img class="storeItemImage" alt="probiotique" src="/media/images/store_item/blank.jpg"></td><td>probiotique</td><td class="not_printable sorting_1">produits laitiers &amp; oeufs</td><td><img style="width:50%;" src="/media/images/logos/marchands/95.png" alt="Marchés Tau"></td><td><span itemprop="price">12,99 $</span><span itemprop="eligibleQuantity" itemscope="" itemtype="http://schema.org/QuantitativeValue">/<span itemprop="value">6</span>x<span itemprop="unitText">98g</span></span></td><td>22,09 $/kg</td><td style="display: none;">2020-03-29</td><td style="display: none;"></td><td style="display: none;">Bio-K</td><td style="display: none;"></td><td style="display: none;"></td><td style="display: none;"></td><td style="display: none;"></td><td style="display: none;">Bio-Kidz</td><td style="display: none;"><a class="recipeLink" href="/recipe_ingredient_search_results.php?query=(_QU5E__1__________1025__[]_1_1)&amp;sos_l=fr">Recettes avec probiotique</a></td></tr><tr role="row" class="odd"><td tabindex="0"><i class="fa fa-thumbs-down"></i></td><td class=" not_printable"><div class="addToGL" data-soscuisine-aisle="5" data-soscuisine-sip="3937409"><i class="fa fa-cart-plus" title="Ajouter à ma liste d'épicerie"></i><div></div></div></td><td><img class="storeItemImage" alt="probiotique" src="/media/images/store_item/blank.jpg"></td><td>probiotique</td><td class="not_printable sorting_1">produits laitiers &amp; oeufs</td><td><img style="width:50%;" src="/media/images/logos/marchands/95.png" alt="Marchés Tau"></td><td><span itemprop="price">19,99 $</span><span itemprop="eligibleQuantity" itemscope="" itemtype="http://schema.org/QuantitativeValue">/<span itemprop="value">6</span>x<span itemprop="unitText">98g</span></span></td><td>34,00 $/kg</td><td style="display: none;">2020-03-29</td><td style="display: none;"></td><td style="display: none;">Bio-K</td><td style="display: none;"></td><td style="display: none;"></td><td style="display: none;"></td><td style="display: none;"></td><td style="display: none;"></td><td style="display: none;"><a class="recipeLink" href="/recipe_ingredient_search_results.php?query=(_QU5E__1__________1025__[]_1_1)&amp;sos_l=fr">Recettes avec probiotique</a></td></tr><tr role="row" class="even"><td tabindex="0"><i class="fas fa-hand-rock"></i></td><td class=" not_printable"><div class="addToGL" data-soscuisine-aisle="5" data-soscuisine-sip="3938851"><i class="fa fa-cart-plus" title="Ajouter à ma liste d'épicerie"></i><div></div></div></td><td><img class="storeItemImage" alt="probiotique" src="/media/images/store_item/blank.jpg"></td><td>probiotique</td><td class="not_printable sorting_1">produits laitiers &amp; oeufs</td><td><img style="width:50%;" src="/media/images/logos/marchands/93.png" alt="Rachelle Béry"></td><td><span itemprop="price">18,99 $</span><span itemprop="eligibleQuantity" itemscope="" itemtype="http://schema.org/QuantitativeValue">/<span itemprop="value">6</span>x<span itemprop="unitText">98g</span></span></td><td>32,30 $/kg</td><td style="display: none;">2020-03-04</td><td style="display: none;"></td><td style="display: none;">Bio-K</td><td style="display: none;"></td><td style="display: none;"></td><td style="display: none;"></td><td style="display: none;"></td><td style="display: none;"></td><td style="display: none;"><a class="recipeLink" href="/recipe_ingredient_search_results.php?query=(_QU5E__1__________1025__[]_1_1)&amp;sos_l=fr">Recettes avec probiotique</a></td></tr><tr role="row" class="odd"><td tabindex="0"><i class="fa fa-thumbs-down"></i></td><td class=" not_printable"><div class="addToGL" data-soscuisine-aisle="5" data-soscuisine-sip="3937799"><i class="fa fa-cart-plus" title="Ajouter à ma liste d'épicerie"></i><div></div></div></td><td><img class="storeItemImage" alt="smoothie probiotique" src="/media/images/store_item/blank.jpg"></td><td>smoothie probiotique</td><td class="not_printable sorting_1">produits laitiers &amp; oeufs</td><td><img style="width:50%;" src="/media/images/logos/marchands/1.png" alt="Metro"></td><td><span itemprop="price">0,88 $</span><span itemprop="eligibleQuantity" itemscope="" itemtype="http://schema.org/QuantitativeValue">/<span itemprop="unitText">200mL</span></span></td><td>0,44 $/100mL</td><td style="display: none;">2020-02-26</td><td style="display: none;"></td><td style="display: none;">IÖGO</td><td style="display: none;"></td><td style="display: none;"></td><td style="display: none;"></td><td style="display: none;"></td><td style="display: none;"></td><td style="display: none;"></td></tr><tr role="row" class="even"><td tabindex="0"><i class="fas fa-exclamation"></i></td><td class=" not_printable"><div class="addToGL" data-soscuisine-aisle="5" data-soscuisine-sip="3912821"><i class="fa fa-cart-plus" title="Ajouter à ma liste d'épicerie"></i><div></div></div></td><td><img class="storeItemImage" alt="tartinade végane style fromage à la crème" src="/media/images/store_item/blank.jpg"></td><td>tartinade végane style fromage à la crème</td><td class="not_printable sorting_1">produits laitiers &amp; oeufs</td><td><img style="width:50%;" src="/media/images/logos/marchands/94.png" alt="Avril"></td><td><span itemprop="price">6,99 $</span><span itemprop="eligibleQuantity" itemscope="" itemtype="http://schema.org/QuantitativeValue">/<span itemprop="value">2</span>x<span itemprop="unitText">340g (12oz)</span></span></td><td>1,03 $/100g</td><td style="display: none;">2020-03-03</td><td style="display: none;"></td><td style="display: none;">Tofutti</td><td style="display: none;"></td><td style="display: none;"></td><td style="display: none;"></td><td style="display: none;"></td><td style="display: none;"></td><td style="display: none;"><a class="recipeLink" href="/recipe_ingredient_search_results.php?query=(_QU5E__1__________1209__[]_1_1)&amp;sos_l=fr">Recettes avec tartinade végane style fromage à la crème</a></td></tr><tr role="row" class="odd"><td tabindex="0"><i class="fas fa-exclamation"></i></td><td class=" not_printable"><div class="addToGL" data-soscuisine-aisle="5" data-soscuisine-sip="3912825"><i class="fa fa-cart-plus" title="Ajouter à ma liste d'épicerie"></i><div></div></div></td><td><img class="storeItemImage" alt="tartinade végane style fromage à la crème" src="/media/images/store_item/blank.jpg"></td><td>tartinade végane style fromage à la crème</td><td class="not_printable sorting_1">produits laitiers &amp; oeufs</td><td><img style="width:50%;" src="/media/images/logos/marchands/94.png" alt="Avril"></td><td><span itemprop="price">4,79 $</span><span itemprop="eligibleQuantity" itemscope="" itemtype="http://schema.org/QuantitativeValue">/<span itemprop="unitText">340g (12oz)</span></span></td><td>1,41 $/100g</td><td style="display: none;">2020-03-03</td><td style="display: none;"></td><td style="display: none;">Tofutti</td><td style="display: none;"></td><td style="display: none;"></td><td style="display: none;"></td><td style="display: none;"></td><td style="display: none;"></td><td style="display: none;"><a class="recipeLink" href="/recipe_ingredient_search_results.php?query=(_QU5E__1__________1209__[]_1_1)&amp;sos_l=fr">Recettes avec tartinade végane style fromage à la crème</a></td></tr><tr role="row" class="even"><td tabindex="0"><i class="fas fa-hand-rock"></i></td><td class=" not_printable"><div class="addToGL" data-soscuisine-aisle="5" data-soscuisine-sip="3912877"><i class="fa fa-cart-plus" title="Ajouter à ma liste d'épicerie"></i><div></div></div></td><td><img class="storeItemImage" alt="yogourt aux fruits" src="/media/images/store_item/blank.jpg"></td><td>yogourt aux fruits</td><td class="not_printable sorting_1">produits laitiers &amp; oeufs</td><td><img style="width:50%;" src="/media/images/logos/marchands/94.png" alt="Avril"></td><td><span itemprop="price">2,49 $</span><span itemprop="eligibleQuantity" itemscope="" itemtype="http://schema.org/QuantitativeValue">/<span itemprop="unitText">500g</span></span></td><td>4,98 $/kg</td><td style="display: none;">2020-03-03</td><td style="display: none;"></td><td style="display: none;">Liberté</td><td style="display: none;"></td><td style="display: none;">méditérranée</td><td style="display: none;"></td><td style="display: none;"></td><td style="display: none;"></td><td style="display: none;"><a class="recipeLink" href="/recipe_ingredient_search_results.php?query=(_QU5E__1__________655__[]_1_1)&amp;sos_l=fr">Recettes avec yogourt aux fruits</a></td></tr><tr role="row" class="odd"><td tabindex="0"><i class="fa fa-thumbs-up"></i><i class="fa fa-thumbs-up"></i></td><td class=" not_printable"><div class="addToGL" data-soscuisine-aisle="5" data-soscuisine-sip="3939549"><i class="fa fa-cart-plus" title="Ajouter à ma liste d'épicerie"></i><div></div></div></td><td><img class="storeItemImage" alt="yogourt aux fruits" src="/media/images/store_item/blank.jpg"></td><td>yogourt aux fruits</td><td class="not_printable sorting_1">produits laitiers &amp; oeufs</td><td><img style="width:50%;" src="/media/images/logos/marchands/10.png" alt="Bonichoix "></td><td><span itemprop="price">1,99 $</span><span itemprop="eligibleQuantity" itemscope="" itemtype="http://schema.org/QuantitativeValue">/<span itemprop="unitText">650g</span></span></td><td>3,06 $/kg</td><td style="display: none;">2020-02-26</td><td style="display: none;">Québec</td><td style="display: none;">Yoplait</td><td style="display: none;"></td><td style="display: none;"></td><td style="display: none;"></td><td style="display: none;"></td><td style="display: none;"></td><td style="display: none;"><a class="recipeLink" href="/recipe_ingredient_search_results.php?query=(_QU5E__1__________655__[]_1_1)&amp;sos_l=fr">Recettes avec yogourt aux fruits</a></td></tr><tr role="row" class="even"><td tabindex="0"><i class="fa fa-thumbs-up"></i></td><td class=" not_printable"><div class="addToGL" data-soscuisine-aisle="5" data-soscuisine-sip="3939649"><i class="fa fa-cart-plus" title="Ajouter à ma liste d'épicerie"></i><div></div></div></td><td><img class="storeItemImage" alt="yogourt aux fruits" src="/media/images/store_item/blank.jpg"></td><td>yogourt aux fruits</td><td class="not_printable sorting_1">produits laitiers &amp; oeufs</td><td><img style="width:50%;" src="/media/images/logos/marchands/3.png" alt="IGA"></td><td><span itemprop="price">7,99 $</span><span itemprop="eligibleQuantity" itemscope="" itemtype="http://schema.org/QuantitativeValue">/2kg</span></td><td>3,99 $/kg</td><td style="display: none;">2020-02-26</td><td style="display: none;"></td><td style="display: none;">IÖGO</td><td style="display: none;"></td><td style="display: none;"></td><td style="display: none;"></td><td style="display: none;"></td><td style="display: none;"></td><td style="display: none;"><a class="recipeLink" href="/recipe_ingredient_search_results.php?query=(_QU5E__1__________655__[]_1_1)&amp;sos_l=fr">Recettes avec yogourt aux fruits</a></td></tr><tr role="row" class="odd"><td tabindex="0"><i class="fas fa-hand-rock"></i></td><td class=" not_printable"><div class="addToGL" data-soscuisine-aisle="5" data-soscuisine-sip="3942125"><i class="fa fa-cart-plus" title="Ajouter à ma liste d'épicerie"></i><div></div></div></td><td><img class="storeItemImage" alt="yogourt aux fruits" src="/media/images/store_item/blank.jpg"></td><td>yogourt aux fruits</td><td class="not_printable sorting_1">produits laitiers &amp; oeufs</td><td><img style="width:50%;" src="/media/images/logos/marchands/13.png" alt="Jardin Mobile"></td><td><span itemprop="price">3,49 $</span><span itemprop="eligibleQuantity" itemscope="" itemtype="http://schema.org/QuantitativeValue">/<span itemprop="unitText">750g</span></span></td><td>4,65 $/kg</td><td style="display: none;">2020-02-26</td><td style="display: none;"></td><td style="display: none;">Riviera</td><td style="display: none;"></td><td style="display: none;"></td><td style="display: none;"></td><td style="display: none;"></td><td style="display: none;"></td><td style="display: none;"><a class="recipeLink" href="/recipe_ingredient_search_results.php?query=(_QU5E__1__________655__[]_1_1)&amp;sos_l=fr">Recettes avec yogourt aux fruits</a></td></tr><tr role="row" class="even"><td tabindex="0"><i class="fa fa-thumbs-down"></i></td><td class=" not_printable"><div class="addToGL" data-soscuisine-aisle="5" data-soscuisine-sip="3942123"><i class="fa fa-cart-plus" title="Ajouter à ma liste d'épicerie"></i><div></div></div></td><td><img class="storeItemImage" alt="yogourt aux fruits" src="/media/images/store_item/blank.jpg"></td><td>yogourt aux fruits</td><td class="not_printable sorting_1">produits laitiers &amp; oeufs</td><td><img style="width:50%;" src="/media/images/logos/marchands/13.png" alt="Jardin Mobile"></td><td><span itemprop="price">3,99 $</span><span itemprop="eligibleQuantity" itemscope="" itemtype="http://schema.org/QuantitativeValue">/<span itemprop="unitText">500g</span></span></td><td>7,98 $/kg</td><td style="display: none;">2020-02-26</td><td style="display: none;"></td><td style="display: none;">Liberté</td><td style="display: none;"></td><td style="display: none;"></td><td style="display: none;"></td><td style="display: none;"></td><td style="display: none;">skyr</td><td style="display: none;"><a class="recipeLink" href="/recipe_ingredient_search_results.php?query=(_QU5E__1__________655__[]_1_1)&amp;sos_l=fr">Recettes avec yogourt aux fruits</a></td></tr><tr role="row" class="odd"><td tabindex="0"><i class="fa fa-thumbs-up"></i></td><td class=" not_printable"><div class="addToGL" data-soscuisine-aisle="5" data-soscuisine-sip="3937307"><i class="fa fa-cart-plus" title="Ajouter à ma liste d'épicerie"></i><div></div></div></td><td><img class="storeItemImage" alt="yogourt aux fruits" src="/media/images/store_item/blank.jpg"></td><td>yogourt aux fruits</td><td class="not_printable sorting_1">produits laitiers &amp; oeufs</td><td><img style="width:50%;" src="/media/images/logos/marchands/95.png" alt="Marchés Tau"></td><td><span itemprop="price">2,99 $</span><span itemprop="eligibleQuantity" itemscope="" itemtype="http://schema.org/QuantitativeValue">/<span itemprop="unitText">750g</span></span></td><td>3,99 $/kg</td><td style="display: none;">2020-03-29</td><td style="display: none;"></td><td style="display: none;">Riviera</td><td style="display: none;"></td><td style="display: none;"></td><td style="display: none;"></td><td style="display: none;"></td><td style="display: none;"></td><td style="display: none;"><a class="recipeLink" href="/recipe_ingredient_search_results.php?query=(_QU5E__1__________655__[]_1_1)&amp;sos_l=fr">Recettes avec yogourt aux fruits</a></td></tr><tr role="row" class="even"><td tabindex="0"><i class="fa fa-thumbs-up"></i><i class="fa fa-thumbs-up"></i></td><td class=" not_printable"><div class="addToGL" data-soscuisine-aisle="5" data-soscuisine-sip="3937621"><i class="fa fa-cart-plus" title="Ajouter à ma liste d'épicerie"></i><div></div></div></td><td><img class="storeItemImage" alt="yogourt aux fruits" src="/media/images/store_item/blank.jpg"></td><td>yogourt aux fruits</td><td class="not_printable sorting_1">produits laitiers &amp; oeufs</td><td><img style="width:50%;" src="/media/images/logos/marchands/1.png" alt="Metro"></td><td><span itemprop="price">1,99 $</span><span itemprop="eligibleQuantity" itemscope="" itemtype="http://schema.org/QuantitativeValue">/<span itemprop="unitText">650g</span></span></td><td>3,06 $/kg</td><td style="display: none;">2020-02-26</td><td style="display: none;"></td><td style="display: none;">Liberté</td><td style="display: none;"></td><td style="display: none;"></td><td style="display: none;"></td><td style="display: none;"></td><td style="display: none;"></td><td style="display: none;"><a class="recipeLink" href="/recipe_ingredient_search_results.php?query=(_QU5E__1__________655__[]_1_1)&amp;sos_l=fr">Recettes avec yogourt aux fruits</a></td></tr><tr role="row" class="odd"><td tabindex="0"><i class="fas fa-hand-rock"></i></td><td class=" not_printable"><div class="addToGL" data-soscuisine-aisle="5" data-soscuisine-sip="3937881"><i class="fa fa-cart-plus" title="Ajouter à ma liste d'épicerie"></i><div></div></div></td><td><img class="storeItemImage" alt="yogourt aux fruits" src="/media/images/store_item/blank.jpg"></td><td>yogourt aux fruits</td><td class="not_printable sorting_1">produits laitiers &amp; oeufs</td><td><img style="width:50%;" src="/media/images/logos/marchands/1.png" alt="Metro"></td><td><span itemprop="price">2,99 $</span><span itemprop="eligibleQuantity" itemscope="" itemtype="http://schema.org/QuantitativeValue">/<span itemprop="unitText">650g</span></span></td><td>4,60 $/kg</td><td style="display: none;">2020-02-26</td><td style="display: none;"></td><td style="display: none;">IÖGO</td><td style="display: none;"></td><td style="display: none;"></td><td style="display: none;"></td><td style="display: none;"></td><td style="display: none;"></td><td style="display: none;"><a class="recipeLink" href="/recipe_ingredient_search_results.php?query=(_QU5E__1__________655__[]_1_1)&amp;sos_l=fr">Recettes avec yogourt aux fruits</a></td></tr><tr role="row" class="even"><td tabindex="0"><i class="fas fa-hand-rock"></i></td><td class=" not_printable"><div class="addToGL" data-soscuisine-aisle="5" data-soscuisine-sip="3937787"><i class="fa fa-cart-plus" title="Ajouter à ma liste d'épicerie"></i><div></div></div></td><td><img class="storeItemImage" alt="yogourt aux fruits" src="/media/images/store_item/blank.jpg"></td><td>yogourt aux fruits</td><td class="not_printable sorting_1">produits laitiers &amp; oeufs</td><td><img style="width:50%;" src="/media/images/logos/marchands/1.png" alt="Metro"></td><td><span itemprop="price">7,00 $</span><span itemprop="eligibleQuantity" itemscope="" itemtype="http://schema.org/QuantitativeValue">/<span itemprop="value">2</span>x<span itemprop="unitText">750g</span></span></td><td>4,67 $/kg</td><td style="display: none;">2020-02-26</td><td style="display: none;"></td><td style="display: none;">Riviera</td><td style="display: none;"></td><td style="display: none;"></td><td style="display: none;"></td><td style="display: none;"></td><td style="display: none;"></td><td style="display: none;"><a class="recipeLink" href="/recipe_ingredient_search_results.php?query=(_QU5E__1__________655__[]_1_1)&amp;sos_l=fr">Recettes avec yogourt aux fruits</a></td></tr><tr role="row" class="odd"><td tabindex="0"><i class="fas fa-hand-rock"></i></td><td class=" not_printable"><div class="addToGL" data-soscuisine-aisle="5" data-soscuisine-sip="3937897"><i class="fa fa-cart-plus" title="Ajouter à ma liste d'épicerie"></i><div></div></div></td><td><img class="storeItemImage" alt="yogourt aux fruits" src="/media/images/store_item/blank.jpg"></td><td>yogourt aux fruits</td><td class="not_printable sorting_1">produits laitiers &amp; oeufs</td><td><img style="width:50%;" src="/media/images/logos/marchands/1.png" alt="Metro"></td><td><span itemprop="price">2,99 $</span><span itemprop="eligibleQuantity" itemscope="" itemtype="http://schema.org/QuantitativeValue">/<span itemprop="unitText">500g</span></span></td><td>5,98 $/kg</td><td style="display: none;">2020-02-26</td><td style="display: none;"></td><td style="display: none;">marque maison</td><td style="display: none;"></td><td style="display: none;">grecque</td><td style="display: none;"></td><td style="display: none;"></td><td style="display: none;">ou Skyr</td><td style="display: none;"><a class="recipeLink" href="/recipe_ingredient_search_results.php?query=(_QU5E__1__________655__[]_1_1)&amp;sos_l=fr">Recettes avec yogourt aux fruits</a></td></tr><tr role="row" class="even"><td tabindex="0"><i class="fa fa-thumbs-down"></i></td><td class=" not_printable"><div class="addToGL" data-soscuisine-aisle="5" data-soscuisine-sip="3937893"><i class="fa fa-cart-plus" title="Ajouter à ma liste d'épicerie"></i><div></div></div></td><td><img class="storeItemImage" alt="yogourt aux fruits" src="/media/images/store_item/blank.jpg"></td><td>yogourt aux fruits</td><td class="not_printable sorting_1">produits laitiers &amp; oeufs</td><td><img style="width:50%;" src="/media/images/logos/marchands/1.png" alt="Metro"></td><td><span itemprop="price">3,33 $</span><span itemprop="eligibleQuantity" itemscope="" itemtype="http://schema.org/QuantitativeValue">/<span itemprop="unitText">500g</span></span></td><td>6,66 $/kg</td><td style="display: none;">2020-02-26</td><td style="display: none;"></td><td style="display: none;">Olympic</td><td style="display: none;"></td><td style="display: none;"></td><td style="display: none;"></td><td style="display: none;"></td><td style="display: none;"></td><td style="display: none;"><a class="recipeLink" href="/recipe_ingredient_search_results.php?query=(_QU5E__1__________655__[]_1_1)&amp;sos_l=fr">Recettes avec yogourt aux fruits</a></td></tr><tr role="row" class="odd"><td tabindex="0"><i class="fa fa-thumbs-down"></i></td><td class=" not_printable"><div class="addToGL" data-soscuisine-aisle="5" data-soscuisine-sip="3937889"><i class="fa fa-cart-plus" title="Ajouter à ma liste d'épicerie"></i><div></div></div></td><td><img class="storeItemImage" alt="yogourt aux fruits" src="/media/images/store_item/blank.jpg"></td><td>yogourt aux fruits</td><td class="not_printable sorting_1">produits laitiers &amp; oeufs</td><td><img style="width:50%;" src="/media/images/logos/marchands/1.png" alt="Metro"></td><td><span itemprop="price">4,99 $</span><span itemprop="eligibleQuantity" itemscope="" itemtype="http://schema.org/QuantitativeValue">/<span itemprop="unitText">710g</span></span></td><td>7,03 $/kg</td><td style="display: none;">2020-02-26</td><td style="display: none;"></td><td style="display: none;">Danone</td><td style="display: none;"></td><td style="display: none;"></td><td style="display: none;"></td><td style="display: none;"></td><td style="display: none;">Light &amp; Free</td><td style="display: none;"><a class="recipeLink" href="/recipe_ingredient_search_results.php?query=(_QU5E__1__________655__[]_1_1)&amp;sos_l=fr">Recettes avec yogourt aux fruits</a></td></tr><tr role="row" class="even"><td tabindex="0"><i class="fa fa-thumbs-up"></i><i class="fa fa-thumbs-up"></i></td><td class=" not_printable"><div class="addToGL" data-soscuisine-aisle="5" data-soscuisine-sip="3940745"><i class="fa fa-cart-plus" title="Ajouter à ma liste d'épicerie"></i><div></div></div></td><td><img class="storeItemImage" alt="yogourt aux fruits" src="/media/images/store_item/blank.jpg"></td><td>yogourt aux fruits</td><td class="not_printable sorting_1">produits laitiers &amp; oeufs</td><td><img style="width:50%;" src="/media/images/logos/marchands/5.png" alt="Super C"></td><td><span itemprop="price">1,99 $</span><span itemprop="eligibleQuantity" itemscope="" itemtype="http://schema.org/QuantitativeValue">/<span itemprop="unitText">650g</span></span></td><td>3,06 $/kg</td><td style="display: none;">2020-02-26</td><td style="display: none;"></td><td style="display: none;">Yoplait</td><td style="display: none;"></td><td style="display: none;"></td><td style="display: none;"></td><td style="display: none;"></td><td style="display: none;">ou IÖGO</td><td style="display: none;"><a class="recipeLink" href="/recipe_ingredient_search_results.php?query=(_QU5E__1__________655__[]_1_1)&amp;sos_l=fr">Recettes avec yogourt aux fruits</a></td></tr><tr role="row" class="odd"><td tabindex="0"><i class="fa fa-thumbs-down"></i></td><td class=" not_printable"><div class="addToGL" data-soscuisine-aisle="5" data-soscuisine-sip="3939647"><i class="fa fa-cart-plus" title="Ajouter à ma liste d'épicerie"></i><div></div></div></td><td><img class="storeItemImage" alt="yogourt aux fruits, plus que 6% M.G." src="/media/images/store_item/blank.jpg"></td><td>yogourt aux fruits, plus que 6% M.G.</td><td class="not_printable sorting_1">produits laitiers &amp; oeufs</td><td><img style="width:50%;" src="/media/images/logos/marchands/3.png" alt="IGA"></td><td><span itemprop="price">9,99 $</span><span itemprop="eligibleQuantity" itemscope="" itemtype="http://schema.org/QuantitativeValue">/<span itemprop="value">3</span>x<span itemprop="unitText">500g</span></span></td><td>6,66 $/kg</td><td style="display: none;">2020-02-26</td><td style="display: none;"></td><td style="display: none;">Liberté</td><td style="display: none;"></td><td style="display: none;"></td><td style="display: none;"></td><td style="display: none;"></td><td style="display: none;"></td><td style="display: none;"></td></tr><tr role="row" class="even"><td tabindex="0"><i class="fa fa-thumbs-down"></i></td><td class=" not_printable"><div class="addToGL" data-soscuisine-aisle="5" data-soscuisine-sip="3938847"><i class="fa fa-cart-plus" title="Ajouter à ma liste d'épicerie"></i><div></div></div></td><td><img class="storeItemImage" alt="yogourt aux fruits, plus que 6% M.G." src="/media/images/store_item/blank.jpg"></td><td>yogourt aux fruits, plus que 6% M.G.</td><td class="not_printable sorting_1">produits laitiers &amp; oeufs</td><td><img style="width:50%;" src="/media/images/logos/marchands/93.png" alt="Rachelle Béry"></td><td><span itemprop="price">2,99 $</span><span itemprop="eligibleQuantity" itemscope="" itemtype="http://schema.org/QuantitativeValue">/<span itemprop="unitText">325g</span></span></td><td>9,20 $/kg</td><td style="display: none;">2020-03-04</td><td style="display: none;"></td><td style="display: none;">Olympic</td><td style="display: none;"></td><td style="display: none;"></td><td style="display: none;">Bio</td><td style="display: none;"></td><td style="display: none;"></td><td style="display: none;"></td></tr><tr role="row" class="odd"><td tabindex="0"><i class="fas fa-hand-rock"></i></td><td class=" not_printable"><div class="addToGL" data-soscuisine-aisle="5" data-soscuisine-sip="3940931"><i class="fa fa-cart-plus" title="Ajouter à ma liste d'épicerie"></i><div></div></div></td><td><img class="storeItemImage" alt="yogourt aux fruits, plus que 6% M.G." src="/media/images/store_item/blank.jpg"></td><td>yogourt aux fruits, plus que 6% M.G.</td><td class="not_printable sorting_1">produits laitiers &amp; oeufs</td><td><img style="width:50%;" src="/media/images/logos/marchands/12.png" alt="Richelieu"></td><td><span itemprop="price">2,99 $</span><span itemprop="eligibleQuantity" itemscope="" itemtype="http://schema.org/QuantitativeValue">/<span itemprop="unitText">500g</span></span></td><td>5,98 $/kg</td><td style="display: none;">2020-02-26</td><td style="display: none;"></td><td style="display: none;">Liberté</td><td style="display: none;"></td><td style="display: none;">méditérranée, 9%</td><td style="display: none;"></td><td style="display: none;"></td><td style="display: none;"></td><td style="display: none;"></td></tr><tr role="row" class="even"><td tabindex="0"><i class="fa fa-thumbs-down"></i></td><td class=" not_printable"><div class="addToGL" data-soscuisine-aisle="5" data-soscuisine-sip="3939645"><i class="fa fa-cart-plus" title="Ajouter à ma liste d'épicerie"></i><div></div></div></td><td><img class="storeItemImage" alt="yogourt avec probiotiques" src="/media/images/store_item/blank.jpg"></td><td>yogourt avec probiotiques</td><td class="not_printable sorting_1">produits laitiers &amp; oeufs</td><td><img style="width:50%;" src="/media/images/logos/marchands/10.png" alt="Bonichoix "></td><td><span itemprop="price">4,49 $</span><span itemprop="eligibleQuantity" itemscope="" itemtype="http://schema.org/QuantitativeValue">/<span itemprop="value">8</span>x<span itemprop="unitText">100g</span></span></td><td>5,61 $/kg</td><td style="display: none;">2020-02-26</td><td style="display: none;">Québec</td><td style="display: none;">Activia</td><td style="display: none;"></td><td style="display: none;"></td><td style="display: none;"></td><td style="display: none;"></td><td style="display: none;"></td><td style="display: none;"><a class="recipeLink" href="/recipe_ingredient_search_results.php?query=(_QU5E__1__________999__[]_1_1)&amp;sos_l=fr">Recettes avec yogourt avec probiotiques</a></td></tr><tr role="row" class="odd"><td tabindex="0"><i class="fas fa-hand-rock"></i></td><td class=" not_printable"><div class="addToGL" data-soscuisine-aisle="5" data-soscuisine-sip="3939659"><i class="fa fa-cart-plus" title="Ajouter à ma liste d'épicerie"></i><div></div></div></td><td><img class="storeItemImage" alt="yogourt avec probiotiques" src="/media/images/store_item/blank.jpg"></td><td>yogourt avec probiotiques</td><td class="not_printable sorting_1">produits laitiers &amp; oeufs</td><td><img style="width:50%;" src="/media/images/logos/marchands/3.png" alt="IGA"></td><td><span itemprop="price">9,99 $</span><span itemprop="eligibleQuantity" itemscope="" itemtype="http://schema.org/QuantitativeValue">/<span itemprop="value">24</span>x<span itemprop="unitText">100g</span></span></td><td>4,16 $/kg</td><td style="display: none;">2020-02-26</td><td style="display: none;"></td><td style="display: none;">Activia</td><td style="display: none;"></td><td style="display: none;"></td><td style="display: none;"></td><td style="display: none;"></td><td style="display: none;"></td><td style="display: none;"><a class="recipeLink" href="/recipe_ingredient_search_results.php?query=(_QU5E__1__________999__[]_1_1)&amp;sos_l=fr">Recettes avec yogourt avec probiotiques</a></td></tr><tr role="row" class="even"><td tabindex="0"><i class="fas fa-hand-rock"></i></td><td class=" not_printable"><div class="addToGL" data-soscuisine-aisle="5" data-soscuisine-sip="3939163"><i class="fa fa-cart-plus" title="Ajouter à ma liste d'épicerie"></i><div></div></div></td><td><img class="storeItemImage" alt="yogourt avec probiotiques" src="/media/images/store_item/blank.jpg"></td><td>yogourt avec probiotiques</td><td class="not_printable sorting_1">produits laitiers &amp; oeufs</td><td><img style="width:50%;" src="/media/images/logos/marchands/63.png" alt="Marché Adonis"></td><td><span itemprop="price">9,99 $</span><span itemprop="eligibleQuantity" itemscope="" itemtype="http://schema.org/QuantitativeValue">/<span itemprop="value">24</span>x<span itemprop="unitText">100g</span></span></td><td>4,16 $/kg</td><td style="display: none;">2020-02-26</td><td style="display: none;"></td><td style="display: none;">Activia</td><td style="display: none;"></td><td style="display: none;"></td><td style="display: none;"></td><td style="display: none;"></td><td style="display: none;"></td><td style="display: none;"><a class="recipeLink" href="/recipe_ingredient_search_results.php?query=(_QU5E__1__________999__[]_1_1)&amp;sos_l=fr">Recettes avec yogourt avec probiotiques</a></td></tr><tr role="row" class="odd"><td tabindex="0"><i class="fas fa-hand-rock"></i></td><td class=" not_printable"><div class="addToGL" data-soscuisine-aisle="5" data-soscuisine-sip="3937883"><i class="fa fa-cart-plus" title="Ajouter à ma liste d'épicerie"></i><div></div></div></td><td><img class="storeItemImage" alt="yogourt avec probiotiques" src="/media/images/store_item/blank.jpg"></td><td>yogourt avec probiotiques</td><td class="not_printable sorting_1">produits laitiers &amp; oeufs</td><td><img style="width:50%;" src="/media/images/logos/marchands/1.png" alt="Metro"></td><td><span itemprop="price">2,99 $</span><span itemprop="eligibleQuantity" itemscope="" itemtype="http://schema.org/QuantitativeValue">/<span itemprop="unitText">650g</span></span></td><td>4,60 $/kg</td><td style="display: none;">2020-02-26</td><td style="display: none;"></td><td style="display: none;">IÖGO</td><td style="display: none;"></td><td style="display: none;"></td><td style="display: none;"></td><td style="display: none;"></td><td style="display: none;"></td><td style="display: none;"><a class="recipeLink" href="/recipe_ingredient_search_results.php?query=(_QU5E__1__________999__[]_1_1)&amp;sos_l=fr">Recettes avec yogourt avec probiotiques</a></td></tr><tr role="row" class="even"><td tabindex="0"><i class="fa fa-thumbs-down"></i></td><td class=" not_printable"><div class="addToGL" data-soscuisine-aisle="5" data-soscuisine-sip="3937885"><i class="fa fa-cart-plus" title="Ajouter à ma liste d'épicerie"></i><div></div></div></td><td><img class="storeItemImage" alt="yogourt avec probiotiques" src="/media/images/store_item/blank.jpg"></td><td>yogourt avec probiotiques</td><td class="not_printable sorting_1">produits laitiers &amp; oeufs</td><td><img style="width:50%;" src="/media/images/logos/marchands/1.png" alt="Metro"></td><td><span itemprop="price">3,99 $</span><span itemprop="eligibleQuantity" itemscope="" itemtype="http://schema.org/QuantitativeValue">/<span itemprop="value">8</span>x<span itemprop="unitText">100g</span></span></td><td>4,99 $/kg</td><td style="display: none;">2020-02-26</td><td style="display: none;"></td><td style="display: none;">Activia</td><td style="display: none;"></td><td style="display: none;"></td><td style="display: none;"></td><td style="display: none;"></td><td style="display: none;"></td><td style="display: none;"><a class="recipeLink" href="/recipe_ingredient_search_results.php?query=(_QU5E__1__________999__[]_1_1)&amp;sos_l=fr">Recettes avec yogourt avec probiotiques</a></td></tr><tr role="row" class="odd"><td tabindex="0"><i class="fas fa-hand-rock"></i></td><td class=" not_printable"><div class="addToGL" data-soscuisine-aisle="5" data-soscuisine-sip="3938031"><i class="fa fa-cart-plus" title="Ajouter à ma liste d'épicerie"></i><div></div></div></td><td><img class="storeItemImage" alt="yogourt avec probiotiques" src="/media/images/store_item/blank.jpg"></td><td>yogourt avec probiotiques</td><td class="not_printable sorting_1">produits laitiers &amp; oeufs</td><td><img style="width:50%;" src="/media/images/logos/marchands/2.png" alt="Provigo"></td><td><span itemprop="price">4,99 $</span><span itemprop="eligibleQuantity" itemscope="" itemtype="http://schema.org/QuantitativeValue">/<span itemprop="value">12</span>x<span itemprop="unitText">100g</span></span></td><td>4,16 $/kg</td><td style="display: none;">2020-02-26</td><td style="display: none;"></td><td style="display: none;">Activia</td><td style="display: none;"></td><td style="display: none;"></td><td style="display: none;"></td><td style="display: none;"></td><td style="display: none;"></td><td style="display: none;"><a class="recipeLink" href="/recipe_ingredient_search_results.php?query=(_QU5E__1__________999__[]_1_1)&amp;sos_l=fr">Recettes avec yogourt avec probiotiques</a></td></tr><tr role="row" class="even"><td tabindex="0"><i class="fas fa-hand-rock"></i></td><td class=" not_printable"><div class="addToGL" data-soscuisine-aisle="5" data-soscuisine-sip="3940845"><i class="fa fa-cart-plus" title="Ajouter à ma liste d'épicerie"></i><div></div></div></td><td><img class="storeItemImage" alt="yogourt avec probiotiques" src="/media/images/store_item/blank.jpg"></td><td>yogourt avec probiotiques</td><td class="not_printable sorting_1">produits laitiers &amp; oeufs</td><td><img style="width:50%;" src="/media/images/logos/marchands/12.png" alt="Richelieu"></td><td><span itemprop="price">9,99 $</span><span itemprop="eligibleQuantity" itemscope="" itemtype="http://schema.org/QuantitativeValue">/<span itemprop="value">24</span>x<span itemprop="unitText">100g</span></span></td><td>4,16 $/kg</td><td style="display: none;">2020-02-26</td><td style="display: none;"></td><td style="display: none;">Activia</td><td style="display: none;"></td><td style="display: none;"></td><td style="display: none;"></td><td style="display: none;"></td><td style="display: none;"></td><td style="display: none;"><a class="recipeLink" href="/recipe_ingredient_search_results.php?query=(_QU5E__1__________999__[]_1_1)&amp;sos_l=fr">Recettes avec yogourt avec probiotiques</a></td></tr><tr role="row" class="odd"><td tabindex="0"><i class="fa fa-thumbs-up"></i><i class="fa fa-thumbs-up"></i></td><td class=" not_printable"><div class="addToGL" data-soscuisine-aisle="5" data-soscuisine-sip="3940751"><i class="fa fa-cart-plus" title="Ajouter à ma liste d'épicerie"></i><div></div></div></td><td><img class="storeItemImage" alt="yogourt avec probiotiques" src="/media/images/store_item/blank.jpg"></td><td>yogourt avec probiotiques</td><td class="not_printable sorting_1">produits laitiers &amp; oeufs</td><td><img style="width:50%;" src="/media/images/logos/marchands/5.png" alt="Super C"></td><td><span itemprop="price">1,99 $</span><span itemprop="eligibleQuantity" itemscope="" itemtype="http://schema.org/QuantitativeValue">/<span itemprop="unitText">650g</span></span></td><td>3,06 $/kg</td><td style="display: none;">2020-02-26</td><td style="display: none;"></td><td style="display: none;">IÖGO</td><td style="display: none;"></td><td style="display: none;"></td><td style="display: none;"></td><td style="display: none;"></td><td style="display: none;"></td><td style="display: none;"><a class="recipeLink" href="/recipe_ingredient_search_results.php?query=(_QU5E__1__________999__[]_1_1)&amp;sos_l=fr">Recettes avec yogourt avec probiotiques</a></td></tr><tr role="row" class="even"><td tabindex="0"><i class="fas fa-hand-rock"></i></td><td class=" not_printable"><div class="addToGL" data-soscuisine-aisle="5" data-soscuisine-sip="3940643"><i class="fa fa-cart-plus" title="Ajouter à ma liste d'épicerie"></i><div></div></div></td><td><img class="storeItemImage" alt="yogourt avec probiotiques" src="/media/images/store_item/blank.jpg"></td><td>yogourt avec probiotiques</td><td class="not_printable sorting_1">produits laitiers &amp; oeufs</td><td><img style="width:50%;" src="/media/images/logos/marchands/5.png" alt="Super C"></td><td><span itemprop="price">4,99 $</span><span itemprop="eligibleQuantity" itemscope="" itemtype="http://schema.org/QuantitativeValue">/<span itemprop="value">12</span>x<span itemprop="unitText">100g</span></span></td><td>4,16 $/kg</td><td style="display: none;">2020-02-26</td><td style="display: none;"></td><td style="display: none;">Activia</td><td style="display: none;"></td><td style="display: none;"></td><td style="display: none;"></td><td style="display: none;"></td><td style="display: none;"></td><td style="display: none;"><a class="recipeLink" href="/recipe_ingredient_search_results.php?query=(_QU5E__1__________999__[]_1_1)&amp;sos_l=fr">Recettes avec yogourt avec probiotiques</a></td></tr><tr role="row" class="odd"><td tabindex="0"><i class="fa fa-thumbs-down"></i></td><td class=" not_printable"><div class="addToGL" data-soscuisine-aisle="5" data-soscuisine-sip="3940815"><i class="fa fa-cart-plus" title="Ajouter à ma liste d'épicerie"></i><div></div></div></td><td><img class="storeItemImage" alt="yogourt avec probiotiques" src="/media/images/store_item/blank.jpg"></td><td>yogourt avec probiotiques</td><td class="not_printable sorting_1">produits laitiers &amp; oeufs</td><td><img style="width:50%;" src="/media/images/logos/marchands/11.png" alt="Tradition"></td><td><span itemprop="price">3,49 $</span><span itemprop="eligibleQuantity" itemscope="" itemtype="http://schema.org/QuantitativeValue">/<span itemprop="unitText">650g</span></span></td><td>5,37 $/kg</td><td style="display: none;">2020-02-26</td><td style="display: none;">Québec</td><td style="display: none;">Activia</td><td style="display: none;"></td><td style="display: none;"></td><td style="display: none;"></td><td style="display: none;"></td><td style="display: none;"></td><td style="display: none;"><a class="recipeLink" href="/recipe_ingredient_search_results.php?query=(_QU5E__1__________999__[]_1_1)&amp;sos_l=fr">Recettes avec yogourt avec probiotiques</a></td></tr><tr role="row" class="even"><td tabindex="0"><i class="fa fa-thumbs-up"></i><i class="fa fa-thumbs-up"></i></td><td class=" not_printable"><div class="addToGL" data-soscuisine-aisle="5" data-soscuisine-sip="3941033"><i class="fa fa-cart-plus" title="Ajouter à ma liste d'épicerie"></i><div></div></div></td><td><img class="storeItemImage" alt="yogourt avec probiotiques" src="/media/images/store_item/blank.jpg"></td><td>yogourt avec probiotiques</td><td class="not_printable sorting_1">produits laitiers &amp; oeufs</td><td><img style="width:50%;" src="/media/images/logos/marchands/73.png" alt="Walmart"></td><td><span itemprop="price">4,27 $</span><span itemprop="eligibleQuantity" itemscope="" itemtype="http://schema.org/QuantitativeValue">/<span itemprop="value">12</span>x<span itemprop="unitText">100g</span></span></td><td>3,56 $/kg</td><td style="display: none;">2020-02-26</td><td style="display: none;"></td><td style="display: none;">IÖGO</td><td style="display: none;"></td><td style="display: none;"></td><td style="display: none;"></td><td style="display: none;"></td><td style="display: none;">magasins participants</td><td style="display: none;"><a class="recipeLink" href="/recipe_ingredient_search_results.php?query=(_QU5E__1__________999__[]_1_1)&amp;sos_l=fr">Recettes avec yogourt avec probiotiques</a></td></tr><tr role="row" class="odd"><td tabindex="0"><i class="fas fa-hand-rock"></i></td><td class=" not_printable"><div class="addToGL" data-soscuisine-aisle="5" data-soscuisine-sip="3912885"><i class="fa fa-cart-plus" title="Ajouter à ma liste d'épicerie"></i><div></div></div></td><td><img class="storeItemImage" alt="yogourt nature" src="/media/images/store_item/blank.jpg"></td><td>yogourt nature</td><td class="not_printable sorting_1">produits laitiers &amp; oeufs</td><td><img style="width:50%;" src="/media/images/logos/marchands/94.png" alt="Avril"></td><td><span itemprop="price">2,99 $</span><span itemprop="eligibleQuantity" itemscope="" itemtype="http://schema.org/QuantitativeValue">/<span itemprop="unitText">750g</span></span></td><td>3,99 $/kg</td><td style="display: none;">2020-03-03</td><td style="display: none;"></td><td style="display: none;">Riviera</td><td style="display: none;"></td><td style="display: none;"></td><td style="display: none;"></td><td style="display: none;"></td><td style="display: none;"></td><td style="display: none;"><a class="recipeLink" href="/recipe_ingredient_search_results.php?query=(_QU5E__1__________20__[]_1_1)&amp;sos_l=fr">Recettes avec yogourt nature</a></td></tr><tr role="row" class="even"><td tabindex="0"><i class="fas fa-hand-rock"></i></td><td class=" not_printable"><div class="addToGL" data-soscuisine-aisle="5" data-soscuisine-sip="3937309"><i class="fa fa-cart-plus" title="Ajouter à ma liste d'épicerie"></i><div></div></div></td><td><img class="storeItemImage" alt="yogourt nature" src="/media/images/store_item/blank.jpg"></td><td>yogourt nature</td><td class="not_printable sorting_1">produits laitiers &amp; oeufs</td><td><img style="width:50%;" src="/media/images/logos/marchands/95.png" alt="Marchés Tau"></td><td><span itemprop="price">2,99 $</span><span itemprop="eligibleQuantity" itemscope="" itemtype="http://schema.org/QuantitativeValue">/<span itemprop="unitText">750g</span></span></td><td>3,99 $/kg</td><td style="display: none;">2020-03-29</td><td style="display: none;"></td><td style="display: none;">Riviera</td><td style="display: none;"></td><td style="display: none;"></td><td style="display: none;"></td><td style="display: none;"></td><td style="display: none;"></td><td style="display: none;"><a class="recipeLink" href="/recipe_ingredient_search_results.php?query=(_QU5E__1__________20__[]_1_1)&amp;sos_l=fr">Recettes avec yogourt nature</a></td></tr><tr role="row" class="odd"><td tabindex="0"><i class="fa fa-thumbs-up"></i><i class="fa fa-thumbs-up"></i></td><td class=" not_printable"><div class="addToGL" data-soscuisine-aisle="5" data-soscuisine-sip="3937559"><i class="fa fa-cart-plus" title="Ajouter à ma liste d'épicerie"></i><div></div></div></td><td><img class="storeItemImage" alt="yogourt nature" src="/media/images/store_item/blank.jpg"></td><td>yogourt nature</td><td class="not_printable sorting_1">produits laitiers &amp; oeufs</td><td><img style="width:50%;" src="/media/images/logos/marchands/6.png" alt="Maxi"></td><td><span itemprop="price">1,00 $</span><span itemprop="eligibleQuantity" itemscope="" itemtype="http://schema.org/QuantitativeValue">/<span itemprop="unitText">500g</span></span></td><td>2,00 $/kg</td><td style="display: none;">2020-02-26</td><td style="display: none;"></td><td style="display: none;">Béatrice</td><td style="display: none;"></td><td style="display: none;"></td><td style="display: none;"></td><td style="display: none;"></td><td style="display: none;"></td><td style="display: none;"><a class="recipeLink" href="/recipe_ingredient_search_results.php?query=(_QU5E__1__________20__[]_1_1)&amp;sos_l=fr">Recettes avec yogourt nature</a></td></tr><tr role="row" class="even"><td tabindex="0"><i class="fa fa-thumbs-down"></i></td><td class=" not_printable"><div class="addToGL" data-soscuisine-aisle="5" data-soscuisine-sip="3937895"><i class="fa fa-cart-plus" title="Ajouter à ma liste d'épicerie"></i><div></div></div></td><td><img class="storeItemImage" alt="yogourt nature" src="/media/images/store_item/blank.jpg"></td><td>yogourt nature</td><td class="not_printable sorting_1">produits laitiers &amp; oeufs</td><td><img style="width:50%;" src="/media/images/logos/marchands/1.png" alt="Metro"></td><td><span itemprop="price">4,99 $</span><span itemprop="eligibleQuantity" itemscope="" itemtype="http://schema.org/QuantitativeValue">/<span itemprop="unitText">650g</span></span></td><td>7,68 $/kg</td><td style="display: none;">2020-02-26</td><td style="display: none;"></td><td style="display: none;">Oikos</td><td style="display: none;"></td><td style="display: none;">grecque</td><td style="display: none;"></td><td style="display: none;"></td><td style="display: none;"></td><td style="display: none;"><a class="recipeLink" href="/recipe_ingredient_search_results.php?query=(_QU5E__1__________20__[]_1_1)&amp;sos_l=fr">Recettes avec yogourt nature</a></td></tr><tr role="row" class="odd"><td tabindex="0"><i class="fas fa-hand-rock"></i></td><td class=" not_printable"><div class="addToGL" data-soscuisine-aisle="5" data-soscuisine-sip="3938293"><i class="fa fa-cart-plus" title="Ajouter à ma liste d'épicerie"></i><div></div></div></td><td><img class="storeItemImage" alt="yogourt nature" src="/media/images/store_item/blank.jpg"></td><td>yogourt nature</td><td class="not_printable sorting_1">produits laitiers &amp; oeufs</td><td><img style="width:50%;" src="/media/images/logos/marchands/2.png" alt="Provigo"></td><td><span itemprop="price">2,99 $</span><span itemprop="eligibleQuantity" itemscope="" itemtype="http://schema.org/QuantitativeValue">/<span itemprop="unitText">650g</span></span></td><td>4,60 $/kg</td><td style="display: none;">2020-02-26</td><td style="display: none;"></td><td style="display: none;">Astro</td><td style="display: none;"></td><td style="display: none;"></td><td style="display: none;"></td><td style="display: none;"></td><td style="display: none;"></td><td style="display: none;"><a class="recipeLink" href="/recipe_ingredient_search_results.php?query=(_QU5E__1__________20__[]_1_1)&amp;sos_l=fr">Recettes avec yogourt nature</a></td></tr><tr role="row" class="even"><td tabindex="0"><i class="fas fa-hand-rock"></i></td><td class=" not_printable"><div class="addToGL" data-soscuisine-aisle="5" data-soscuisine-sip="3938033"><i class="fa fa-cart-plus" title="Ajouter à ma liste d'épicerie"></i><div></div></div></td><td><img class="storeItemImage" alt="yogourt nature" src="/media/images/store_item/blank.jpg"></td><td>yogourt nature</td><td class="not_printable sorting_1">produits laitiers &amp; oeufs</td><td><img style="width:50%;" src="/media/images/logos/marchands/2.png" alt="Provigo"></td><td><span itemprop="price">4,99 $</span><span itemprop="eligibleQuantity" itemscope="" itemtype="http://schema.org/QuantitativeValue">/<span itemprop="unitText">750g</span></span></td><td>6,65 $/kg</td><td style="display: none;">2020-02-26</td><td style="display: none;"></td><td style="display: none;">Liberté</td><td style="display: none;"></td><td style="display: none;">grecque</td><td style="display: none;"></td><td style="display: none;"></td><td style="display: none;"></td><td style="display: none;"><a class="recipeLink" href="/recipe_ingredient_search_results.php?query=(_QU5E__1__________20__[]_1_1)&amp;sos_l=fr">Recettes avec yogourt nature</a></td></tr><tr role="row" class="odd"><td tabindex="0"><i class="fas fa-hand-rock"></i></td><td class=" not_printable"><div class="addToGL" data-soscuisine-aisle="5" data-soscuisine-sip="3940645"><i class="fa fa-cart-plus" title="Ajouter à ma liste d'épicerie"></i><div></div></div></td><td><img class="storeItemImage" alt="yogourt nature" src="/media/images/store_item/blank.jpg"></td><td>yogourt nature</td><td class="not_printable sorting_1">produits laitiers &amp; oeufs</td><td><img style="width:50%;" src="/media/images/logos/marchands/5.png" alt="Super C"></td><td><span itemprop="price">4,99 $</span><span itemprop="eligibleQuantity" itemscope="" itemtype="http://schema.org/QuantitativeValue">/<span itemprop="unitText">750g</span></span></td><td>6,65 $/kg</td><td style="display: none;">2020-02-26</td><td style="display: none;">Québec</td><td style="display: none;">Oikos</td><td style="display: none;"></td><td style="display: none;"></td><td style="display: none;"></td><td style="display: none;"></td><td style="display: none;"></td><td style="display: none;"><a class="recipeLink" href="/recipe_ingredient_search_results.php?query=(_QU5E__1__________20__[]_1_1)&amp;sos_l=fr">Recettes avec yogourt nature</a></td></tr><tr role="row" class="even"><td tabindex="0"><i class="fas fa-hand-rock"></i></td><td class=" not_printable"><div class="addToGL" data-soscuisine-aisle="5" data-soscuisine-sip="3940459"><i class="fa fa-cart-plus" title="Ajouter à ma liste d'épicerie"></i><div></div></div></td><td><img class="storeItemImage" alt="yogourt nature" src="/media/images/store_item/blank.jpg"></td><td>yogourt nature</td><td class="not_printable sorting_1">produits laitiers &amp; oeufs</td><td><img style="width:50%;" src="/media/images/logos/marchands/11.png" alt="Tradition"></td><td><span itemprop="price">9,98 $</span><span itemprop="eligibleQuantity" itemscope="" itemtype="http://schema.org/QuantitativeValue">/<span itemprop="value">2</span>x<span itemprop="unitText">750g</span></span></td><td>6,65 $/kg</td><td style="display: none;">2020-02-26</td><td style="display: none;">Québec</td><td style="display: none;">Liberté</td><td style="display: none;"></td><td style="display: none;">grecque</td><td style="display: none;"></td><td style="display: none;"></td><td style="display: none;"></td><td style="display: none;"><a class="recipeLink" href="/recipe_ingredient_search_results.php?query=(_QU5E__1__________20__[]_1_1)&amp;sos_l=fr">Recettes avec yogourt nature</a></td></tr><tr role="row" class="odd"><td tabindex="0"><i class="fas fa-exclamation"></i></td><td class=" not_printable"><div class="addToGL" data-soscuisine-aisle="5" data-soscuisine-sip="3937891"><i class="fa fa-cart-plus" title="Ajouter à ma liste d'épicerie"></i><div></div></div></td><td><img class="storeItemImage" alt="yogourt nature, plus que 6% M.G." src="/media/images/store_item/blank.jpg"></td><td>yogourt nature, plus que 6% M.G.</td><td class="not_printable sorting_1">produits laitiers &amp; oeufs</td><td><img style="width:50%;" src="/media/images/logos/marchands/1.png" alt="Metro"></td><td><span itemprop="price">2,99 $</span><span itemprop="eligibleQuantity" itemscope="" itemtype="http://schema.org/QuantitativeValue">/<span itemprop="unitText">500g</span></span></td><td>5,98 $/kg</td><td style="display: none;">2020-02-26</td><td style="display: none;"></td><td style="display: none;">Liberté</td><td style="display: none;"></td><td style="display: none;">méditérranée, 9%</td><td style="display: none;"></td><td style="display: none;"></td><td style="display: none;"></td><td style="display: none;"><a class="recipeLink" href="/recipe_ingredient_search_results.php?query=(_QU5E__1__________1253__[]_1_1)&amp;sos_l=fr">Recettes avec yogourt nature, plus que 6% M.G.</a></td></tr><tr role="row" class="even"><td tabindex="0"><i class="fas fa-exclamation"></i></td><td class=" not_printable"><div class="addToGL" data-soscuisine-aisle="6" data-soscuisine-sip="3939117"><i class="fa fa-cart-plus" title="Ajouter à ma liste d'épicerie"></i><div></div></div></td><td><img class="storeItemImage" itemprop="image" alt="agneau, côtelette/tranche d'épaule" src="/media/images/store_item/1019.jpg"></td><td>agneau, côtelette/tranche d'épaule</td><td class="not_printable sorting_1">viandes &amp; volailles</td><td><img style="width:50%;" src="/media/images/logos/marchands/63.png" alt="Marché Adonis"></td><td><span itemprop="price">6,49 $</span><span itemprop="eligibleQuantity" itemscope="" itemtype="http://schema.org/QuantitativeValue">/<span itemprop="unitText">lb</span></span></td><td>14,31 $/kg</td><td style="display: none;">2020-02-26</td><td style="display: none;"></td><td style="display: none;"></td><td style="display: none;"></td><td style="display: none;"></td><td style="display: none;"></td><td style="display: none;"></td><td style="display: none;"></td><td style="display: none;"></td></tr><tr role="row" class="odd"><td tabindex="0"><i class="fas fa-exclamation"></i></td><td class=" not_printable"><div class="addToGL" data-soscuisine-aisle="6" data-soscuisine-sip="3935939"><i class="fa fa-cart-plus" title="Ajouter à ma liste d'épicerie"></i><div></div></div></td><td><img class="storeItemImage" itemprop="image" alt="agneau, jarrets" src="/media/images/store_item/733.jpg"></td><td>agneau, jarrets</td><td class="not_printable sorting_1">viandes &amp; volailles</td><td><img style="width:50%;" src="/media/images/logos/marchands/62.png" alt="Supermarché PA"></td><td><span itemprop="price">5,99 $</span><span itemprop="eligibleQuantity" itemscope="" itemtype="http://schema.org/QuantitativeValue">/<span itemprop="unitText">lb</span></span></td><td>13,21 $/kg</td><td style="display: none;">2020-02-23</td><td style="display: none;">N.-Zélande</td><td style="display: none;"></td><td style="display: none;"></td><td style="display: none;"></td><td style="display: none;"></td><td style="display: none;"></td><td style="display: none;"></td><td style="display: none;"><a class="recipeLink" href="/recipe_ingredient_search_results.php?query=(_QU5E__1__________733__[]_1_1)&amp;sos_l=fr">Recettes avec agneau, jarrets</a></td></tr><tr role="row" class="even"><td tabindex="0"><i class="fa fa-thumbs-down"></i></td><td class=" not_printable"><div class="addToGL" data-soscuisine-aisle="6" data-soscuisine-sip="3937715"><i class="fa fa-cart-plus" title="Ajouter à ma liste d'épicerie"></i><div></div></div></td><td><img class="storeItemImage" itemprop="image" alt="boeuf haché, extra-maigre" src="/media/images/store_item/240.jpg"></td><td>boeuf haché, extra-maigre</td><td class="not_printable sorting_1">viandes &amp; volailles</td><td><img style="width:50%;" src="/media/images/logos/marchands/1.png" alt="Metro"></td><td><span itemprop="price">6,99 $</span><span itemprop="eligibleQuantity" itemscope="" itemtype="http://schema.org/QuantitativeValue">/<span itemprop="unitText">lb</span></span></td><td>15,41 $/kg</td><td style="display: none;">2020-02-26</td><td style="display: none;"></td><td style="display: none;"></td><td style="display: none;"></td><td style="display: none;"></td><td style="display: none;"></td><td style="display: none;">frais, grand format</td><td style="display: none;"></td><td style="display: none;"><a class="recipeLink" href="/recipe_ingredient_search_results.php?query=(_QU5E__1__________240__[]_1_1)&amp;sos_l=fr">Recettes avec boeuf haché, extra-maigre</a></td></tr><tr role="row" class="odd"><td tabindex="0"><i class="fas fa-hand-rock"></i></td><td class=" not_printable"><div class="addToGL" data-soscuisine-aisle="6" data-soscuisine-sip="3939779"><i class="fa fa-cart-plus" title="Ajouter à ma liste d'épicerie"></i><div></div></div></td><td><img class="storeItemImage" itemprop="image" alt="boeuf haché, maigre" src="/media/images/store_item/6.jpg"></td><td>boeuf haché, maigre</td><td class="not_printable sorting_1">viandes &amp; volailles</td><td><img style="width:50%;" src="/media/images/logos/marchands/10.png" alt="Bonichoix "></td><td><span itemprop="price">5,99 $</span><span itemprop="eligibleQuantity" itemscope="" itemtype="http://schema.org/QuantitativeValue">/<span itemprop="unitText">lb</span></span></td><td>13,21 $/kg</td><td style="display: none;">2020-02-26</td><td style="display: none;"></td><td style="display: none;"></td><td style="display: none;"></td><td style="display: none;"></td><td style="display: none;"></td><td style="display: none;">parties fraîches ou congelées, grand format</td><td style="display: none;"></td><td style="display: none;"><a class="recipeLink" href="/recipe_ingredient_search_results.php?query=(_QU5E__1__________6__[]_1_1)&amp;sos_l=fr">Recettes avec boeuf haché, maigre</a></td></tr><tr role="row" class="even"><td tabindex="0"><i class="fa fa-thumbs-up"></i></td><td class=" not_printable"><div class="addToGL" data-soscuisine-aisle="6" data-soscuisine-sip="3938615"><i class="fa fa-cart-plus" title="Ajouter à ma liste d'épicerie"></i><div></div></div></td><td><img class="storeItemImage" itemprop="image" alt="boeuf haché, maigre" src="/media/images/store_item/6.jpg"></td><td>boeuf haché, maigre</td><td class="not_printable sorting_1">viandes &amp; volailles</td><td><img style="width:50%;" src="/media/images/logos/marchands/69.png" alt="Intermarché (Provincial)"></td><td><span itemprop="price">10,00 $</span><span itemprop="eligibleQuantity" itemscope="" itemtype="http://schema.org/QuantitativeValue">/<span itemprop="unitText">1,2kg</span></span></td><td>8,33 $/kg</td><td style="display: none;">2020-02-26</td><td style="display: none;"></td><td style="display: none;"></td><td style="display: none;"></td><td style="display: none;"></td><td style="display: none;"></td><td style="display: none;">surgelé</td><td style="display: none;"></td><td style="display: none;"><a class="recipeLink" href="/recipe_ingredient_search_results.php?query=(_QU5E__1__________6__[]_1_1)&amp;sos_l=fr">Recettes avec boeuf haché, maigre</a></td></tr><tr role="row" class="odd"><td tabindex="0"><i class="fa fa-thumbs-up"></i></td><td class=" not_printable"><div class="addToGL" data-soscuisine-aisle="6" data-soscuisine-sip="3938149"><i class="fa fa-cart-plus" title="Ajouter à ma liste d'épicerie"></i><div></div></div></td><td><img class="storeItemImage" itemprop="image" alt="boeuf haché, maigre" src="/media/images/store_item/6.jpg"></td><td>boeuf haché, maigre</td><td class="not_printable sorting_1">viandes &amp; volailles</td><td><img style="width:50%;" src="/media/images/logos/marchands/7.png" alt="Intermarché (Saveurs intl.)"></td><td><span itemprop="price">10,00 $</span><span itemprop="eligibleQuantity" itemscope="" itemtype="http://schema.org/QuantitativeValue">/<span itemprop="unitText">1,2kg</span></span></td><td>8,33 $/kg</td><td style="display: none;">2020-02-26</td><td style="display: none;"></td><td style="display: none;"></td><td style="display: none;"></td><td style="display: none;"></td><td style="display: none;"></td><td style="display: none;">surgelé</td><td style="display: none;"></td><td style="display: none;"><a class="recipeLink" href="/recipe_ingredient_search_results.php?query=(_QU5E__1__________6__[]_1_1)&amp;sos_l=fr">Recettes avec boeuf haché, maigre</a></td></tr><tr role="row" class="even"><td tabindex="0"><i class="fas fa-hand-rock"></i></td><td class=" not_printable"><div class="addToGL" data-soscuisine-aisle="6" data-soscuisine-sip="3938897"><i class="fa fa-cart-plus" title="Ajouter à ma liste d'épicerie"></i><div></div></div></td><td><img class="storeItemImage" itemprop="image" alt="boeuf haché, maigre" src="/media/images/store_item/6.jpg"></td><td>boeuf haché, maigre</td><td class="not_printable sorting_1">viandes &amp; volailles</td><td><img style="width:50%;" src="/media/images/logos/marchands/64.png" alt="Mourelatos"></td><td><span itemprop="price">4,99 $</span><span itemprop="eligibleQuantity" itemscope="" itemtype="http://schema.org/QuantitativeValue">/<span itemprop="unitText">lb</span></span></td><td>11,00 $/kg</td><td style="display: none;">2020-02-25</td><td style="display: none;"></td><td style="display: none;"></td><td style="display: none;"></td><td style="display: none;"></td><td style="display: none;"></td><td style="display: none;"></td><td style="display: none;"></td><td style="display: none;"><a class="recipeLink" href="/recipe_ingredient_search_results.php?query=(_QU5E__1__________6__[]_1_1)&amp;sos_l=fr">Recettes avec boeuf haché, maigre</a></td></tr><tr role="row" class="odd"><td tabindex="0"><i class="fa fa-thumbs-down"></i></td><td class=" not_printable"><div class="addToGL" data-soscuisine-aisle="6" data-soscuisine-sip="3938833"><i class="fa fa-cart-plus" title="Ajouter à ma liste d'épicerie"></i><div></div></div></td><td><img class="storeItemImage" itemprop="image" alt="boeuf haché, maigre" src="/media/images/store_item/6.jpg"></td><td>boeuf haché, maigre</td><td class="not_printable sorting_1">viandes &amp; volailles</td><td><img style="width:50%;" src="/media/images/logos/marchands/93.png" alt="Rachelle Béry"></td><td><span itemprop="price">8,99 $</span><span itemprop="eligibleQuantity" itemscope="" itemtype="http://schema.org/QuantitativeValue">/<span itemprop="unitText">lb</span></span></td><td>19,82 $/kg</td><td style="display: none;">2020-03-04</td><td style="display: none;"></td><td style="display: none;"></td><td style="display: none;"></td><td style="display: none;"></td><td style="display: none;"></td><td style="display: none;"></td><td style="display: none;">Moishes, ÉU</td><td style="display: none;"><a class="recipeLink" href="/recipe_ingredient_search_results.php?query=(_QU5E__1__________6__[]_1_1)&amp;sos_l=fr">Recettes avec boeuf haché, maigre</a></td></tr><tr role="row" class="even"><td tabindex="0"><i class="fas fa-hand-rock"></i></td><td class=" not_printable"><div class="addToGL" data-soscuisine-aisle="6" data-soscuisine-sip="3938219"><i class="fa fa-cart-plus" title="Ajouter à ma liste d'épicerie"></i><div></div></div></td><td><img class="storeItemImage" itemprop="image" alt="boeuf haché, mi-maigre" src="/media/images/store_item/570.jpg"></td><td>boeuf haché, mi-maigre</td><td class="not_printable sorting_1">viandes &amp; volailles</td><td><img style="width:50%;" src="/media/images/logos/marchands/2.png" alt="Provigo"></td><td><span itemprop="price">4,99 $</span><span itemprop="eligibleQuantity" itemscope="" itemtype="http://schema.org/QuantitativeValue">/<span itemprop="unitText">lb</span></span></td><td>11,00 $/kg</td><td style="display: none;">2020-02-26</td><td style="display: none;"></td><td style="display: none;"></td><td style="display: none;"></td><td style="display: none;"></td><td style="display: none;"></td><td style="display: none;">grand format</td><td style="display: none;"></td><td style="display: none;"><a class="recipeLink" href="/recipe_ingredient_search_results.php?query=(_QU5E__1__________570__[]_1_1)&amp;sos_l=fr">Recettes avec boeuf haché, mi-maigre</a></td></tr><tr role="row" class="odd"><td tabindex="0"><i class="fas fa-hand-rock"></i></td><td class=" not_printable"><div class="addToGL" data-soscuisine-aisle="6" data-soscuisine-sip="3940865"><i class="fa fa-cart-plus" title="Ajouter à ma liste d'épicerie"></i><div></div></div></td><td><img class="storeItemImage" itemprop="image" alt="boeuf haché, mi-maigre" src="/media/images/store_item/570.jpg"></td><td>boeuf haché, mi-maigre</td><td class="not_printable sorting_1">viandes &amp; volailles</td><td><img style="width:50%;" src="/media/images/logos/marchands/12.png" alt="Richelieu"></td><td><span itemprop="price">4,99 $</span><span itemprop="eligibleQuantity" itemscope="" itemtype="http://schema.org/QuantitativeValue">/<span itemprop="unitText">lb</span></span></td><td>11,00 $/kg</td><td style="display: none;">2020-02-26</td><td style="display: none;"></td><td style="display: none;"></td><td style="display: none;"></td><td style="display: none;"></td><td style="display: none;"></td><td style="display: none;"></td><td style="display: none;"></td><td style="display: none;"><a class="recipeLink" href="/recipe_ingredient_search_results.php?query=(_QU5E__1__________570__[]_1_1)&amp;sos_l=fr">Recettes avec boeuf haché, mi-maigre</a></td></tr><tr role="row" class="even"><td tabindex="0"><i class="fas fa-hand-rock"></i></td><td class=" not_printable"><div class="addToGL" data-soscuisine-aisle="6" data-soscuisine-sip="3940575"><i class="fa fa-cart-plus" title="Ajouter à ma liste d'épicerie"></i><div></div></div></td><td><img class="storeItemImage" itemprop="image" alt="boeuf haché, mi-maigre" src="/media/images/store_item/570.jpg"></td><td>boeuf haché, mi-maigre</td><td class="not_printable sorting_1">viandes &amp; volailles</td><td><img style="width:50%;" src="/media/images/logos/marchands/5.png" alt="Super C"></td><td><span itemprop="price">4,77 $</span><span itemprop="eligibleQuantity" itemscope="" itemtype="http://schema.org/QuantitativeValue">/<span itemprop="unitText">lb</span></span></td><td>10,52 $/kg</td><td style="display: none;">2020-02-26</td><td style="display: none;"></td><td style="display: none;"></td><td style="display: none;"></td><td style="display: none;"></td><td style="display: none;"></td><td style="display: none;">grand format</td><td style="display: none;"></td><td style="display: none;"><a class="recipeLink" href="/recipe_ingredient_search_results.php?query=(_QU5E__1__________570__[]_1_1)&amp;sos_l=fr">Recettes avec boeuf haché, mi-maigre</a></td></tr><tr role="row" class="odd"><td tabindex="0"><i class="fas fa-hand-rock"></i></td><td class=" not_printable"><div class="addToGL" data-soscuisine-aisle="6" data-soscuisine-sip="3940487"><i class="fa fa-cart-plus" title="Ajouter à ma liste d'épicerie"></i><div></div></div></td><td><img class="storeItemImage" itemprop="image" alt="boeuf haché, mi-maigre" src="/media/images/store_item/570.jpg"></td><td>boeuf haché, mi-maigre</td><td class="not_printable sorting_1">viandes &amp; volailles</td><td><img style="width:50%;" src="/media/images/logos/marchands/11.png" alt="Tradition"></td><td><span itemprop="price">3,49 $</span><span itemprop="eligibleQuantity" itemscope="" itemtype="http://schema.org/QuantitativeValue">/<span itemprop="unitText">lb</span></span></td><td>7,69 $/kg</td><td style="display: none;">2020-02-26</td><td style="display: none;"></td><td style="display: none;"></td><td style="display: none;"></td><td style="display: none;"></td><td style="display: none;"></td><td style="display: none;">parties fraîches ou congelées, format familial</td><td style="display: none;"></td><td style="display: none;"><a class="recipeLink" href="/recipe_ingredient_search_results.php?query=(_QU5E__1__________570__[]_1_1)&amp;sos_l=fr">Recettes avec boeuf haché, mi-maigre</a></td></tr><tr role="row" class="even"><td tabindex="0"><i class="fa fa-thumbs-up"></i><i class="fa fa-thumbs-up"></i></td><td class=" not_printable"><div class="addToGL" data-soscuisine-aisle="6" data-soscuisine-sip="3937609"><i class="fa fa-cart-plus" title="Ajouter à ma liste d'épicerie"></i><div></div></div></td><td><img class="storeItemImage" alt="boeuf, bavette (bifteck de flanc)" src="/media/images/store_item/blank.jpg"></td><td>boeuf, bavette (bifteck de flanc)</td><td class="not_printable sorting_1">viandes &amp; volailles</td><td><img style="width:50%;" src="/media/images/logos/marchands/1.png" alt="Metro"></td><td><span itemprop="price">10,99 $</span><span itemprop="eligibleQuantity" itemscope="" itemtype="http://schema.org/QuantitativeValue">/<span itemprop="unitText">lb</span></span></td><td>24,23 $/kg</td><td style="display: none;">2020-02-26</td><td style="display: none;"></td><td style="display: none;"></td><td style="display: none;"></td><td style="display: none;"></td><td style="display: none;"></td><td style="display: none;"></td><td style="display: none;"></td><td style="display: none;"><a class="recipeLink" href="/recipe_ingredient_search_results.php?query=(_QU5E__1__________632__[]_1_1)&amp;sos_l=fr">Recettes avec boeuf, bavette (bifteck de flanc)</a></td></tr><tr role="row" class="odd"><td tabindex="0"><i class="fas fa-hand-rock"></i></td><td class=" not_printable"><div class="addToGL" data-soscuisine-aisle="6" data-soscuisine-sip="3938909"><i class="fa fa-cart-plus" title="Ajouter à ma liste d'épicerie"></i><div></div></div></td><td><img class="storeItemImage" alt="boeuf, bifteck de côtes" src="/media/images/store_item/blank.jpg"></td><td>boeuf, bifteck de côtes</td><td class="not_printable sorting_1">viandes &amp; volailles</td><td><img style="width:50%;" src="/media/images/logos/marchands/64.png" alt="Mourelatos"></td><td><span itemprop="price">9,99 $</span><span itemprop="eligibleQuantity" itemscope="" itemtype="http://schema.org/QuantitativeValue">/<span itemprop="unitText">lb</span></span></td><td>22,02 $/kg</td><td style="display: none;">2020-02-25</td><td style="display: none;"></td><td style="display: none;"></td><td style="display: none;"></td><td style="display: none;"></td><td style="display: none;">Cat.AA</td><td style="display: none;"></td><td style="display: none;"></td><td style="display: none;"></td></tr><tr role="row" class="even"><td tabindex="0"><i class="fa fa-thumbs-down"></i></td><td class=" not_printable"><div class="addToGL" data-soscuisine-aisle="6" data-soscuisine-sip="3939377"><i class="fa fa-cart-plus" title="Ajouter à ma liste d'épicerie"></i><div></div></div></td><td><img class="storeItemImage" itemprop="image" alt="boeuf, biftecks d'aloyau" src="/media/images/store_item/507.jpg"></td><td>boeuf, biftecks d'aloyau</td><td class="not_printable sorting_1">viandes &amp; volailles</td><td><img style="width:50%;" src="/media/images/logos/marchands/3.png" alt="IGA"></td><td><span itemprop="price">14,99 $</span><span itemprop="eligibleQuantity" itemscope="" itemtype="http://schema.org/QuantitativeValue">/<span itemprop="unitText">lb</span></span></td><td>33,05 $/kg</td><td style="display: none;">2020-02-26</td><td style="display: none;"></td><td style="display: none;"></td><td style="display: none;"></td><td style="display: none;"></td><td style="display: none;"></td><td style="display: none;"></td><td style="display: none;">Sterling Silver</td><td style="display: none;"><a class="recipeLink" href="/recipe_ingredient_search_results.php?query=(_QU5E__1__________507__[]_1_1)&amp;sos_l=fr">Recettes avec boeuf, biftecks d'aloyau</a></td></tr><tr role="row" class="odd"><td tabindex="0"><i class="fa fa-thumbs-up"></i><i class="fa fa-thumbs-up"></i></td><td class=" not_printable"><div class="addToGL" data-soscuisine-aisle="6" data-soscuisine-sip="3939095"><i class="fa fa-cart-plus" title="Ajouter à ma liste d'épicerie"></i><div></div></div></td><td><img class="storeItemImage" itemprop="image" alt="boeuf, biftecks d'aloyau" src="/media/images/store_item/507.jpg"></td><td>boeuf, biftecks d'aloyau</td><td class="not_printable sorting_1">viandes &amp; volailles</td><td><img style="width:50%;" src="/media/images/logos/marchands/63.png" alt="Marché Adonis"></td><td><span itemprop="price">5,99 $</span><span itemprop="eligibleQuantity" itemscope="" itemtype="http://schema.org/QuantitativeValue">/<span itemprop="unitText">lb</span></span></td><td>13,21 $/kg</td><td style="display: none;">2020-02-26</td><td style="display: none;"></td><td style="display: none;"></td><td style="display: none;"></td><td style="display: none;"></td><td style="display: none;"></td><td style="display: none;"></td><td style="display: none;"></td><td style="display: none;"><a class="recipeLink" href="/recipe_ingredient_search_results.php?query=(_QU5E__1__________507__[]_1_1)&amp;sos_l=fr">Recettes avec boeuf, biftecks d'aloyau</a></td></tr><tr role="row" class="even"><td tabindex="0"><i class="fas fa-hand-rock"></i></td><td class=" not_printable"><div class="addToGL" data-soscuisine-aisle="6" data-soscuisine-sip="3938591"><i class="fa fa-cart-plus" title="Ajouter à ma liste d'épicerie"></i><div></div></div></td><td><img class="storeItemImage" alt="boeuf, contre-filet, avec os" src="/media/images/store_item/blank.jpg"></td><td>boeuf, contre-filet, avec os</td><td class="not_printable sorting_1">viandes &amp; volailles</td><td><img style="width:50%;" src="/media/images/logos/marchands/69.png" alt="Intermarché (Provincial)"></td><td><span itemprop="price">8,99 $</span><span itemprop="eligibleQuantity" itemscope="" itemtype="http://schema.org/QuantitativeValue">/<span itemprop="unitText">lb</span></span></td><td>19,82 $/kg</td><td style="display: none;">2020-02-26</td><td style="display: none;">Canada</td><td style="display: none;"></td><td style="display: none;"></td><td style="display: none;"></td><td style="display: none;">Cat.A ou mieux</td><td style="display: none;">grand format</td><td style="display: none;">steak ou rôti</td><td style="display: none;"></td></tr><tr role="row" class="odd"><td tabindex="0"><i class="fas fa-hand-rock"></i></td><td class=" not_printable"><div class="addToGL" data-soscuisine-aisle="6" data-soscuisine-sip="3938107"><i class="fa fa-cart-plus" title="Ajouter à ma liste d'épicerie"></i><div></div></div></td><td><img class="storeItemImage" alt="boeuf, contre-filet, avec os" src="/media/images/store_item/blank.jpg"></td><td>boeuf, contre-filet, avec os</td><td class="not_printable sorting_1">viandes &amp; volailles</td><td><img style="width:50%;" src="/media/images/logos/marchands/7.png" alt="Intermarché (Saveurs intl.)"></td><td><span itemprop="price">7,99 $</span><span itemprop="eligibleQuantity" itemscope="" itemtype="http://schema.org/QuantitativeValue">/<span itemprop="unitText">lb</span></span></td><td>17,62 $/kg</td><td style="display: none;">2020-02-26</td><td style="display: none;">Canada</td><td style="display: none;"></td><td style="display: none;"></td><td style="display: none;"></td><td style="display: none;">Cat.A ou mieux</td><td style="display: none;">grand format</td><td style="display: none;">steak ou rôti</td><td style="display: none;"></td></tr><tr role="row" class="even"><td tabindex="0"><i class="fa fa-thumbs-down"></i></td><td class=" not_printable"><div class="addToGL" data-soscuisine-aisle="6" data-soscuisine-sip="3935933"><i class="fa fa-cart-plus" title="Ajouter à ma liste d'épicerie"></i><div></div></div></td><td><img class="storeItemImage" alt="boeuf, contre-filet, avec os" src="/media/images/store_item/blank.jpg"></td><td>boeuf, contre-filet, avec os</td><td class="not_printable sorting_1">viandes &amp; volailles</td><td><img style="width:50%;" src="/media/images/logos/marchands/62.png" alt="Supermarché PA"></td><td><span itemprop="price">12,99 $</span><span itemprop="eligibleQuantity" itemscope="" itemtype="http://schema.org/QuantitativeValue">/<span itemprop="unitText">lb</span></span></td><td>28,64 $/kg</td><td style="display: none;">2020-02-23</td><td style="display: none;"></td><td style="display: none;"></td><td style="display: none;"></td><td style="display: none;"></td><td style="display: none;"></td><td style="display: none;">frais</td><td style="display: none;"></td><td style="display: none;"></td></tr><tr role="row" class="odd"><td tabindex="0"><i class="fas fa-hand-rock"></i></td><td class=" not_printable"><div class="addToGL" data-soscuisine-aisle="6" data-soscuisine-sip="3938225"><i class="fa fa-cart-plus" title="Ajouter à ma liste d'épicerie"></i><div></div></div></td><td><img class="storeItemImage" itemprop="image" alt="boeuf, cubes à ragoût" src="/media/images/store_item/535.jpg"></td><td>boeuf, cubes à ragoût</td><td class="not_printable sorting_1">viandes &amp; volailles</td><td><img style="width:50%;" src="/media/images/logos/marchands/2.png" alt="Provigo"></td><td><span itemprop="price">5,99 $</span><span itemprop="eligibleQuantity" itemscope="" itemtype="http://schema.org/QuantitativeValue">/<span itemprop="unitText">lb</span></span></td><td>13,21 $/kg</td><td style="display: none;">2020-02-26</td><td style="display: none;"></td><td style="display: none;"></td><td style="display: none;"></td><td style="display: none;"></td><td style="display: none;"></td><td style="display: none;">frais, format familial</td><td style="display: none;"></td><td style="display: none;"><a class="recipeLink" href="/recipe_ingredient_search_results.php?query=(_QU5E__1__________535__[]_1_1)&amp;sos_l=fr">Recettes avec boeuf, cubes à ragoût</a></td></tr><tr role="row" class="even"><td tabindex="0"><i class="fas fa-circle"></i></td><td class=" not_printable"><div class="addToGL" data-soscuisine-aisle="6" data-soscuisine-sip="3941023"><i class="fa fa-cart-plus" title="Ajouter à ma liste d'épicerie"></i><div></div></div></td><td><img class="storeItemImage" itemprop="image" alt="boeuf, cubes à ragoût" src="/media/images/store_item/535.jpg"></td><td>boeuf, cubes à ragoût</td><td class="not_printable sorting_1">viandes &amp; volailles</td><td><img style="width:50%;" src="/media/images/logos/marchands/73.png" alt="Walmart"></td><td><span itemprop="price">10,00 $</span><span itemprop="eligibleQuantity" itemscope="" itemtype="http://schema.org/QuantitativeValue">/<span itemprop="unitText">paquet</span></span></td><td>N/A</td><td style="display: none;">2020-02-26</td><td style="display: none;">Canada</td><td style="display: none;">marque maison</td><td style="display: none;">standard</td><td style="display: none;">Angus</td><td style="display: none;">Cat.AAA</td><td style="display: none;">désossé</td><td style="display: none;">seulement aux supercentres</td><td style="display: none;"><a class="recipeLink" href="/recipe_ingredient_search_results.php?query=(_QU5E__1__________535__[]_1_1)&amp;sos_l=fr">Recettes avec boeuf, cubes à ragoût</a></td></tr><tr role="row" class="odd"><td tabindex="0"><i class="fa fa-thumbs-up"></i></td><td class=" not_printable"><div class="addToGL" data-soscuisine-aisle="6" data-soscuisine-sip="3938607"><i class="fa fa-cart-plus" title="Ajouter à ma liste d'épicerie"></i><div></div></div></td><td><img class="storeItemImage" alt="boeuf, cubes bourguignon" src="/media/images/store_item/blank.jpg"></td><td>boeuf, cubes bourguignon</td><td class="not_printable sorting_1">viandes &amp; volailles</td><td><img style="width:50%;" src="/media/images/logos/marchands/69.png" alt="Intermarché (Provincial)"></td><td><span itemprop="price">5,99 $</span><span itemprop="eligibleQuantity" itemscope="" itemtype="http://schema.org/QuantitativeValue">/<span itemprop="unitText">lb</span></span></td><td>13,21 $/kg</td><td style="display: none;">2020-02-26</td><td style="display: none;">Canada</td><td style="display: none;"></td><td style="display: none;"></td><td style="display: none;"></td><td style="display: none;">Cat.A ou mieux</td><td style="display: none;">grand format</td><td style="display: none;"></td><td style="display: none;"><a class="recipeLink" href="/recipe_ingredient_search_results.php?query=(_QU5E__1__________621__[]_1_1)&amp;sos_l=fr">Recettes avec boeuf, cubes bourguignon</a></td></tr><tr role="row" class="even"><td tabindex="0"><i class="fa fa-thumbs-up"></i><i class="fa fa-thumbs-up"></i></td><td class=" not_printable"><div class="addToGL" data-soscuisine-aisle="6" data-soscuisine-sip="3938881"><i class="fa fa-cart-plus" title="Ajouter à ma liste d'épicerie"></i><div></div></div></td><td><img class="storeItemImage" itemprop="image" alt="boeuf, faux-filet" src="/media/images/store_item/239.jpg"></td><td>boeuf, faux-filet</td><td class="not_printable sorting_1">viandes &amp; volailles</td><td><img style="width:50%;" src="/media/images/logos/marchands/64.png" alt="Mourelatos"></td><td><span itemprop="price">4,99 $</span><span itemprop="eligibleQuantity" itemscope="" itemtype="http://schema.org/QuantitativeValue">/<span itemprop="unitText">lb</span></span></td><td>11,00 $/kg</td><td style="display: none;">2020-02-25</td><td style="display: none;"></td><td style="display: none;"></td><td style="display: none;"></td><td style="display: none;"></td><td style="display: none;"></td><td style="display: none;"></td><td style="display: none;"></td><td style="display: none;"><a class="recipeLink" href="/recipe_ingredient_search_results.php?query=(_QU5E__1__________239__[]_1_1)&amp;sos_l=fr">Recettes avec boeuf, faux-filet</a></td></tr><tr role="row" class="odd"><td tabindex="0"><i class="fa fa-thumbs-down"></i></td><td class=" not_printable"><div class="addToGL" data-soscuisine-aisle="6" data-soscuisine-sip="3939589"><i class="fa fa-cart-plus" title="Ajouter à ma liste d'épicerie"></i><div></div></div></td><td><img class="storeItemImage" itemprop="image" alt="boeuf, filets" src="/media/images/store_item/642.jpg"></td><td>boeuf, filets</td><td class="not_printable sorting_1">viandes &amp; volailles</td><td><img style="width:50%;" src="/media/images/logos/marchands/10.png" alt="Bonichoix "></td><td><span itemprop="price">24,99 $</span><span itemprop="eligibleQuantity" itemscope="" itemtype="http://schema.org/QuantitativeValue">/<span itemprop="unitText">lb</span></span></td><td>55,09 $/kg</td><td style="display: none;">2020-02-26</td><td style="display: none;"></td><td style="display: none;"></td><td style="display: none;">entier</td><td style="display: none;"></td><td style="display: none;"></td><td style="display: none;"></td><td style="display: none;"></td><td style="display: none;"><a class="recipeLink" href="/recipe_ingredient_search_results.php?query=(_QU5E__1__________642__[]_1_1)&amp;sos_l=fr">Recettes avec boeuf, filets</a></td></tr><tr role="row" class="even"><td tabindex="0"><i class="fa fa-thumbs-down"></i></td><td class=" not_printable"><div class="addToGL" data-soscuisine-aisle="6" data-soscuisine-sip="3939587"><i class="fa fa-cart-plus" title="Ajouter à ma liste d'épicerie"></i><div></div></div></td><td><img class="storeItemImage" alt="boeuf, filets mignon" src="/media/images/store_item/blank.jpg"></td><td>boeuf, filets mignon</td><td class="not_printable sorting_1">viandes &amp; volailles</td><td><img style="width:50%;" src="/media/images/logos/marchands/10.png" alt="Bonichoix "></td><td><span itemprop="price">24,99 $</span><span itemprop="eligibleQuantity" itemscope="" itemtype="http://schema.org/QuantitativeValue">/<span itemprop="unitText">lb</span></span></td><td>55,09 $/kg</td><td style="display: none;">2020-02-26</td><td style="display: none;"></td><td style="display: none;"></td><td style="display: none;"></td><td style="display: none;"></td><td style="display: none;"></td><td style="display: none;">bifteck</td><td style="display: none;">ou roti</td><td style="display: none;"><a class="recipeLink" href="/recipe_ingredient_search_results.php?query=(_QU5E__1__________245__[]_1_1)&amp;sos_l=fr">Recettes avec boeuf, filets mignon</a></td></tr><tr role="row" class="odd"><td tabindex="0"><i class="fas fa-hand-rock"></i></td><td class=" not_printable"><div class="addToGL" data-soscuisine-aisle="6" data-soscuisine-sip="3939579"><i class="fa fa-cart-plus" title="Ajouter à ma liste d'épicerie"></i><div></div></div></td><td><img class="storeItemImage" itemprop="image" alt="boeuf, haut de surlonge" src="/media/images/store_item/363.jpg"></td><td>boeuf, haut de surlonge</td><td class="not_printable sorting_1">viandes &amp; volailles</td><td><img style="width:50%;" src="/media/images/logos/marchands/10.png" alt="Bonichoix "></td><td><span itemprop="price">8,99 $</span><span itemprop="eligibleQuantity" itemscope="" itemtype="http://schema.org/QuantitativeValue">/<span itemprop="unitText">lb</span></span></td><td>19,82 $/kg</td><td style="display: none;">2020-02-26</td><td style="display: none;"></td><td style="display: none;"></td><td style="display: none;"></td><td style="display: none;"></td><td style="display: none;"></td><td style="display: none;">bifteck</td><td style="display: none;"></td><td style="display: none;"><a class="recipeLink" href="/recipe_ingredient_search_results.php?query=(_QU5E__1__________363__[]_1_1)&amp;sos_l=fr">Recettes avec boeuf, haut de surlonge</a></td></tr><tr role="row" class="even"><td tabindex="0"><i class="fa fa-thumbs-down"></i></td><td class=" not_printable"><div class="addToGL" data-soscuisine-aisle="6" data-soscuisine-sip="3939379"><i class="fa fa-cart-plus" title="Ajouter à ma liste d'épicerie"></i><div></div></div></td><td><img class="storeItemImage" itemprop="image" alt="boeuf, haut de surlonge" src="/media/images/store_item/363.jpg"></td><td>boeuf, haut de surlonge</td><td class="not_printable sorting_1">viandes &amp; volailles</td><td><img style="width:50%;" src="/media/images/logos/marchands/3.png" alt="IGA"></td><td><span itemprop="price">9,99 $</span><span itemprop="eligibleQuantity" itemscope="" itemtype="http://schema.org/QuantitativeValue">/<span itemprop="unitText">lb</span></span></td><td>22,02 $/kg</td><td style="display: none;">2020-02-26</td><td style="display: none;"></td><td style="display: none;"></td><td style="display: none;"></td><td style="display: none;"></td><td style="display: none;"></td><td style="display: none;"></td><td style="display: none;"></td><td style="display: none;"><a class="recipeLink" href="/recipe_ingredient_search_results.php?query=(_QU5E__1__________363__[]_1_1)&amp;sos_l=fr">Recettes avec boeuf, haut de surlonge</a></td></tr><tr role="row" class="odd"><td tabindex="0"><i class="fa fa-thumbs-up"></i><i class="fa fa-thumbs-up"></i></td><td class=" not_printable"><div class="addToGL" data-soscuisine-aisle="6" data-soscuisine-sip="3937607"><i class="fa fa-cart-plus" title="Ajouter à ma liste d'épicerie"></i><div></div></div></td><td><img class="storeItemImage" alt="boeuf, intérieur de ronde" src="/media/images/store_item/blank.jpg"></td><td>boeuf, intérieur de ronde</td><td class="not_printable sorting_1">viandes &amp; volailles</td><td><img style="width:50%;" src="/media/images/logos/marchands/1.png" alt="Metro"></td><td><span itemprop="price">3,77 $</span><span itemprop="eligibleQuantity" itemscope="" itemtype="http://schema.org/QuantitativeValue">/<span itemprop="unitText">lb</span></span></td><td>8,31 $/kg</td><td style="display: none;">2020-02-26</td><td style="display: none;"></td><td style="display: none;"></td><td style="display: none;"></td><td style="display: none;"></td><td style="display: none;"></td><td style="display: none;">bifteck français, grand format</td><td style="display: none;"></td><td style="display: none;"><a class="recipeLink" href="/recipe_ingredient_search_results.php?query=(_QU5E__1__________237__[]_1_1)&amp;sos_l=fr">Recettes avec boeuf, intérieur de ronde</a></td></tr><tr role="row" class="even"><td tabindex="0"><i class="fa fa-thumbs-up"></i><i class="fa fa-thumbs-up"></i></td><td class=" not_printable"><div class="addToGL" data-soscuisine-aisle="6" data-soscuisine-sip="3937981"><i class="fa fa-cart-plus" title="Ajouter à ma liste d'épicerie"></i><div></div></div></td><td><img class="storeItemImage" alt="boeuf, intérieur de ronde" src="/media/images/store_item/blank.jpg"></td><td>boeuf, intérieur de ronde</td><td class="not_printable sorting_1">viandes &amp; volailles</td><td><img style="width:50%;" src="/media/images/logos/marchands/2.png" alt="Provigo"></td><td><span itemprop="price">2,99 $</span><span itemprop="eligibleQuantity" itemscope="" itemtype="http://schema.org/QuantitativeValue">/<span itemprop="unitText">lb</span></span></td><td>6,59 $/kg</td><td style="display: none;">2020-02-26</td><td style="display: none;">Canada</td><td style="display: none;"></td><td style="display: none;"></td><td style="display: none;"></td><td style="display: none;">Cat.AA ou mieux</td><td style="display: none;">grand format</td><td style="display: none;">bifteck</td><td style="display: none;"><a class="recipeLink" href="/recipe_ingredient_search_results.php?query=(_QU5E__1__________237__[]_1_1)&amp;sos_l=fr">Recettes avec boeuf, intérieur de ronde</a></td></tr><tr role="row" class="odd"><td tabindex="0"><i class="fa fa-thumbs-up"></i><i class="fa fa-thumbs-up"></i></td><td class=" not_printable"><div class="addToGL" data-soscuisine-aisle="6" data-soscuisine-sip="3940859"><i class="fa fa-cart-plus" title="Ajouter à ma liste d'épicerie"></i><div></div></div></td><td><img class="storeItemImage" alt="boeuf, intérieur de ronde" src="/media/images/store_item/blank.jpg"></td><td>boeuf, intérieur de ronde</td><td class="not_printable sorting_1">viandes &amp; volailles</td><td><img style="width:50%;" src="/media/images/logos/marchands/12.png" alt="Richelieu"></td><td><span itemprop="price">3,99 $</span><span itemprop="eligibleQuantity" itemscope="" itemtype="http://schema.org/QuantitativeValue">/<span itemprop="unitText">lb</span></span></td><td>8,80 $/kg</td><td style="display: none;">2020-02-26</td><td style="display: none;"></td><td style="display: none;"></td><td style="display: none;"></td><td style="display: none;"></td><td style="display: none;"></td><td style="display: none;">bifteck français, grand format</td><td style="display: none;"></td><td style="display: none;"><a class="recipeLink" href="/recipe_ingredient_search_results.php?query=(_QU5E__1__________237__[]_1_1)&amp;sos_l=fr">Recettes avec boeuf, intérieur de ronde</a></td></tr><tr role="row" class="even"><td tabindex="0"><i class="fas fa-hand-rock"></i></td><td class=" not_printable"><div class="addToGL" data-soscuisine-aisle="6" data-soscuisine-sip="3940655"><i class="fa fa-cart-plus" title="Ajouter à ma liste d'épicerie"></i><div></div></div></td><td><img class="storeItemImage" alt="boeuf, intérieur de ronde" src="/media/images/store_item/blank.jpg"></td><td>boeuf, intérieur de ronde</td><td class="not_printable sorting_1">viandes &amp; volailles</td><td><img style="width:50%;" src="/media/images/logos/marchands/11.png" alt="Tradition"></td><td><span itemprop="price">6,99 $</span><span itemprop="eligibleQuantity" itemscope="" itemtype="http://schema.org/QuantitativeValue">/<span itemprop="unitText">lb</span></span></td><td>15,41 $/kg</td><td style="display: none;">2020-02-26</td><td style="display: none;"></td><td style="display: none;"></td><td style="display: none;"></td><td style="display: none;"></td><td style="display: none;"></td><td style="display: none;">bifteck sandwich, grand format</td><td style="display: none;"></td><td style="display: none;"><a class="recipeLink" href="/recipe_ingredient_search_results.php?query=(_QU5E__1__________237__[]_1_1)&amp;sos_l=fr">Recettes avec boeuf, intérieur de ronde</a></td></tr><tr role="row" class="odd"><td tabindex="0"><i class="fa fa-thumbs-down"></i></td><td class=" not_printable"><div class="addToGL" data-soscuisine-aisle="6" data-soscuisine-sip="3940657"><i class="fa fa-cart-plus" title="Ajouter à ma liste d'épicerie"></i><div></div></div></td><td><img class="storeItemImage" alt="boeuf, intérieur de ronde" src="/media/images/store_item/blank.jpg"></td><td>boeuf, intérieur de ronde</td><td class="not_printable sorting_1">viandes &amp; volailles</td><td><img style="width:50%;" src="/media/images/logos/marchands/11.png" alt="Tradition"></td><td><span itemprop="price">7,49 $</span><span itemprop="eligibleQuantity" itemscope="" itemtype="http://schema.org/QuantitativeValue">/<span itemprop="unitText">lb</span></span></td><td>16,51 $/kg</td><td style="display: none;">2020-02-26</td><td style="display: none;"></td><td style="display: none;"></td><td style="display: none;"></td><td style="display: none;"></td><td style="display: none;"></td><td style="display: none;">bifteck français, grand format</td><td style="display: none;"></td><td style="display: none;"><a class="recipeLink" href="/recipe_ingredient_search_results.php?query=(_QU5E__1__________237__[]_1_1)&amp;sos_l=fr">Recettes avec boeuf, intérieur de ronde</a></td></tr><tr role="row" class="even"><td tabindex="0"><i class="fas fa-exclamation"></i></td><td class=" not_printable"><div class="addToGL" data-soscuisine-aisle="6" data-soscuisine-sip="3937711"><i class="fa fa-cart-plus" title="Ajouter à ma liste d'épicerie"></i><div></div></div></td><td><img class="storeItemImage" alt="boeuf, jarrets (ossobuco)" src="/media/images/store_item/blank.jpg"></td><td>boeuf, jarrets (ossobuco)</td><td class="not_printable sorting_1">viandes &amp; volailles</td><td><img style="width:50%;" src="/media/images/logos/marchands/1.png" alt="Metro"></td><td><span itemprop="price">7,99 $</span><span itemprop="eligibleQuantity" itemscope="" itemtype="http://schema.org/QuantitativeValue">/<span itemprop="unitText">lb</span></span></td><td>17,62 $/kg</td><td style="display: none;">2020-02-26</td><td style="display: none;"></td><td style="display: none;"></td><td style="display: none;"></td><td style="display: none;"></td><td style="display: none;"></td><td style="display: none;"></td><td style="display: none;">osso buco</td><td style="display: none;"><a class="recipeLink" href="/recipe_ingredient_search_results.php?query=(_QU5E__1__________800__[]_1_1)&amp;sos_l=fr">Recettes avec boeuf, jarrets (ossobuco)</a></td></tr><tr role="row" class="odd"><td tabindex="0"><i class="fa fa-thumbs-up"></i><i class="fa fa-thumbs-up"></i></td><td class=" not_printable"><div class="addToGL" data-soscuisine-aisle="6" data-soscuisine-sip="3938597"><i class="fa fa-cart-plus" title="Ajouter à ma liste d'épicerie"></i><div></div></div></td><td><img class="storeItemImage" itemprop="image" alt="boeuf, lanières" src="/media/images/store_item/732.jpg"></td><td>boeuf, lanières</td><td class="not_printable sorting_1">viandes &amp; volailles</td><td><img style="width:50%;" src="/media/images/logos/marchands/69.png" alt="Intermarché (Provincial)"></td><td><span itemprop="price">5,99 $</span><span itemprop="eligibleQuantity" itemscope="" itemtype="http://schema.org/QuantitativeValue">/<span itemprop="unitText">lb</span></span></td><td>13,21 $/kg</td><td style="display: none;">2020-02-26</td><td style="display: none;"></td><td style="display: none;"></td><td style="display: none;"></td><td style="display: none;"></td><td style="display: none;"></td><td style="display: none;">grand format</td><td style="display: none;"></td><td style="display: none;"></td></tr><tr role="row" class="even"><td tabindex="0"><i class="fas fa-hand-rock"></i></td><td class=" not_printable"><div class="addToGL" data-soscuisine-aisle="6" data-soscuisine-sip="3940871"><i class="fa fa-cart-plus" title="Ajouter à ma liste d'épicerie"></i><div></div></div></td><td><img class="storeItemImage" itemprop="image" alt="boeuf, pointe de surlonge" src="/media/images/store_item/242.jpg"></td><td>boeuf, pointe de surlonge</td><td class="not_printable sorting_1">viandes &amp; volailles</td><td><img style="width:50%;" src="/media/images/logos/marchands/12.png" alt="Richelieu"></td><td><span itemprop="price">6,99 $</span><span itemprop="eligibleQuantity" itemscope="" itemtype="http://schema.org/QuantitativeValue">/<span itemprop="unitText">lb</span></span></td><td>15,41 $/kg</td><td style="display: none;">2020-02-26</td><td style="display: none;"></td><td style="display: none;"></td><td style="display: none;"></td><td style="display: none;"></td><td style="display: none;"></td><td style="display: none;">bifteck</td><td style="display: none;"></td><td style="display: none;"><a class="recipeLink" href="/recipe_ingredient_search_results.php?query=(_QU5E__1__________242__[]_1_1)&amp;sos_l=fr">Recettes avec boeuf, pointe de surlonge</a></td></tr><tr role="row" class="odd"><td tabindex="0"><i class="fa fa-thumbs-down"></i></td><td class=" not_printable"><div class="addToGL" data-soscuisine-aisle="6" data-soscuisine-sip="3939585"><i class="fa fa-cart-plus" title="Ajouter à ma liste d'épicerie"></i><div></div></div></td><td><img class="storeItemImage" itemprop="image" alt="boeuf, rôti de palette (pour pot-au-feu)" src="/media/images/store_item/416.jpg"></td><td>boeuf, rôti de palette (pour pot-au-feu)</td><td class="not_printable sorting_1">viandes &amp; volailles</td><td><img style="width:50%;" src="/media/images/logos/marchands/10.png" alt="Bonichoix "></td><td><span itemprop="price">7,49 $</span><span itemprop="eligibleQuantity" itemscope="" itemtype="http://schema.org/QuantitativeValue">/<span itemprop="unitText">lb</span></span></td><td>16,51 $/kg</td><td style="display: none;">2020-02-26</td><td style="display: none;"></td><td style="display: none;"></td><td style="display: none;"></td><td style="display: none;"></td><td style="display: none;"></td><td style="display: none;">désossé</td><td style="display: none;">roti ou roti de bas</td><td style="display: none;"><a class="recipeLink" href="/recipe_ingredient_search_results.php?query=(_QU5E__1__________416__[]_1_1)&amp;sos_l=fr">Recettes avec boeuf, rôti de palette (pour pot-au-feu)</a></td></tr><tr role="row" class="even"><td tabindex="0"><i class="fas fa-hand-rock"></i></td><td class=" not_printable"><div class="addToGL" data-soscuisine-aisle="6" data-soscuisine-sip="3938043"><i class="fa fa-cart-plus" title="Ajouter à ma liste d'épicerie"></i><div></div></div></td><td><img class="storeItemImage" itemprop="image" alt="boeuf, rôti de palette (pour pot-au-feu)" src="/media/images/store_item/416.jpg"></td><td>boeuf, rôti de palette (pour pot-au-feu)</td><td class="not_printable sorting_1">viandes &amp; volailles</td><td><img style="width:50%;" src="/media/images/logos/marchands/7.png" alt="Intermarché (Saveurs intl.)"></td><td><span itemprop="price">4,00 $</span><span itemprop="eligibleQuantity" itemscope="" itemtype="http://schema.org/QuantitativeValue">/<span itemprop="unitText">lb</span></span></td><td>8,82 $/kg</td><td style="display: none;">2020-02-26</td><td style="display: none;"></td><td style="display: none;"></td><td style="display: none;"></td><td style="display: none;"></td><td style="display: none;"></td><td style="display: none;">désossé</td><td style="display: none;">rôti</td><td style="display: none;"><a class="recipeLink" href="/recipe_ingredient_search_results.php?query=(_QU5E__1__________416__[]_1_1)&amp;sos_l=fr">Recettes avec boeuf, rôti de palette (pour pot-au-feu)</a></td></tr><tr role="row" class="odd"><td tabindex="0"><i class="fas fa-hand-rock"></i></td><td class=" not_printable"><div class="addToGL" data-soscuisine-aisle="6" data-soscuisine-sip="3940583"><i class="fa fa-cart-plus" title="Ajouter à ma liste d'épicerie"></i><div></div></div></td><td><img class="storeItemImage" itemprop="image" alt="boeuf, rôti de palette (pour pot-au-feu)" src="/media/images/store_item/416.jpg"></td><td>boeuf, rôti de palette (pour pot-au-feu)</td><td class="not_printable sorting_1">viandes &amp; volailles</td><td><img style="width:50%;" src="/media/images/logos/marchands/5.png" alt="Super C"></td><td><span itemprop="price">6,99 $</span><span itemprop="eligibleQuantity" itemscope="" itemtype="http://schema.org/QuantitativeValue">/<span itemprop="unitText">lb</span></span></td><td>15,41 $/kg</td><td style="display: none;">2020-02-26</td><td style="display: none;"></td><td style="display: none;"></td><td style="display: none;"></td><td style="display: none;"></td><td style="display: none;"></td><td style="display: none;">désossé</td><td style="display: none;"></td><td style="display: none;"><a class="recipeLink" href="/recipe_ingredient_search_results.php?query=(_QU5E__1__________416__[]_1_1)&amp;sos_l=fr">Recettes avec boeuf, rôti de palette (pour pot-au-feu)</a></td></tr><tr role="row" class="even"><td tabindex="0"><i class="fa fa-thumbs-down"></i></td><td class=" not_printable"><div class="addToGL" data-soscuisine-aisle="6" data-soscuisine-sip="3940653"><i class="fa fa-cart-plus" title="Ajouter à ma liste d'épicerie"></i><div></div></div></td><td><img class="storeItemImage" itemprop="image" alt="boeuf, rôti de palette (pour pot-au-feu)" src="/media/images/store_item/416.jpg"></td><td>boeuf, rôti de palette (pour pot-au-feu)</td><td class="not_printable sorting_1">viandes &amp; volailles</td><td><img style="width:50%;" src="/media/images/logos/marchands/11.png" alt="Tradition"></td><td><span itemprop="price">7,49 $</span><span itemprop="eligibleQuantity" itemscope="" itemtype="http://schema.org/QuantitativeValue">/<span itemprop="unitText">lb</span></span></td><td>16,51 $/kg</td><td style="display: none;">2020-02-26</td><td style="display: none;"></td><td style="display: none;"></td><td style="display: none;"></td><td style="display: none;"></td><td style="display: none;"></td><td style="display: none;">désossé</td><td style="display: none;">roti ou roti de bas</td><td style="display: none;"><a class="recipeLink" href="/recipe_ingredient_search_results.php?query=(_QU5E__1__________416__[]_1_1)&amp;sos_l=fr">Recettes avec boeuf, rôti de palette (pour pot-au-feu)</a></td></tr><tr role="row" class="odd"><td tabindex="0"><i class="fas fa-hand-rock"></i></td><td class=" not_printable"><div class="addToGL" data-soscuisine-aisle="6" data-soscuisine-sip="3939581"><i class="fa fa-cart-plus" title="Ajouter à ma liste d'épicerie"></i><div></div></div></td><td><img class="storeItemImage" itemprop="image" alt="boeuf, rôti, haut de surlonge" src="/media/images/store_item/719.jpg"></td><td>boeuf, rôti, haut de surlonge</td><td class="not_printable sorting_1">viandes &amp; volailles</td><td><img style="width:50%;" src="/media/images/logos/marchands/10.png" alt="Bonichoix "></td><td><span itemprop="price">8,99 $</span><span itemprop="eligibleQuantity" itemscope="" itemtype="http://schema.org/QuantitativeValue">/<span itemprop="unitText">lb</span></span></td><td>19,82 $/kg</td><td style="display: none;">2020-02-26</td><td style="display: none;"></td><td style="display: none;"></td><td style="display: none;"></td><td style="display: none;"></td><td style="display: none;"></td><td style="display: none;"></td><td style="display: none;"></td><td style="display: none;"></td></tr><tr role="row" class="even"><td tabindex="0"><i class="fa fa-thumbs-down"></i></td><td class=" not_printable"><div class="addToGL" data-soscuisine-aisle="6" data-soscuisine-sip="3939381"><i class="fa fa-cart-plus" title="Ajouter à ma liste d'épicerie"></i><div></div></div></td><td><img class="storeItemImage" itemprop="image" alt="boeuf, rôti, haut de surlonge" src="/media/images/store_item/719.jpg"></td><td>boeuf, rôti, haut de surlonge</td><td class="not_printable sorting_1">viandes &amp; volailles</td><td><img style="width:50%;" src="/media/images/logos/marchands/3.png" alt="IGA"></td><td><span itemprop="price">9,99 $</span><span itemprop="eligibleQuantity" itemscope="" itemtype="http://schema.org/QuantitativeValue">/<span itemprop="unitText">lb</span></span></td><td>22,02 $/kg</td><td style="display: none;">2020-02-26</td><td style="display: none;"></td><td style="display: none;"></td><td style="display: none;"></td><td style="display: none;"></td><td style="display: none;"></td><td style="display: none;"></td><td style="display: none;"></td><td style="display: none;"></td></tr><tr role="row" class="odd"><td tabindex="0"><i class="fas fa-hand-rock"></i></td><td class=" not_printable"><div class="addToGL" data-soscuisine-aisle="6" data-soscuisine-sip="3939119"><i class="fa fa-cart-plus" title="Ajouter à ma liste d'épicerie"></i><div></div></div></td><td><img class="storeItemImage" alt="boeuf, rôti, intérieur de ronde" src="/media/images/store_item/blank.jpg"></td><td>boeuf, rôti, intérieur de ronde</td><td class="not_printable sorting_1">viandes &amp; volailles</td><td><img style="width:50%;" src="/media/images/logos/marchands/63.png" alt="Marché Adonis"></td><td><span itemprop="price">4,99 $</span><span itemprop="eligibleQuantity" itemscope="" itemtype="http://schema.org/QuantitativeValue">/<span itemprop="unitText">lb</span></span></td><td>11,00 $/kg</td><td style="display: none;">2020-02-26</td><td style="display: none;"></td><td style="display: none;"></td><td style="display: none;"></td><td style="display: none;"></td><td style="display: none;"></td><td style="display: none;"></td><td style="display: none;"></td><td style="display: none;"></td></tr><tr role="row" class="even"><td tabindex="0"><i class="fa fa-thumbs-up"></i></td><td class=" not_printable"><div class="addToGL" data-soscuisine-aisle="6" data-soscuisine-sip="3937605"><i class="fa fa-cart-plus" title="Ajouter à ma liste d'épicerie"></i><div></div></div></td><td><img class="storeItemImage" alt="boeuf, rôti, intérieur de ronde" src="/media/images/store_item/blank.jpg"></td><td>boeuf, rôti, intérieur de ronde</td><td class="not_printable sorting_1">viandes &amp; volailles</td><td><img style="width:50%;" src="/media/images/logos/marchands/1.png" alt="Metro"></td><td><span itemprop="price">3,77 $</span><span itemprop="eligibleQuantity" itemscope="" itemtype="http://schema.org/QuantitativeValue">/<span itemprop="unitText">lb</span></span></td><td>8,31 $/kg</td><td style="display: none;">2020-02-26</td><td style="display: none;"></td><td style="display: none;"></td><td style="display: none;"></td><td style="display: none;"></td><td style="display: none;"></td><td style="display: none;"></td><td style="display: none;">francais</td><td style="display: none;"></td></tr><tr role="row" class="odd"><td tabindex="0"><i class="fa fa-thumbs-up"></i><i class="fa fa-thumbs-up"></i></td><td class=" not_printable"><div class="addToGL" data-soscuisine-aisle="6" data-soscuisine-sip="3937977"><i class="fa fa-cart-plus" title="Ajouter à ma liste d'épicerie"></i><div></div></div></td><td><img class="storeItemImage" alt="boeuf, rôti, intérieur de ronde" src="/media/images/store_item/blank.jpg"></td><td>boeuf, rôti, intérieur de ronde</td><td class="not_printable sorting_1">viandes &amp; volailles</td><td><img style="width:50%;" src="/media/images/logos/marchands/2.png" alt="Provigo"></td><td><span itemprop="price">2,99 $</span><span itemprop="eligibleQuantity" itemscope="" itemtype="http://schema.org/QuantitativeValue">/<span itemprop="unitText">lb</span></span></td><td>6,59 $/kg</td><td style="display: none;">2020-02-26</td><td style="display: none;">Canada</td><td style="display: none;"></td><td style="display: none;"></td><td style="display: none;"></td><td style="display: none;">Cat.AA ou mieux</td><td style="display: none;">grand format</td><td style="display: none;"></td><td style="display: none;"></td></tr><tr role="row" class="even"><td tabindex="0"><i class="fas fa-hand-rock"></i></td><td class=" not_printable"><div class="addToGL" data-soscuisine-aisle="6" data-soscuisine-sip="3935935"><i class="fa fa-cart-plus" title="Ajouter à ma liste d'épicerie"></i><div></div></div></td><td><img class="storeItemImage" alt="boeuf, rôti, intérieur de ronde" src="/media/images/store_item/blank.jpg"></td><td>boeuf, rôti, intérieur de ronde</td><td class="not_printable sorting_1">viandes &amp; volailles</td><td><img style="width:50%;" src="/media/images/logos/marchands/62.png" alt="Supermarché PA"></td><td><span itemprop="price">4,99 $</span><span itemprop="eligibleQuantity" itemscope="" itemtype="http://schema.org/QuantitativeValue">/<span itemprop="unitText">lb</span></span></td><td>11,00 $/kg</td><td style="display: none;">2020-02-23</td><td style="display: none;">Canada</td><td style="display: none;"></td><td style="display: none;"></td><td style="display: none;"></td><td style="display: none;">Cat.AA</td><td style="display: none;"></td><td style="display: none;"></td><td style="display: none;"></td></tr><tr role="row" class="odd"><td tabindex="0"><i class="fa fa-thumbs-down"></i></td><td class=" not_printable"><div class="addToGL" data-soscuisine-aisle="6" data-soscuisine-sip="3940663"><i class="fa fa-cart-plus" title="Ajouter à ma liste d'épicerie"></i><div></div></div></td><td><img class="storeItemImage" alt="boeuf, rôti, intérieur de ronde" src="/media/images/store_item/blank.jpg"></td><td>boeuf, rôti, intérieur de ronde</td><td class="not_printable sorting_1">viandes &amp; volailles</td><td><img style="width:50%;" src="/media/images/logos/marchands/11.png" alt="Tradition"></td><td><span itemprop="price">7,49 $</span><span itemprop="eligibleQuantity" itemscope="" itemtype="http://schema.org/QuantitativeValue">/<span itemprop="unitText">lb</span></span></td><td>16,51 $/kg</td><td style="display: none;">2020-02-26</td><td style="display: none;"></td><td style="display: none;"></td><td style="display: none;"></td><td style="display: none;"></td><td style="display: none;"></td><td style="display: none;">grand format</td><td style="display: none;">francais</td><td style="display: none;"></td></tr><tr role="row" class="even"><td tabindex="0"><i class="fa fa-thumbs-down"></i></td><td class=" not_printable"><div class="addToGL" data-soscuisine-aisle="6" data-soscuisine-sip="3940869"><i class="fa fa-cart-plus" title="Ajouter à ma liste d'épicerie"></i><div></div></div></td><td><img class="storeItemImage" alt="boeuf, rôti, pointe de surlonge" src="/media/images/store_item/blank.jpg"></td><td>boeuf, rôti, pointe de surlonge</td><td class="not_printable sorting_1">viandes &amp; volailles</td><td><img style="width:50%;" src="/media/images/logos/marchands/12.png" alt="Richelieu"></td><td><span itemprop="price">6,99 $</span><span itemprop="eligibleQuantity" itemscope="" itemtype="http://schema.org/QuantitativeValue">/<span itemprop="unitText">lb</span></span></td><td>15,41 $/kg</td><td style="display: none;">2020-02-26</td><td style="display: none;"></td><td style="display: none;"></td><td style="display: none;"></td><td style="display: none;"></td><td style="display: none;"></td><td style="display: none;"></td><td style="display: none;"></td><td style="display: none;"></td></tr><tr role="row" class="odd"><td tabindex="0"><i class="fa fa-thumbs-down"></i></td><td class=" not_printable"><div class="addToGL" data-soscuisine-aisle="6" data-soscuisine-sip="3938125"><i class="fa fa-cart-plus" title="Ajouter à ma liste d'épicerie"></i><div></div></div></td><td><img class="storeItemImage" alt="boeuf, rôti/bifteck de côtes croisées" src="/media/images/store_item/blank.jpg"></td><td>boeuf, rôti/bifteck de côtes croisées</td><td class="not_printable sorting_1">viandes &amp; volailles</td><td><img style="width:50%;" src="/media/images/logos/marchands/7.png" alt="Intermarché (Saveurs intl.)"></td><td><span itemprop="price">5,99 $</span><span itemprop="eligibleQuantity" itemscope="" itemtype="http://schema.org/QuantitativeValue">/<span itemprop="unitText">lb</span></span></td><td>13,21 $/kg</td><td style="display: none;">2020-02-26</td><td style="display: none;">Canada</td><td style="display: none;"></td><td style="display: none;"></td><td style="display: none;"></td><td style="display: none;">Cat.A ou mieux</td><td style="display: none;">désossé, grand fomat</td><td style="display: none;">rôti</td><td style="display: none;"><a class="recipeLink" href="/recipe_ingredient_search_results.php?query=(_QU5E__1__________561__[]_1_1)&amp;sos_l=fr">Recettes avec boeuf, rôti/bifteck de côtes croisées</a></td></tr><tr role="row" class="even"><td tabindex="0"><i class="fa fa-thumbs-down"></i></td><td class=" not_printable"><div class="addToGL" data-soscuisine-aisle="6" data-soscuisine-sip="3940581"><i class="fa fa-cart-plus" title="Ajouter à ma liste d'épicerie"></i><div></div></div></td><td><img class="storeItemImage" alt="boeuf, rôti/bifteck de côtes croisées" src="/media/images/store_item/blank.jpg"></td><td>boeuf, rôti/bifteck de côtes croisées</td><td class="not_printable sorting_1">viandes &amp; volailles</td><td><img style="width:50%;" src="/media/images/logos/marchands/5.png" alt="Super C"></td><td><span itemprop="price">6,99 $</span><span itemprop="eligibleQuantity" itemscope="" itemtype="http://schema.org/QuantitativeValue">/<span itemprop="unitText">lb</span></span></td><td>15,41 $/kg</td><td style="display: none;">2020-02-26</td><td style="display: none;"></td><td style="display: none;"></td><td style="display: none;"></td><td style="display: none;"></td><td style="display: none;"></td><td style="display: none;">désossé</td><td style="display: none;"></td><td style="display: none;"><a class="recipeLink" href="/recipe_ingredient_search_results.php?query=(_QU5E__1__________561__[]_1_1)&amp;sos_l=fr">Recettes avec boeuf, rôti/bifteck de côtes croisées</a></td></tr><tr role="row" class="odd"><td tabindex="0"><i class="fas fa-hand-rock"></i></td><td class=" not_printable"><div class="addToGL" data-soscuisine-aisle="6" data-soscuisine-sip="3937729"><i class="fa fa-cart-plus" title="Ajouter à ma liste d'épicerie"></i><div></div></div></td><td><img class="storeItemImage" itemprop="image" alt="canard, magrets ou poitrines" src="/media/images/store_item/303.jpg"></td><td>canard, magrets ou poitrines</td><td class="not_printable sorting_1">viandes &amp; volailles</td><td><img style="width:50%;" src="/media/images/logos/marchands/1.png" alt="Metro"></td><td><span itemprop="price">13,99 $</span><span itemprop="eligibleQuantity" itemscope="" itemtype="http://schema.org/QuantitativeValue">/<span itemprop="unitText">lb</span></span></td><td>30,84 $/kg</td><td style="display: none;">2020-02-26</td><td style="display: none;">Québec</td><td style="display: none;">Lac Brôme</td><td style="display: none;"></td><td style="display: none;">poitrine</td><td style="display: none;"></td><td style="display: none;">désossé</td><td style="display: none;">frais, emb. sous vide</td><td style="display: none;"><a class="recipeLink" href="/recipe_ingredient_search_results.php?query=(_QU5E__1__________303__[]_1_1)&amp;sos_l=fr">Recettes avec canard, magrets ou poitrines</a></td></tr><tr role="row" class="even"><td tabindex="0"><i class="fa fa-thumbs-up"></i></td><td class=" not_printable"><div class="addToGL" data-soscuisine-aisle="6" data-soscuisine-sip="3938221"><i class="fa fa-cart-plus" title="Ajouter à ma liste d'épicerie"></i><div></div></div></td><td><img class="storeItemImage" itemprop="image" alt="canard, magrets ou poitrines" src="/media/images/store_item/303.jpg"></td><td>canard, magrets ou poitrines</td><td class="not_printable sorting_1">viandes &amp; volailles</td><td><img style="width:50%;" src="/media/images/logos/marchands/2.png" alt="Provigo"></td><td><span itemprop="price">10,99 $</span><span itemprop="eligibleQuantity" itemscope="" itemtype="http://schema.org/QuantitativeValue">/<span itemprop="unitText">lb</span></span></td><td>24,23 $/kg</td><td style="display: none;">2020-02-26</td><td style="display: none;"></td><td style="display: none;">Lac Brôme</td><td style="display: none;"></td><td style="display: none;">poitrine</td><td style="display: none;"></td><td style="display: none;">désossé</td><td style="display: none;">frais</td><td style="display: none;"><a class="recipeLink" href="/recipe_ingredient_search_results.php?query=(_QU5E__1__________303__[]_1_1)&amp;sos_l=fr">Recettes avec canard, magrets ou poitrines</a></td></tr><tr role="row" class="odd"><td tabindex="0"><i class="fa fa-thumbs-up"></i><i class="fa fa-thumbs-up"></i></td><td class=" not_printable"><div class="addToGL" data-soscuisine-aisle="6" data-soscuisine-sip="3937503"><i class="fa fa-cart-plus" title="Ajouter à ma liste d'épicerie"></i><div></div></div></td><td><img class="storeItemImage" alt="canards entiers" src="/media/images/store_item/blank.jpg"></td><td>canards entiers</td><td class="not_printable sorting_1">viandes &amp; volailles</td><td><img style="width:50%;" src="/media/images/logos/marchands/6.png" alt="Maxi"></td><td><span itemprop="price">2,00 $</span><span itemprop="eligibleQuantity" itemscope="" itemtype="http://schema.org/QuantitativeValue">/<span itemprop="unitText">lb</span></span></td><td>4,41 $/kg</td><td style="display: none;">2020-02-26</td><td style="display: none;"></td><td style="display: none;"></td><td style="display: none;"></td><td style="display: none;"></td><td style="display: none;">utilité</td><td style="display: none;">surgelé</td><td style="display: none;"></td><td style="display: none;"><a class="recipeLink" href="/recipe_ingredient_search_results.php?query=(_QU5E__1__________627__[]_1_1)&amp;sos_l=fr">Recettes avec canards entiers</a></td></tr><tr role="row" class="even"><td tabindex="0"><i class="fa fa-thumbs-up"></i></td><td class=" not_printable"><div class="addToGL" data-soscuisine-aisle="6" data-soscuisine-sip="3939535"><i class="fa fa-cart-plus" title="Ajouter à ma liste d'épicerie"></i><div></div></div></td><td><img class="storeItemImage" itemprop="image" alt="charcuterie, bacon de porc" src="/media/images/store_item/231.jpg"></td><td>charcuterie, bacon de porc</td><td class="not_printable sorting_1">viandes &amp; volailles</td><td><img style="width:50%;" src="/media/images/logos/marchands/10.png" alt="Bonichoix "></td><td><span itemprop="price">3,99 $</span><span itemprop="eligibleQuantity" itemscope="" itemtype="http://schema.org/QuantitativeValue">/<span itemprop="unitText">375g</span></span></td><td>10,64 $/kg</td><td style="display: none;">2020-02-26</td><td style="display: none;"></td><td style="display: none;">Mère Michel</td><td style="display: none;"></td><td style="display: none;"></td><td style="display: none;"></td><td style="display: none;"></td><td style="display: none;"></td><td style="display: none;"><a class="recipeLink" href="/recipe_ingredient_search_results.php?query=(_QU5E__1__________231__[]_1_1)&amp;sos_l=fr">Recettes avec charcuterie, bacon de porc</a></td></tr><tr role="row" class="odd"><td tabindex="0"><i class="fa fa-thumbs-up"></i></td><td class=" not_printable"><div class="addToGL" data-soscuisine-aisle="6" data-soscuisine-sip="3939393"><i class="fa fa-cart-plus" title="Ajouter à ma liste d'épicerie"></i><div></div></div></td><td><img class="storeItemImage" itemprop="image" alt="charcuterie, bacon de porc" src="/media/images/store_item/231.jpg"></td><td>charcuterie, bacon de porc</td><td class="not_printable sorting_1">viandes &amp; volailles</td><td><img style="width:50%;" src="/media/images/logos/marchands/3.png" alt="IGA"></td><td><span itemprop="price">4,99 $</span><span itemprop="eligibleQuantity" itemscope="" itemtype="http://schema.org/QuantitativeValue">/<span itemprop="unitText">500g</span></span></td><td>9,98 $/kg</td><td style="display: none;">2020-02-26</td><td style="display: none;"></td><td style="display: none;">marque maison</td><td style="display: none;"></td><td style="display: none;"></td><td style="display: none;"></td><td style="display: none;"></td><td style="display: none;"></td><td style="display: none;"><a class="recipeLink" href="/recipe_ingredient_search_results.php?query=(_QU5E__1__________231__[]_1_1)&amp;sos_l=fr">Recettes avec charcuterie, bacon de porc</a></td></tr><tr role="row" class="even"><td tabindex="0"><i class="fa fa-thumbs-up"></i><i class="fa fa-thumbs-up"></i></td><td class=" not_printable"><div class="addToGL" data-soscuisine-aisle="6" data-soscuisine-sip="3937497"><i class="fa fa-cart-plus" title="Ajouter à ma liste d'épicerie"></i><div></div></div></td><td><img class="storeItemImage" itemprop="image" alt="charcuterie, bacon de porc" src="/media/images/store_item/231.jpg"></td><td>charcuterie, bacon de porc</td><td class="not_printable sorting_1">viandes &amp; volailles</td><td><img style="width:50%;" src="/media/images/logos/marchands/6.png" alt="Maxi"></td><td><span itemprop="price">2,00 $</span><span itemprop="eligibleQuantity" itemscope="" itemtype="http://schema.org/QuantitativeValue">/<span itemprop="unitText">500g</span></span></td><td>4,00 $/kg</td><td style="display: none;">2020-02-26</td><td style="display: none;"></td><td style="display: none;">Spalding</td><td style="display: none;"></td><td style="display: none;"></td><td style="display: none;"></td><td style="display: none;"></td><td style="display: none;"></td><td style="display: none;"><a class="recipeLink" href="/recipe_ingredient_search_results.php?query=(_QU5E__1__________231__[]_1_1)&amp;sos_l=fr">Recettes avec charcuterie, bacon de porc</a></td></tr><tr role="row" class="odd"><td tabindex="0"><i class="fa fa-thumbs-down"></i></td><td class=" not_printable"><div class="addToGL" data-soscuisine-aisle="6" data-soscuisine-sip="3937733"><i class="fa fa-cart-plus" title="Ajouter à ma liste d'épicerie"></i><div></div></div></td><td><img class="storeItemImage" itemprop="image" alt="charcuterie, bacon de porc" src="/media/images/store_item/231.jpg"></td><td>charcuterie, bacon de porc</td><td class="not_printable sorting_1">viandes &amp; volailles</td><td><img style="width:50%;" src="/media/images/logos/marchands/1.png" alt="Metro"></td><td><span itemprop="price">7,99 $</span><span itemprop="eligibleQuantity" itemscope="" itemtype="http://schema.org/QuantitativeValue">/<span itemprop="unitText">500g</span></span></td><td>15,98 $/kg</td><td style="display: none;">2020-02-26</td><td style="display: none;">Canada</td><td style="display: none;">Schneiders</td><td style="display: none;"></td><td style="display: none;">fumé naturellement</td><td style="display: none;"></td><td style="display: none;"></td><td style="display: none;">erable</td><td style="display: none;"><a class="recipeLink" href="/recipe_ingredient_search_results.php?query=(_QU5E__1__________231__[]_1_1)&amp;sos_l=fr">Recettes avec charcuterie, bacon de porc</a></td></tr><tr role="row" class="even"><td tabindex="0"><i class="fa fa-thumbs-up"></i><i class="fa fa-thumbs-up"></i></td><td class=" not_printable"><div class="addToGL" data-soscuisine-aisle="6" data-soscuisine-sip="3938017"><i class="fa fa-cart-plus" title="Ajouter à ma liste d'épicerie"></i><div></div></div></td><td><img class="storeItemImage" itemprop="image" alt="charcuterie, bacon de porc" src="/media/images/store_item/231.jpg"></td><td>charcuterie, bacon de porc</td><td class="not_printable sorting_1">viandes &amp; volailles</td><td><img style="width:50%;" src="/media/images/logos/marchands/2.png" alt="Provigo"></td><td><span itemprop="price">3,99 $</span><span itemprop="eligibleQuantity" itemscope="" itemtype="http://schema.org/QuantitativeValue">/<span itemprop="unitText">500g</span></span></td><td>7,98 $/kg</td><td style="display: none;">2020-02-26</td><td style="display: none;"></td><td style="display: none;">marque maison</td><td style="display: none;"></td><td style="display: none;">fumé naturellement</td><td style="display: none;"></td><td style="display: none;"></td><td style="display: none;">valide du 20 au 22 fev seulement</td><td style="display: none;"><a class="recipeLink" href="/recipe_ingredient_search_results.php?query=(_QU5E__1__________231__[]_1_1)&amp;sos_l=fr">Recettes avec charcuterie, bacon de porc</a></td></tr><tr role="row" class="odd"><td tabindex="0"><i class="fa fa-thumbs-up"></i></td><td class=" not_printable"><div class="addToGL" data-soscuisine-aisle="6" data-soscuisine-sip="3938019"><i class="fa fa-cart-plus" title="Ajouter à ma liste d'épicerie"></i><div></div></div></td><td><img class="storeItemImage" itemprop="image" alt="charcuterie, bacon de porc" src="/media/images/store_item/231.jpg"></td><td>charcuterie, bacon de porc</td><td class="not_printable sorting_1">viandes &amp; volailles</td><td><img style="width:50%;" src="/media/images/logos/marchands/2.png" alt="Provigo"></td><td><span itemprop="price">4,99 $</span><span itemprop="eligibleQuantity" itemscope="" itemtype="http://schema.org/QuantitativeValue">/<span itemprop="unitText">500g</span></span></td><td>9,98 $/kg</td><td style="display: none;">2020-02-26</td><td style="display: none;"></td><td style="display: none;">marque maison</td><td style="display: none;"></td><td style="display: none;">fumé naturellement</td><td style="display: none;"></td><td style="display: none;"></td><td style="display: none;">valide du 23 au 26 fev</td><td style="display: none;"><a class="recipeLink" href="/recipe_ingredient_search_results.php?query=(_QU5E__1__________231__[]_1_1)&amp;sos_l=fr">Recettes avec charcuterie, bacon de porc</a></td></tr><tr role="row" class="even"><td tabindex="0"><i class="fas fa-hand-rock"></i></td><td class=" not_printable"><div class="addToGL" data-soscuisine-aisle="6" data-soscuisine-sip="3938233"><i class="fa fa-cart-plus" title="Ajouter à ma liste d'épicerie"></i><div></div></div></td><td><img class="storeItemImage" itemprop="image" alt="charcuterie, bacon de porc" src="/media/images/store_item/231.jpg"></td><td>charcuterie, bacon de porc</td><td class="not_printable sorting_1">viandes &amp; volailles</td><td><img style="width:50%;" src="/media/images/logos/marchands/2.png" alt="Provigo"></td><td><span itemprop="price">11,49 $</span><span itemprop="eligibleQuantity" itemscope="" itemtype="http://schema.org/QuantitativeValue">/<span itemprop="unitText">1kg</span></span></td><td>11,49 $/kg</td><td style="display: none;">2020-02-26</td><td style="display: none;"></td><td style="display: none;">marque maison</td><td style="display: none;"></td><td style="display: none;"></td><td style="display: none;"></td><td style="display: none;"></td><td style="display: none;">a l'ancienne</td><td style="display: none;"><a class="recipeLink" href="/recipe_ingredient_search_results.php?query=(_QU5E__1__________231__[]_1_1)&amp;sos_l=fr">Recettes avec charcuterie, bacon de porc</a></td></tr><tr role="row" class="odd"><td tabindex="0"><i class="fa fa-thumbs-down"></i></td><td class=" not_printable"><div class="addToGL" data-soscuisine-aisle="6" data-soscuisine-sip="3938821"><i class="fa fa-cart-plus" title="Ajouter à ma liste d'épicerie"></i><div></div></div></td><td><img class="storeItemImage" itemprop="image" alt="charcuterie, bacon de porc" src="/media/images/store_item/231.jpg"></td><td>charcuterie, bacon de porc</td><td class="not_printable sorting_1">viandes &amp; volailles</td><td><img style="width:50%;" src="/media/images/logos/marchands/93.png" alt="Rachelle Béry"></td><td><span itemprop="price">7,99 $</span><span itemprop="eligibleQuantity" itemscope="" itemtype="http://schema.org/QuantitativeValue">/<span itemprop="unitText">250g</span></span></td><td>31,96 $/kg</td><td style="display: none;">2020-03-04</td><td style="display: none;"></td><td style="display: none;">duBreton</td><td style="display: none;"></td><td style="display: none;"></td><td style="display: none;">Bio</td><td style="display: none;"></td><td style="display: none;"></td><td style="display: none;"><a class="recipeLink" href="/recipe_ingredient_search_results.php?query=(_QU5E__1__________231__[]_1_1)&amp;sos_l=fr">Recettes avec charcuterie, bacon de porc</a></td></tr><tr role="row" class="even"><td tabindex="0"><i class="fas fa-hand-rock"></i></td><td class=" not_printable"><div class="addToGL" data-soscuisine-aisle="6" data-soscuisine-sip="3940879"><i class="fa fa-cart-plus" title="Ajouter à ma liste d'épicerie"></i><div></div></div></td><td><img class="storeItemImage" itemprop="image" alt="charcuterie, bacon de porc" src="/media/images/store_item/231.jpg"></td><td>charcuterie, bacon de porc</td><td class="not_printable sorting_1">viandes &amp; volailles</td><td><img style="width:50%;" src="/media/images/logos/marchands/12.png" alt="Richelieu"></td><td><span itemprop="price">4,49 $</span><span itemprop="eligibleQuantity" itemscope="" itemtype="http://schema.org/QuantitativeValue">/<span itemprop="unitText">375g</span></span></td><td>11,97 $/kg</td><td style="display: none;">2020-02-26</td><td style="display: none;"></td><td style="display: none;">marque maison</td><td style="display: none;"></td><td style="display: none;"></td><td style="display: none;"></td><td style="display: none;"></td><td style="display: none;"></td><td style="display: none;"><a class="recipeLink" href="/recipe_ingredient_search_results.php?query=(_QU5E__1__________231__[]_1_1)&amp;sos_l=fr">Recettes avec charcuterie, bacon de porc</a></td></tr><tr role="row" class="odd"><td tabindex="0"><i class="fa fa-thumbs-up"></i></td><td class=" not_printable"><div class="addToGL" data-soscuisine-aisle="6" data-soscuisine-sip="3940807"><i class="fa fa-cart-plus" title="Ajouter à ma liste d'épicerie"></i><div></div></div></td><td><img class="storeItemImage" itemprop="image" alt="charcuterie, bacon de porc" src="/media/images/store_item/231.jpg"></td><td>charcuterie, bacon de porc</td><td class="not_printable sorting_1">viandes &amp; volailles</td><td><img style="width:50%;" src="/media/images/logos/marchands/5.png" alt="Super C"></td><td><span itemprop="price">3,99 $</span><span itemprop="eligibleQuantity" itemscope="" itemtype="http://schema.org/QuantitativeValue">/<span itemprop="unitText">375g</span></span></td><td>10,64 $/kg</td><td style="display: none;">2020-04-08</td><td style="display: none;"></td><td style="display: none;">marque maison</td><td style="display: none;"></td><td style="display: none;"></td><td style="display: none;"></td><td style="display: none;"></td><td style="display: none;">valide du 20 février au 8 avril</td><td style="display: none;"><a class="recipeLink" href="/recipe_ingredient_search_results.php?query=(_QU5E__1__________231__[]_1_1)&amp;sos_l=fr">Recettes avec charcuterie, bacon de porc</a></td></tr><tr role="row" class="even"><td tabindex="0"><i class="fas fa-hand-rock"></i></td><td class=" not_printable"><div class="addToGL" data-soscuisine-aisle="6" data-soscuisine-sip="3940475"><i class="fa fa-cart-plus" title="Ajouter à ma liste d'épicerie"></i><div></div></div></td><td><img class="storeItemImage" itemprop="image" alt="charcuterie, bacon de porc" src="/media/images/store_item/231.jpg"></td><td>charcuterie, bacon de porc</td><td class="not_printable sorting_1">viandes &amp; volailles</td><td><img style="width:50%;" src="/media/images/logos/marchands/11.png" alt="Tradition"></td><td><span itemprop="price">4,99 $</span><span itemprop="eligibleQuantity" itemscope="" itemtype="http://schema.org/QuantitativeValue">/<span itemprop="unitText">375g</span></span></td><td>13,31 $/kg</td><td style="display: none;">2020-02-26</td><td style="display: none;"></td><td style="display: none;">Olymel</td><td style="display: none;"></td><td style="display: none;"></td><td style="display: none;"></td><td style="display: none;"></td><td style="display: none;"></td><td style="display: none;"><a class="recipeLink" href="/recipe_ingredient_search_results.php?query=(_QU5E__1__________231__[]_1_1)&amp;sos_l=fr">Recettes avec charcuterie, bacon de porc</a></td></tr><tr role="row" class="odd"><td tabindex="0"><i class="fa fa-thumbs-up"></i><i class="fa fa-thumbs-up"></i></td><td class=" not_printable"><div class="addToGL" data-soscuisine-aisle="6" data-soscuisine-sip="3940987"><i class="fa fa-cart-plus" title="Ajouter à ma liste d'épicerie"></i><div></div></div></td><td><img class="storeItemImage" itemprop="image" alt="charcuterie, bacon de porc" src="/media/images/store_item/231.jpg"></td><td>charcuterie, bacon de porc</td><td class="not_printable sorting_1">viandes &amp; volailles</td><td><img style="width:50%;" src="/media/images/logos/marchands/73.png" alt="Walmart"></td><td><span itemprop="price">2,97 $</span><span itemprop="eligibleQuantity" itemscope="" itemtype="http://schema.org/QuantitativeValue">/<span itemprop="unitText">375g</span></span></td><td>7,92 $/kg</td><td style="display: none;">2020-02-26</td><td style="display: none;"></td><td style="display: none;">Mère Michel</td><td style="display: none;"></td><td style="display: none;"></td><td style="display: none;"></td><td style="display: none;"></td><td style="display: none;">seulement aux supercentres</td><td style="display: none;"><a class="recipeLink" href="/recipe_ingredient_search_results.php?query=(_QU5E__1__________231__[]_1_1)&amp;sos_l=fr">Recettes avec charcuterie, bacon de porc</a></td></tr><tr role="row" class="even"><td tabindex="0"><i class="fas fa-exclamation"></i></td><td class=" not_printable"><div class="addToGL" data-soscuisine-aisle="6" data-soscuisine-sip="3938137"><i class="fa fa-cart-plus" title="Ajouter à ma liste d'épicerie"></i><div></div></div></td><td><img class="storeItemImage" alt="charcuterie, bacon de poulet" src="/media/images/store_item/blank.jpg"></td><td>charcuterie, bacon de poulet</td><td class="not_printable sorting_1">viandes &amp; volailles</td><td><img style="width:50%;" src="/media/images/logos/marchands/7.png" alt="Intermarché (Saveurs intl.)"></td><td><span itemprop="price">3,99 $</span><span itemprop="eligibleQuantity" itemscope="" itemtype="http://schema.org/QuantitativeValue">/<span itemprop="unitText">375g</span></span></td><td>10,64 $/kg</td><td style="display: none;">2020-02-26</td><td style="display: none;"></td><td style="display: none;">Maple Lodge</td><td style="display: none;"></td><td style="display: none;"></td><td style="display: none;">Halal</td><td style="display: none;"></td><td style="display: none;">Zabiha</td><td style="display: none;"><a class="recipeLink" href="/recipe_ingredient_search_results.php?query=(_QU5E__1__________575__[]_1_1)&amp;sos_l=fr">Recettes avec charcuterie, bacon de poulet</a></td></tr><tr role="row" class="odd"><td tabindex="0"><i class="fas fa-hand-rock"></i></td><td class=" not_printable"><div class="addToGL" data-soscuisine-aisle="6" data-soscuisine-sip="3939609"><i class="fa fa-cart-plus" title="Ajouter à ma liste d'épicerie"></i><div></div></div></td><td><img class="storeItemImage" alt="charcuterie, boeuf fumé" src="/media/images/store_item/blank.jpg"></td><td>charcuterie, boeuf fumé</td><td class="not_printable sorting_1">viandes &amp; volailles</td><td><img style="width:50%;" src="/media/images/logos/marchands/10.png" alt="Bonichoix "></td><td><span itemprop="price">2,39 $</span><span itemprop="eligibleQuantity" itemscope="" itemtype="http://schema.org/QuantitativeValue">/<span itemprop="unitText">100g</span></span></td><td>23,90 $/kg</td><td style="display: none;">2020-02-26</td><td style="display: none;"></td><td style="display: none;">Lesters</td><td style="display: none;"></td><td style="display: none;">pastrami</td><td style="display: none;"></td><td style="display: none;"></td><td style="display: none;"></td><td style="display: none;"></td></tr><tr role="row" class="even"><td tabindex="0"><i class="fa fa-thumbs-up"></i></td><td class=" not_printable"><div class="addToGL" data-soscuisine-aisle="6" data-soscuisine-sip="3938935"><i class="fa fa-cart-plus" title="Ajouter à ma liste d'épicerie"></i><div></div></div></td><td><img class="storeItemImage" alt="charcuterie, boeuf fumé" src="/media/images/store_item/blank.jpg"></td><td>charcuterie, boeuf fumé</td><td class="not_printable sorting_1">viandes &amp; volailles</td><td><img style="width:50%;" src="/media/images/logos/marchands/3.png" alt="IGA"></td><td><span itemprop="price">9,99 $</span><span itemprop="eligibleQuantity" itemscope="" itemtype="http://schema.org/QuantitativeValue">/<span itemprop="unitText">500g</span></span></td><td>19,98 $/kg</td><td style="display: none;">2020-02-26</td><td style="display: none;"></td><td style="display: none;">Schwartz's</td><td style="display: none;"></td><td style="display: none;"></td><td style="display: none;"></td><td style="display: none;"></td><td style="display: none;"></td><td style="display: none;"></td></tr><tr role="row" class="odd"><td tabindex="0"><i class="fa fa-thumbs-down"></i></td><td class=" not_printable"><div class="addToGL" data-soscuisine-aisle="6" data-soscuisine-sip="3937743"><i class="fa fa-cart-plus" title="Ajouter à ma liste d'épicerie"></i><div></div></div></td><td><img class="storeItemImage" alt="charcuterie, boeuf fumé" src="/media/images/store_item/blank.jpg"></td><td>charcuterie, boeuf fumé</td><td class="not_printable sorting_1">viandes &amp; volailles</td><td><img style="width:50%;" src="/media/images/logos/marchands/1.png" alt="Metro"></td><td><span itemprop="price">13,99 $</span><span itemprop="eligibleQuantity" itemscope="" itemtype="http://schema.org/QuantitativeValue">/<span itemprop="unitText">500g</span></span></td><td>27,98 $/kg</td><td style="display: none;">2020-02-26</td><td style="display: none;"></td><td style="display: none;">Dunn's</td><td style="display: none;"></td><td style="display: none;"></td><td style="display: none;"></td><td style="display: none;"></td><td style="display: none;"></td><td style="display: none;"></td></tr><tr role="row" class="even"><td tabindex="0"><i class="fas fa-hand-rock"></i></td><td class=" not_printable"><div class="addToGL" data-soscuisine-aisle="6" data-soscuisine-sip="3935955"><i class="fa fa-cart-plus" title="Ajouter à ma liste d'épicerie"></i><div></div></div></td><td><img class="storeItemImage" alt="charcuterie, boeuf fumé" src="/media/images/store_item/blank.jpg"></td><td>charcuterie, boeuf fumé</td><td class="not_printable sorting_1">viandes &amp; volailles</td><td><img style="width:50%;" src="/media/images/logos/marchands/62.png" alt="Supermarché PA"></td><td><span itemprop="price">9,99 $</span><span itemprop="eligibleQuantity" itemscope="" itemtype="http://schema.org/QuantitativeValue">/<span itemprop="unitText">lb</span></span></td><td>22,02 $/kg</td><td style="display: none;">2020-02-23</td><td style="display: none;"></td><td style="display: none;"></td><td style="display: none;"></td><td style="display: none;">à l'ancienne</td><td style="display: none;"></td><td style="display: none;"></td><td style="display: none;"></td><td style="display: none;"></td></tr><tr role="row" class="odd"><td tabindex="0"><i class="fas fa-hand-rock"></i></td><td class=" not_printable"><div class="addToGL" data-soscuisine-aisle="6" data-soscuisine-sip="3940721"><i class="fa fa-cart-plus" title="Ajouter à ma liste d'épicerie"></i><div></div></div></td><td><img class="storeItemImage" alt="charcuterie, boeuf fumé" src="/media/images/store_item/blank.jpg"></td><td>charcuterie, boeuf fumé</td><td class="not_printable sorting_1">viandes &amp; volailles</td><td><img style="width:50%;" src="/media/images/logos/marchands/11.png" alt="Tradition"></td><td><span itemprop="price">2,39 $</span><span itemprop="eligibleQuantity" itemscope="" itemtype="http://schema.org/QuantitativeValue">/<span itemprop="unitText">100g</span></span></td><td>23,90 $/kg</td><td style="display: none;">2020-02-26</td><td style="display: none;"></td><td style="display: none;">Lesters</td><td style="display: none;"></td><td style="display: none;"></td><td style="display: none;"></td><td style="display: none;"></td><td style="display: none;"></td><td style="display: none;"></td></tr><tr role="row" class="even"><td tabindex="0"><i class="fas fa-hand-rock"></i></td><td class=" not_printable"><div class="addToGL" data-soscuisine-aisle="6" data-soscuisine-sip="3939445"><i class="fa fa-cart-plus" title="Ajouter à ma liste d'épicerie"></i><div></div></div></td><td><img class="storeItemImage" itemprop="image" alt="charcuterie, bologne" src="/media/images/store_item/766.jpg"></td><td>charcuterie, bologne</td><td class="not_printable sorting_1">viandes &amp; volailles</td><td><img style="width:50%;" src="/media/images/logos/marchands/3.png" alt="IGA"></td><td><span itemprop="price">5,49 $</span><span itemprop="eligibleQuantity" itemscope="" itemtype="http://schema.org/QuantitativeValue">/<span itemprop="unitText">675g</span></span></td><td>8,13 $/kg</td><td style="display: none;">2020-02-26</td><td style="display: none;"></td><td style="display: none;">Lafleur</td><td style="display: none;"></td><td style="display: none;"></td><td style="display: none;"></td><td style="display: none;"></td><td style="display: none;"></td><td style="display: none;"></td></tr><tr role="row" class="odd"><td tabindex="0"><i class="fas fa-hand-rock"></i></td><td class=" not_printable"><div class="addToGL" data-soscuisine-aisle="6" data-soscuisine-sip="3937735"><i class="fa fa-cart-plus" title="Ajouter à ma liste d'épicerie"></i><div></div></div></td><td><img class="storeItemImage" itemprop="image" alt="charcuterie, bologne" src="/media/images/store_item/766.jpg"></td><td>charcuterie, bologne</td><td class="not_printable sorting_1">viandes &amp; volailles</td><td><img style="width:50%;" src="/media/images/logos/marchands/1.png" alt="Metro"></td><td><span itemprop="price">4,49 $</span><span itemprop="eligibleQuantity" itemscope="" itemtype="http://schema.org/QuantitativeValue">/<span itemprop="unitText">600g</span></span></td><td>7,48 $/kg</td><td style="display: none;">2020-02-26</td><td style="display: none;">Québec</td><td style="display: none;">Lesters</td><td style="display: none;"></td><td style="display: none;"></td><td style="display: none;"></td><td style="display: none;"></td><td style="display: none;"></td><td style="display: none;"></td></tr><tr role="row" class="even"><td tabindex="0"><i class="fa fa-thumbs-down"></i></td><td class=" not_printable"><div class="addToGL" data-soscuisine-aisle="6" data-soscuisine-sip="3939525"><i class="fa fa-cart-plus" title="Ajouter à ma liste d'épicerie"></i><div></div></div></td><td><img class="storeItemImage" itemprop="image" alt="charcuterie, capocollo" src="/media/images/store_item/857.jpg"></td><td>charcuterie, capocollo</td><td class="not_printable sorting_1">viandes &amp; volailles</td><td><img style="width:50%;" src="/media/images/logos/marchands/3.png" alt="IGA"></td><td><span itemprop="price">5,99 $</span><span itemprop="eligibleQuantity" itemscope="" itemtype="http://schema.org/QuantitativeValue">/125g</span></td><td>47,92 $/kg</td><td style="display: none;">2020-02-26</td><td style="display: none;">Québec</td><td style="display: none;">Fantino &amp; Mondello</td><td style="display: none;"></td><td style="display: none;"></td><td style="display: none;"></td><td style="display: none;">tranché</td><td style="display: none;"></td><td style="display: none;"><a class="recipeLink" href="/recipe_ingredient_search_results.php?query=(_QU5E__1__________857__[]_1_1)&amp;sos_l=fr">Recettes avec charcuterie, capocollo</a></td></tr><tr role="row" class="odd"><td tabindex="0"><i class="fas fa-hand-rock"></i></td><td class=" not_printable"><div class="addToGL" data-soscuisine-aisle="6" data-soscuisine-sip="3937525"><i class="fa fa-cart-plus" title="Ajouter à ma liste d'épicerie"></i><div></div></div></td><td><img class="storeItemImage" itemprop="image" alt="charcuterie, capocollo" src="/media/images/store_item/857.jpg"></td><td>charcuterie, capocollo</td><td class="not_printable sorting_1">viandes &amp; volailles</td><td><img style="width:50%;" src="/media/images/logos/marchands/6.png" alt="Maxi"></td><td><span itemprop="price">2,00 $</span><span itemprop="eligibleQuantity" itemscope="" itemtype="http://schema.org/QuantitativeValue">/125g</span></td><td>16,00 $/kg</td><td style="display: none;">2020-02-26</td><td style="display: none;"></td><td style="display: none;">Mastro</td><td style="display: none;"></td><td style="display: none;"></td><td style="display: none;"></td><td style="display: none;"></td><td style="display: none;"></td><td style="display: none;"><a class="recipeLink" href="/recipe_ingredient_search_results.php?query=(_QU5E__1__________857__[]_1_1)&amp;sos_l=fr">Recettes avec charcuterie, capocollo</a></td></tr><tr role="row" class="even"><td tabindex="0"><i class="fa fa-thumbs-down"></i></td><td class=" not_printable"><div class="addToGL" data-soscuisine-aisle="6" data-soscuisine-sip="3939601"><i class="fa fa-cart-plus" title="Ajouter à ma liste d'épicerie"></i><div></div></div></td><td><img class="storeItemImage" itemprop="image" alt="charcuterie, jambon" src="/media/images/store_item/544.jpg"></td><td>charcuterie, jambon</td><td class="not_printable sorting_1">viandes &amp; volailles</td><td><img style="width:50%;" src="/media/images/logos/marchands/10.png" alt="Bonichoix "></td><td><span itemprop="price">5,99 $</span><span itemprop="eligibleQuantity" itemscope="" itemtype="http://schema.org/QuantitativeValue">/<span itemprop="unitText">175g</span></span></td><td>34,23 $/kg</td><td style="display: none;">2020-02-26</td><td style="display: none;"></td><td style="display: none;">Natural Selections</td><td style="display: none;"></td><td style="display: none;"></td><td style="display: none;"></td><td style="display: none;">tranché</td><td style="display: none;"></td><td style="display: none;"><a class="recipeLink" href="/recipe_ingredient_search_results.php?query=(_QU5E__1__________544__[]_1_1)&amp;sos_l=fr">Recettes avec charcuterie, jambon</a></td></tr><tr role="row" class="odd"><td tabindex="0"><i class="fas fa-hand-rock"></i></td><td class=" not_printable"><div class="addToGL" data-soscuisine-aisle="6" data-soscuisine-sip="3938663"><i class="fa fa-cart-plus" title="Ajouter à ma liste d'épicerie"></i><div></div></div></td><td><img class="storeItemImage" itemprop="image" alt="charcuterie, jambon" src="/media/images/store_item/544.jpg"></td><td>charcuterie, jambon</td><td class="not_printable sorting_1">viandes &amp; volailles</td><td><img style="width:50%;" src="/media/images/logos/marchands/69.png" alt="Intermarché (Provincial)"></td><td><span itemprop="price">3,99 $</span><span itemprop="eligibleQuantity" itemscope="" itemtype="http://schema.org/QuantitativeValue">/<span itemprop="unitText">200g</span></span></td><td>19,95 $/kg</td><td style="display: none;">2020-02-26</td><td style="display: none;"></td><td style="display: none;">Gaspesien</td><td style="display: none;"></td><td style="display: none;"></td><td style="display: none;"></td><td style="display: none;">tranché</td><td style="display: none;">cuit</td><td style="display: none;"><a class="recipeLink" href="/recipe_ingredient_search_results.php?query=(_QU5E__1__________544__[]_1_1)&amp;sos_l=fr">Recettes avec charcuterie, jambon</a></td></tr><tr role="row" class="even"><td tabindex="0"><i class="fas fa-hand-rock"></i></td><td class=" not_printable"><div class="addToGL" data-soscuisine-aisle="6" data-soscuisine-sip="3938385"><i class="fa fa-cart-plus" title="Ajouter à ma liste d'épicerie"></i><div></div></div></td><td><img class="storeItemImage" itemprop="image" alt="charcuterie, jambon" src="/media/images/store_item/544.jpg"></td><td>charcuterie, jambon</td><td class="not_printable sorting_1">viandes &amp; volailles</td><td><img style="width:50%;" src="/media/images/logos/marchands/7.png" alt="Intermarché (Saveurs intl.)"></td><td><span itemprop="price">1,79 $</span><span itemprop="eligibleQuantity" itemscope="" itemtype="http://schema.org/QuantitativeValue">/<span itemprop="unitText">100g</span></span></td><td>17,90 $/kg</td><td style="display: none;">2020-02-26</td><td style="display: none;"></td><td style="display: none;">Mastro</td><td style="display: none;"></td><td style="display: none;">à la Toscane</td><td style="display: none;"></td><td style="display: none;"></td><td style="display: none;">ou Romarin</td><td style="display: none;"><a class="recipeLink" href="/recipe_ingredient_search_results.php?query=(_QU5E__1__________544__[]_1_1)&amp;sos_l=fr">Recettes avec charcuterie, jambon</a></td></tr><tr role="row" class="odd"><td tabindex="0"><i class="fas fa-hand-rock"></i></td><td class=" not_printable"><div class="addToGL" data-soscuisine-aisle="6" data-soscuisine-sip="3938393"><i class="fa fa-cart-plus" title="Ajouter à ma liste d'épicerie"></i><div></div></div></td><td><img class="storeItemImage" itemprop="image" alt="charcuterie, jambon" src="/media/images/store_item/544.jpg"></td><td>charcuterie, jambon</td><td class="not_printable sorting_1">viandes &amp; volailles</td><td><img style="width:50%;" src="/media/images/logos/marchands/7.png" alt="Intermarché (Saveurs intl.)"></td><td><span itemprop="price">3,99 $</span><span itemprop="eligibleQuantity" itemscope="" itemtype="http://schema.org/QuantitativeValue">/<span itemprop="unitText">200g</span></span></td><td>19,95 $/kg</td><td style="display: none;">2020-02-26</td><td style="display: none;"></td><td style="display: none;">Gaspesien</td><td style="display: none;"></td><td style="display: none;"></td><td style="display: none;"></td><td style="display: none;">tranché</td><td style="display: none;">cuit</td><td style="display: none;"><a class="recipeLink" href="/recipe_ingredient_search_results.php?query=(_QU5E__1__________544__[]_1_1)&amp;sos_l=fr">Recettes avec charcuterie, jambon</a></td></tr><tr role="row" class="even"><td tabindex="0"><i class="fas fa-hand-rock"></i></td><td class=" not_printable"><div class="addToGL" data-soscuisine-aisle="6" data-soscuisine-sip="3939123"><i class="fa fa-cart-plus" title="Ajouter à ma liste d'épicerie"></i><div></div></div></td><td><img class="storeItemImage" itemprop="image" alt="charcuterie, jambon" src="/media/images/store_item/544.jpg"></td><td>charcuterie, jambon</td><td class="not_printable sorting_1">viandes &amp; volailles</td><td><img style="width:50%;" src="/media/images/logos/marchands/63.png" alt="Marché Adonis"></td><td><span itemprop="price">6,99 $</span><span itemprop="eligibleQuantity" itemscope="" itemtype="http://schema.org/QuantitativeValue">/<span itemprop="unitText">lb</span></span></td><td>15,41 $/kg</td><td style="display: none;">2020-02-26</td><td style="display: none;"></td><td style="display: none;">Mastro</td><td style="display: none;"></td><td style="display: none;">à la Toscane</td><td style="display: none;"></td><td style="display: none;"></td><td style="display: none;">ou Romarin</td><td style="display: none;"><a class="recipeLink" href="/recipe_ingredient_search_results.php?query=(_QU5E__1__________544__[]_1_1)&amp;sos_l=fr">Recettes avec charcuterie, jambon</a></td></tr><tr role="row" class="odd"><td tabindex="0"><i class="fas fa-hand-rock"></i></td><td class=" not_printable"><div class="addToGL" data-soscuisine-aisle="6" data-soscuisine-sip="3937523"><i class="fa fa-cart-plus" title="Ajouter à ma liste d'épicerie"></i><div></div></div></td><td><img class="storeItemImage" itemprop="image" alt="charcuterie, jambon" src="/media/images/store_item/544.jpg"></td><td>charcuterie, jambon</td><td class="not_printable sorting_1">viandes &amp; volailles</td><td><img style="width:50%;" src="/media/images/logos/marchands/6.png" alt="Maxi"></td><td><span itemprop="price">2,00 $</span><span itemprop="eligibleQuantity" itemscope="" itemtype="http://schema.org/QuantitativeValue">/125g</span></td><td>16,00 $/kg</td><td style="display: none;">2020-02-26</td><td style="display: none;"></td><td style="display: none;">Mastro</td><td style="display: none;"></td><td style="display: none;">prosciutto cotto</td><td style="display: none;"></td><td style="display: none;"></td><td style="display: none;"></td><td style="display: none;"><a class="recipeLink" href="/recipe_ingredient_search_results.php?query=(_QU5E__1__________544__[]_1_1)&amp;sos_l=fr">Recettes avec charcuterie, jambon</a></td></tr><tr role="row" class="even"><td tabindex="0"><i class="fa fa-thumbs-up"></i><i class="fa fa-thumbs-up"></i></td><td class=" not_printable"><div class="addToGL" data-soscuisine-aisle="6" data-soscuisine-sip="3938885"><i class="fa fa-cart-plus" title="Ajouter à ma liste d'épicerie"></i><div></div></div></td><td><img class="storeItemImage" itemprop="image" alt="charcuterie, jambon" src="/media/images/store_item/544.jpg"></td><td>charcuterie, jambon</td><td class="not_printable sorting_1">viandes &amp; volailles</td><td><img style="width:50%;" src="/media/images/logos/marchands/64.png" alt="Mourelatos"></td><td><span itemprop="price">2,99 $</span><span itemprop="eligibleQuantity" itemscope="" itemtype="http://schema.org/QuantitativeValue">/<span itemprop="unitText">lb</span></span></td><td>6,59 $/kg</td><td style="display: none;">2020-02-25</td><td style="display: none;"></td><td style="display: none;">Fletcher's</td><td style="display: none;"></td><td style="display: none;"></td><td style="display: none;"></td><td style="display: none;"></td><td style="display: none;">cuit</td><td style="display: none;"><a class="recipeLink" href="/recipe_ingredient_search_results.php?query=(_QU5E__1__________544__[]_1_1)&amp;sos_l=fr">Recettes avec charcuterie, jambon</a></td></tr><tr role="row" class="odd"><td tabindex="0"><i class="fa fa-thumbs-up"></i></td><td class=" not_printable"><div class="addToGL" data-soscuisine-aisle="6" data-soscuisine-sip="3940881"><i class="fa fa-cart-plus" title="Ajouter à ma liste d'épicerie"></i><div></div></div></td><td><img class="storeItemImage" itemprop="image" alt="charcuterie, jambon" src="/media/images/store_item/544.jpg"></td><td>charcuterie, jambon</td><td class="not_printable sorting_1">viandes &amp; volailles</td><td><img style="width:50%;" src="/media/images/logos/marchands/12.png" alt="Richelieu"></td><td><span itemprop="price">1,49 $</span><span itemprop="eligibleQuantity" itemscope="" itemtype="http://schema.org/QuantitativeValue">/<span itemprop="unitText">100g</span></span></td><td>14,90 $/kg</td><td style="display: none;">2020-02-26</td><td style="display: none;"></td><td style="display: none;">Le Petit Charcutier</td><td style="display: none;"></td><td style="display: none;">extra-maigre</td><td style="display: none;"></td><td style="display: none;"></td><td style="display: none;"></td><td style="display: none;"><a class="recipeLink" href="/recipe_ingredient_search_results.php?query=(_QU5E__1__________544__[]_1_1)&amp;sos_l=fr">Recettes avec charcuterie, jambon</a></td></tr><tr role="row" class="even"><td tabindex="0"><i class="fas fa-hand-rock"></i></td><td class=" not_printable"><div class="addToGL" data-soscuisine-aisle="6" data-soscuisine-sip="3940703"><i class="fa fa-cart-plus" title="Ajouter à ma liste d'épicerie"></i><div></div></div></td><td><img class="storeItemImage" itemprop="image" alt="charcuterie, jambon" src="/media/images/store_item/544.jpg"></td><td>charcuterie, jambon</td><td class="not_printable sorting_1">viandes &amp; volailles</td><td><img style="width:50%;" src="/media/images/logos/marchands/11.png" alt="Tradition"></td><td><span itemprop="price">2,49 $</span><span itemprop="eligibleQuantity" itemscope="" itemtype="http://schema.org/QuantitativeValue">/<span itemprop="unitText">100g</span></span></td><td>24,90 $/kg</td><td style="display: none;">2020-02-26</td><td style="display: none;"></td><td style="display: none;">Lafleur</td><td style="display: none;"></td><td style="display: none;"></td><td style="display: none;"></td><td style="display: none;"></td><td style="display: none;"></td><td style="display: none;"><a class="recipeLink" href="/recipe_ingredient_search_results.php?query=(_QU5E__1__________544__[]_1_1)&amp;sos_l=fr">Recettes avec charcuterie, jambon</a></td></tr><tr role="row" class="odd"><td tabindex="0"><i class="fa fa-thumbs-down"></i></td><td class=" not_printable"><div class="addToGL" data-soscuisine-aisle="6" data-soscuisine-sip="3940445"><i class="fa fa-cart-plus" title="Ajouter à ma liste d'épicerie"></i><div></div></div></td><td><img class="storeItemImage" itemprop="image" alt="charcuterie, jambon" src="/media/images/store_item/544.jpg"></td><td>charcuterie, jambon</td><td class="not_printable sorting_1">viandes &amp; volailles</td><td><img style="width:50%;" src="/media/images/logos/marchands/11.png" alt="Tradition"></td><td><span itemprop="price">11,98 $</span><span itemprop="eligibleQuantity" itemscope="" itemtype="http://schema.org/QuantitativeValue">/<span itemprop="value">2</span>x<span itemprop="unitText">175g</span></span></td><td>34,23 $/kg</td><td style="display: none;">2020-02-26</td><td style="display: none;"></td><td style="display: none;">Natural Selections</td><td style="display: none;"></td><td style="display: none;"></td><td style="display: none;"></td><td style="display: none;">tranché</td><td style="display: none;"></td><td style="display: none;"><a class="recipeLink" href="/recipe_ingredient_search_results.php?query=(_QU5E__1__________544__[]_1_1)&amp;sos_l=fr">Recettes avec charcuterie, jambon</a></td></tr><tr role="row" class="even"><td tabindex="0"><i class="fas fa-hand-rock"></i></td><td class=" not_printable"><div class="addToGL" data-soscuisine-aisle="6" data-soscuisine-sip="3939607"><i class="fa fa-cart-plus" title="Ajouter à ma liste d'épicerie"></i><div></div></div></td><td><img class="storeItemImage" itemprop="image" alt="charcuterie, jambon fumé" src="/media/images/store_item/236.jpg"></td><td>charcuterie, jambon fumé</td><td class="not_printable sorting_1">viandes &amp; volailles</td><td><img style="width:50%;" src="/media/images/logos/marchands/10.png" alt="Bonichoix "></td><td><span itemprop="price">1,99 $</span><span itemprop="eligibleQuantity" itemscope="" itemtype="http://schema.org/QuantitativeValue">/<span itemprop="unitText">100g</span></span></td><td>19,90 $/kg</td><td style="display: none;">2020-02-26</td><td style="display: none;"></td><td style="display: none;">Olymel</td><td style="display: none;"></td><td style="display: none;">forêt noire</td><td style="display: none;"></td><td style="display: none;"></td><td style="display: none;"></td><td style="display: none;"><a class="recipeLink" href="/recipe_ingredient_search_results.php?query=(_QU5E__1__________236__[]_1_1)&amp;sos_l=fr">Recettes avec charcuterie, jambon fumé</a></td></tr><tr role="row" class="odd"><td tabindex="0"><i class="fas fa-hand-rock"></i></td><td class=" not_printable"><div class="addToGL" data-soscuisine-aisle="6" data-soscuisine-sip="3939441"><i class="fa fa-cart-plus" title="Ajouter à ma liste d'épicerie"></i><div></div></div></td><td><img class="storeItemImage" itemprop="image" alt="charcuterie, jambon fumé" src="/media/images/store_item/236.jpg"></td><td>charcuterie, jambon fumé</td><td class="not_printable sorting_1">viandes &amp; volailles</td><td><img style="width:50%;" src="/media/images/logos/marchands/3.png" alt="IGA"></td><td><span itemprop="price">2,29 $</span><span itemprop="eligibleQuantity" itemscope="" itemtype="http://schema.org/QuantitativeValue">/<span itemprop="unitText">100g</span></span></td><td>22,90 $/kg</td><td style="display: none;">2020-02-26</td><td style="display: none;"></td><td style="display: none;">Maple Leaf</td><td style="display: none;"></td><td style="display: none;"></td><td style="display: none;"></td><td style="display: none;"></td><td style="display: none;"></td><td style="display: none;"><a class="recipeLink" href="/recipe_ingredient_search_results.php?query=(_QU5E__1__________236__[]_1_1)&amp;sos_l=fr">Recettes avec charcuterie, jambon fumé</a></td></tr><tr role="row" class="even"><td tabindex="0"><i class="fas fa-hand-rock"></i></td><td class=" not_printable"><div class="addToGL" data-soscuisine-aisle="6" data-soscuisine-sip="3939353"><i class="fa fa-cart-plus" title="Ajouter à ma liste d'épicerie"></i><div></div></div></td><td><img class="storeItemImage" itemprop="image" alt="charcuterie, jambon fumé" src="/media/images/store_item/236.jpg"></td><td>charcuterie, jambon fumé</td><td class="not_printable sorting_1">viandes &amp; volailles</td><td><img style="width:50%;" src="/media/images/logos/marchands/63.png" alt="Marché Adonis"></td><td><span itemprop="price">3,49 $</span><span itemprop="eligibleQuantity" itemscope="" itemtype="http://schema.org/QuantitativeValue">/<span itemprop="unitText">175g</span></span></td><td>19,94 $/kg</td><td style="display: none;">2020-02-26</td><td style="display: none;"></td><td style="display: none;">Schneiders</td><td style="display: none;"></td><td style="display: none;">forêt noire</td><td style="display: none;"></td><td style="display: none;">tranché</td><td style="display: none;"></td><td style="display: none;"><a class="recipeLink" href="/recipe_ingredient_search_results.php?query=(_QU5E__1__________236__[]_1_1)&amp;sos_l=fr">Recettes avec charcuterie, jambon fumé</a></td></tr><tr role="row" class="odd"><td tabindex="0"><i class="fas fa-hand-rock"></i></td><td class=" not_printable"><div class="addToGL" data-soscuisine-aisle="6" data-soscuisine-sip="3939367"><i class="fa fa-cart-plus" title="Ajouter à ma liste d'épicerie"></i><div></div></div></td><td><img class="storeItemImage" itemprop="image" alt="charcuterie, jambon fumé" src="/media/images/store_item/236.jpg"></td><td>charcuterie, jambon fumé</td><td class="not_printable sorting_1">viandes &amp; volailles</td><td><img style="width:50%;" src="/media/images/logos/marchands/63.png" alt="Marché Adonis"></td><td><span itemprop="price">3,49 $</span><span itemprop="eligibleQuantity" itemscope="" itemtype="http://schema.org/QuantitativeValue">/<span itemprop="unitText">150g</span></span></td><td>23,27 $/kg</td><td style="display: none;">2020-02-26</td><td style="display: none;"></td><td style="display: none;">Olymel</td><td style="display: none;"></td><td style="display: none;">à l'ancienne</td><td style="display: none;"></td><td style="display: none;">tranché</td><td style="display: none;">sans gluten</td><td style="display: none;"><a class="recipeLink" href="/recipe_ingredient_search_results.php?query=(_QU5E__1__________236__[]_1_1)&amp;sos_l=fr">Recettes avec charcuterie, jambon fumé</a></td></tr><tr role="row" class="even"><td tabindex="0"><i class="fa fa-thumbs-up"></i></td><td class=" not_printable"><div class="addToGL" data-soscuisine-aisle="6" data-soscuisine-sip="3937521"><i class="fa fa-cart-plus" title="Ajouter à ma liste d'épicerie"></i><div></div></div></td><td><img class="storeItemImage" itemprop="image" alt="charcuterie, jambon fumé" src="/media/images/store_item/236.jpg"></td><td>charcuterie, jambon fumé</td><td class="not_printable sorting_1">viandes &amp; volailles</td><td><img style="width:50%;" src="/media/images/logos/marchands/6.png" alt="Maxi"></td><td><span itemprop="price">2,00 $</span><span itemprop="eligibleQuantity" itemscope="" itemtype="http://schema.org/QuantitativeValue">/<span itemprop="unitText">175g</span></span></td><td>11,43 $/kg</td><td style="display: none;">2020-02-26</td><td style="display: none;"></td><td style="display: none;">Piller's</td><td style="display: none;"></td><td style="display: none;">forêt noire</td><td style="display: none;"></td><td style="display: none;"></td><td style="display: none;"></td><td style="display: none;"><a class="recipeLink" href="/recipe_ingredient_search_results.php?query=(_QU5E__1__________236__[]_1_1)&amp;sos_l=fr">Recettes avec charcuterie, jambon fumé</a></td></tr><tr role="row" class="odd"><td tabindex="0"><i class="fas fa-hand-rock"></i></td><td class=" not_printable"><div class="addToGL" data-soscuisine-aisle="6" data-soscuisine-sip="3937603"><i class="fa fa-cart-plus" title="Ajouter à ma liste d'épicerie"></i><div></div></div></td><td><img class="storeItemImage" itemprop="image" alt="charcuterie, jambon fumé" src="/media/images/store_item/236.jpg"></td><td>charcuterie, jambon fumé</td><td class="not_printable sorting_1">viandes &amp; volailles</td><td><img style="width:50%;" src="/media/images/logos/marchands/1.png" alt="Metro"></td><td><span itemprop="price">2,39 $</span><span itemprop="eligibleQuantity" itemscope="" itemtype="http://schema.org/QuantitativeValue">/<span itemprop="unitText">100g</span></span></td><td>23,90 $/kg</td><td style="display: none;">2020-02-26</td><td style="display: none;"></td><td style="display: none;">marque maison</td><td style="display: none;"></td><td style="display: none;">forêt noire</td><td style="display: none;"></td><td style="display: none;"></td><td style="display: none;"></td><td style="display: none;"><a class="recipeLink" href="/recipe_ingredient_search_results.php?query=(_QU5E__1__________236__[]_1_1)&amp;sos_l=fr">Recettes avec charcuterie, jambon fumé</a></td></tr><tr role="row" class="even"><td tabindex="0"><i class="fa fa-thumbs-down"></i></td><td class=" not_printable"><div class="addToGL" data-soscuisine-aisle="6" data-soscuisine-sip="3938375"><i class="fa fa-cart-plus" title="Ajouter à ma liste d'épicerie"></i><div></div></div></td><td><img class="storeItemImage" itemprop="image" alt="charcuterie, mortadella" src="/media/images/store_item/241.jpg"></td><td>charcuterie, mortadella</td><td class="not_printable sorting_1">viandes &amp; volailles</td><td><img style="width:50%;" src="/media/images/logos/marchands/7.png" alt="Intermarché (Saveurs intl.)"></td><td><span itemprop="price">1,49 $</span><span itemprop="eligibleQuantity" itemscope="" itemtype="http://schema.org/QuantitativeValue">/<span itemprop="unitText">100g</span></span></td><td>14,90 $/kg</td><td style="display: none;">2020-02-26</td><td style="display: none;">Italie</td><td style="display: none;"></td><td style="display: none;"></td><td style="display: none;"></td><td style="display: none;"></td><td style="display: none;"></td><td style="display: none;">Felsineo</td><td style="display: none;"><a class="recipeLink" href="/recipe_ingredient_search_results.php?query=(_QU5E__1__________241__[]_1_1)&amp;sos_l=fr">Recettes avec charcuterie, mortadella</a></td></tr><tr role="row" class="odd"><td tabindex="0"><i class="fa fa-thumbs-up"></i></td><td class=" not_printable"><div class="addToGL" data-soscuisine-aisle="6" data-soscuisine-sip="3939113"><i class="fa fa-cart-plus" title="Ajouter à ma liste d'épicerie"></i><div></div></div></td><td><img class="storeItemImage" itemprop="image" alt="charcuterie, mortadella" src="/media/images/store_item/241.jpg"></td><td>charcuterie, mortadella</td><td class="not_printable sorting_1">viandes &amp; volailles</td><td><img style="width:50%;" src="/media/images/logos/marchands/63.png" alt="Marché Adonis"></td><td><span itemprop="price">4,99 $</span><span itemprop="eligibleQuantity" itemscope="" itemtype="http://schema.org/QuantitativeValue">/<span itemprop="unitText">lb</span></span></td><td>11,00 $/kg</td><td style="display: none;">2020-02-26</td><td style="display: none;"></td><td style="display: none;">Nostrano</td><td style="display: none;"></td><td style="display: none;"></td><td style="display: none;"></td><td style="display: none;"></td><td style="display: none;"></td><td style="display: none;"><a class="recipeLink" href="/recipe_ingredient_search_results.php?query=(_QU5E__1__________241__[]_1_1)&amp;sos_l=fr">Recettes avec charcuterie, mortadella</a></td></tr><tr role="row" class="even"><td tabindex="0"><i class="fas fa-hand-rock"></i></td><td class=" not_printable"><div class="addToGL" data-soscuisine-aisle="6" data-soscuisine-sip="3937527"><i class="fa fa-cart-plus" title="Ajouter à ma liste d'épicerie"></i><div></div></div></td><td><img class="storeItemImage" itemprop="image" alt="charcuterie, mortadella" src="/media/images/store_item/241.jpg"></td><td>charcuterie, mortadella</td><td class="not_printable sorting_1">viandes &amp; volailles</td><td><img style="width:50%;" src="/media/images/logos/marchands/6.png" alt="Maxi"></td><td><span itemprop="price">2,00 $</span><span itemprop="eligibleQuantity" itemscope="" itemtype="http://schema.org/QuantitativeValue">/<span itemprop="unitText">175g</span></span></td><td>11,43 $/kg</td><td style="display: none;">2020-02-26</td><td style="display: none;"></td><td style="display: none;">San Daniele</td><td style="display: none;"></td><td style="display: none;"></td><td style="display: none;"></td><td style="display: none;"></td><td style="display: none;"></td><td style="display: none;"><a class="recipeLink" href="/recipe_ingredient_search_results.php?query=(_QU5E__1__________241__[]_1_1)&amp;sos_l=fr">Recettes avec charcuterie, mortadella</a></td></tr><tr role="row" class="odd"><td tabindex="0"><i class="fas fa-hand-rock"></i></td><td class=" not_printable"><div class="addToGL" data-soscuisine-aisle="6" data-soscuisine-sip="3938987"><i class="fa fa-cart-plus" title="Ajouter à ma liste d'épicerie"></i><div></div></div></td><td><img class="storeItemImage" itemprop="image" alt="charcuterie, mortadella" src="/media/images/store_item/241.jpg"></td><td>charcuterie, mortadella</td><td class="not_printable sorting_1">viandes &amp; volailles</td><td><img style="width:50%;" src="/media/images/logos/marchands/64.png" alt="Mourelatos"></td><td><span itemprop="price">5,99 $</span><span itemprop="eligibleQuantity" itemscope="" itemtype="http://schema.org/QuantitativeValue">/<span itemprop="unitText">lb</span></span></td><td>13,21 $/kg</td><td style="display: none;">2020-02-25</td><td style="display: none;"></td><td style="display: none;">San Daniele</td><td style="display: none;"></td><td style="display: none;"></td><td style="display: none;"></td><td style="display: none;"></td><td style="display: none;"></td><td style="display: none;"><a class="recipeLink" href="/recipe_ingredient_search_results.php?query=(_QU5E__1__________241__[]_1_1)&amp;sos_l=fr">Recettes avec charcuterie, mortadella</a></td></tr><tr role="row" class="even"><td tabindex="0"><i class="fa fa-thumbs-up"></i></td><td class=" not_printable"><div class="addToGL" data-soscuisine-aisle="6" data-soscuisine-sip="3935949"><i class="fa fa-cart-plus" title="Ajouter à ma liste d'épicerie"></i><div></div></div></td><td><img class="storeItemImage" itemprop="image" alt="charcuterie, mortadella" src="/media/images/store_item/241.jpg"></td><td>charcuterie, mortadella</td><td class="not_printable sorting_1">viandes &amp; volailles</td><td><img style="width:50%;" src="/media/images/logos/marchands/62.png" alt="Supermarché PA"></td><td><span itemprop="price">4,99 $</span><span itemprop="eligibleQuantity" itemscope="" itemtype="http://schema.org/QuantitativeValue">/<span itemprop="unitText">lb</span></span></td><td>11,00 $/kg</td><td style="display: none;">2020-02-23</td><td style="display: none;"></td><td style="display: none;">San Daniele</td><td style="display: none;"></td><td style="display: none;"></td><td style="display: none;"></td><td style="display: none;"></td><td style="display: none;"></td><td style="display: none;"><a class="recipeLink" href="/recipe_ingredient_search_results.php?query=(_QU5E__1__________241__[]_1_1)&amp;sos_l=fr">Recettes avec charcuterie, mortadella</a></td></tr><tr role="row" class="odd"><td tabindex="0"><i class="fa fa-thumbs-up"></i></td><td class=" not_printable"><div class="addToGL" data-soscuisine-aisle="6" data-soscuisine-sip="3938379"><i class="fa fa-cart-plus" title="Ajouter à ma liste d'épicerie"></i><div></div></div></td><td><img class="storeItemImage" alt="charcuterie, pancetta" src="/media/images/store_item/blank.jpg"></td><td>charcuterie, pancetta</td><td class="not_printable sorting_1">viandes &amp; volailles</td><td><img style="width:50%;" src="/media/images/logos/marchands/7.png" alt="Intermarché (Saveurs intl.)"></td><td><span itemprop="price">2,49 $</span><span itemprop="eligibleQuantity" itemscope="" itemtype="http://schema.org/QuantitativeValue">/<span itemprop="unitText">100g</span></span></td><td>24,90 $/kg</td><td style="display: none;">2020-02-26</td><td style="display: none;"></td><td style="display: none;">Casa Italia</td><td style="display: none;"></td><td style="display: none;"></td><td style="display: none;">sans gluten</td><td style="display: none;"></td><td style="display: none;">doux ou fort</td><td style="display: none;"><a class="recipeLink" href="/recipe_ingredient_search_results.php?query=(_QU5E__1__________603__[]_1_1)&amp;sos_l=fr">Recettes avec charcuterie, pancetta</a></td></tr><tr role="row" class="even"><td tabindex="0"><i class="fa fa-thumbs-down"></i></td><td class=" not_printable"><div class="addToGL" data-soscuisine-aisle="6" data-soscuisine-sip="3938383"><i class="fa fa-cart-plus" title="Ajouter à ma liste d'épicerie"></i><div></div></div></td><td><img class="storeItemImage" alt="charcuterie, pancetta" src="/media/images/store_item/blank.jpg"></td><td>charcuterie, pancetta</td><td class="not_printable sorting_1">viandes &amp; volailles</td><td><img style="width:50%;" src="/media/images/logos/marchands/7.png" alt="Intermarché (Saveurs intl.)"></td><td><span itemprop="price">3,99 $</span><span itemprop="eligibleQuantity" itemscope="" itemtype="http://schema.org/QuantitativeValue">/125g</span></td><td>31,92 $/kg</td><td style="display: none;">2020-02-26</td><td style="display: none;"></td><td style="display: none;">Casa Italia</td><td style="display: none;"></td><td style="display: none;"></td><td style="display: none;"></td><td style="display: none;"></td><td style="display: none;"></td><td style="display: none;"><a class="recipeLink" href="/recipe_ingredient_search_results.php?query=(_QU5E__1__________603__[]_1_1)&amp;sos_l=fr">Recettes avec charcuterie, pancetta</a></td></tr><tr role="row" class="odd"><td tabindex="0"><i class="fas fa-hand-rock"></i></td><td class=" not_printable"><div class="addToGL" data-soscuisine-aisle="6" data-soscuisine-sip="3939529"><i class="fa fa-cart-plus" title="Ajouter à ma liste d'épicerie"></i><div></div></div></td><td><img class="storeItemImage" itemprop="image" alt="charcuterie, Prosciutto/jambon de Parme" src="/media/images/store_item/232.jpg"></td><td>charcuterie, Prosciutto/jambon de Parme</td><td class="not_printable sorting_1">viandes &amp; volailles</td><td><img style="width:50%;" src="/media/images/logos/marchands/3.png" alt="IGA"></td><td><span itemprop="price">5,99 $</span><span itemprop="eligibleQuantity" itemscope="" itemtype="http://schema.org/QuantitativeValue">/125g</span></td><td>47,92 $/kg</td><td style="display: none;">2020-02-26</td><td style="display: none;">Québec</td><td style="display: none;"></td><td style="display: none;"></td><td style="display: none;"></td><td style="display: none;"></td><td style="display: none;">tranché</td><td style="display: none;">Fantino &amp; Mondello</td><td style="display: none;"><a class="recipeLink" href="/recipe_ingredient_search_results.php?query=(_QU5E__1__________232__[]_1_1)&amp;sos_l=fr">Recettes avec charcuterie, Prosciutto/jambon de Parme</a></td></tr><tr role="row" class="even"><td tabindex="0"><i class="fas fa-hand-rock"></i></td><td class=" not_printable"><div class="addToGL" data-soscuisine-aisle="6" data-soscuisine-sip="3938381"><i class="fa fa-cart-plus" title="Ajouter à ma liste d'épicerie"></i><div></div></div></td><td><img class="storeItemImage" itemprop="image" alt="charcuterie, Prosciutto/jambon de Parme" src="/media/images/store_item/232.jpg"></td><td>charcuterie, Prosciutto/jambon de Parme</td><td class="not_printable sorting_1">viandes &amp; volailles</td><td><img style="width:50%;" src="/media/images/logos/marchands/7.png" alt="Intermarché (Saveurs intl.)"></td><td><span itemprop="price">3,99 $</span><span itemprop="eligibleQuantity" itemscope="" itemtype="http://schema.org/QuantitativeValue">/125g</span></td><td>31,92 $/kg</td><td style="display: none;">2020-02-26</td><td style="display: none;"></td><td style="display: none;">Casa Italia</td><td style="display: none;"></td><td style="display: none;">sans gluten</td><td style="display: none;"></td><td style="display: none;">tranché</td><td style="display: none;"></td><td style="display: none;"><a class="recipeLink" href="/recipe_ingredient_search_results.php?query=(_QU5E__1__________232__[]_1_1)&amp;sos_l=fr">Recettes avec charcuterie, Prosciutto/jambon de Parme</a></td></tr><tr role="row" class="odd"><td tabindex="0"><i class="fa fa-thumbs-up"></i><i class="fa fa-thumbs-up"></i></td><td class=" not_printable"><div class="addToGL" data-soscuisine-aisle="6" data-soscuisine-sip="3939111"><i class="fa fa-cart-plus" title="Ajouter à ma liste d'épicerie"></i><div></div></div></td><td><img class="storeItemImage" itemprop="image" alt="charcuterie, Prosciutto/jambon de Parme" src="/media/images/store_item/232.jpg"></td><td>charcuterie, Prosciutto/jambon de Parme</td><td class="not_printable sorting_1">viandes &amp; volailles</td><td><img style="width:50%;" src="/media/images/logos/marchands/63.png" alt="Marché Adonis"></td><td><span itemprop="price">8,99 $</span><span itemprop="eligibleQuantity" itemscope="" itemtype="http://schema.org/QuantitativeValue">/<span itemprop="unitText">lb</span></span></td><td>19,82 $/kg</td><td style="display: none;">2020-02-26</td><td style="display: none;"></td><td style="display: none;">San Daniele</td><td style="display: none;"></td><td style="display: none;"></td><td style="display: none;"></td><td style="display: none;"></td><td style="display: none;">argent</td><td style="display: none;"><a class="recipeLink" href="/recipe_ingredient_search_results.php?query=(_QU5E__1__________232__[]_1_1)&amp;sos_l=fr">Recettes avec charcuterie, Prosciutto/jambon de Parme</a></td></tr><tr role="row" class="even"><td tabindex="0"><i class="fa fa-thumbs-down"></i></td><td class=" not_printable"><div class="addToGL" data-soscuisine-aisle="6" data-soscuisine-sip="3937751"><i class="fa fa-cart-plus" title="Ajouter à ma liste d'épicerie"></i><div></div></div></td><td><img class="storeItemImage" itemprop="image" alt="charcuterie, Prosciutto/jambon de Parme" src="/media/images/store_item/232.jpg"></td><td>charcuterie, Prosciutto/jambon de Parme</td><td class="not_printable sorting_1">viandes &amp; volailles</td><td><img style="width:50%;" src="/media/images/logos/marchands/1.png" alt="Metro"></td><td><span itemprop="price">6,99 $</span><span itemprop="eligibleQuantity" itemscope="" itemtype="http://schema.org/QuantitativeValue">/125g</span></td><td>55,92 $/kg</td><td style="display: none;">2020-02-26</td><td style="display: none;">Québec</td><td style="display: none;">Nostrano</td><td style="display: none;"></td><td style="display: none;"></td><td style="display: none;"></td><td style="display: none;">tranché</td><td style="display: none;"></td><td style="display: none;"><a class="recipeLink" href="/recipe_ingredient_search_results.php?query=(_QU5E__1__________232__[]_1_1)&amp;sos_l=fr">Recettes avec charcuterie, Prosciutto/jambon de Parme</a></td></tr><tr role="row" class="odd"><td tabindex="0"><i class="fas fa-hand-rock"></i></td><td class=" not_printable"><div class="addToGL" data-soscuisine-aisle="6" data-soscuisine-sip="3939439"><i class="fa fa-cart-plus" title="Ajouter à ma liste d'épicerie"></i><div></div></div></td><td><img class="storeItemImage" itemprop="image" alt="charcuterie, rôti de poitrine de dinde" src="/media/images/store_item/537.jpg"></td><td>charcuterie, rôti de poitrine de dinde</td><td class="not_printable sorting_1">viandes &amp; volailles</td><td><img style="width:50%;" src="/media/images/logos/marchands/3.png" alt="IGA"></td><td><span itemprop="price">2,49 $</span><span itemprop="eligibleQuantity" itemscope="" itemtype="http://schema.org/QuantitativeValue">/<span itemprop="unitText">100g</span></span></td><td>24,90 $/kg</td><td style="display: none;">2020-02-26</td><td style="display: none;"></td><td style="display: none;">marque maison</td><td style="display: none;"></td><td style="display: none;"></td><td style="display: none;"></td><td style="display: none;"></td><td style="display: none;"></td><td style="display: none;"><a class="recipeLink" href="/recipe_ingredient_search_results.php?query=(_QU5E__1__________537__[]_1_1)&amp;sos_l=fr">Recettes avec charcuterie, rôti de poitrine de dinde</a></td></tr><tr role="row" class="even"><td tabindex="0"><i class="fas fa-hand-rock"></i></td><td class=" not_printable"><div class="addToGL" data-soscuisine-aisle="6" data-soscuisine-sip="3939343"><i class="fa fa-cart-plus" title="Ajouter à ma liste d'épicerie"></i><div></div></div></td><td><img class="storeItemImage" itemprop="image" alt="charcuterie, rôti de poitrine de dinde" src="/media/images/store_item/537.jpg"></td><td>charcuterie, rôti de poitrine de dinde</td><td class="not_printable sorting_1">viandes &amp; volailles</td><td><img style="width:50%;" src="/media/images/logos/marchands/63.png" alt="Marché Adonis"></td><td><span itemprop="price">3,49 $</span><span itemprop="eligibleQuantity" itemscope="" itemtype="http://schema.org/QuantitativeValue">/<span itemprop="unitText">150g</span></span></td><td>23,27 $/kg</td><td style="display: none;">2020-02-26</td><td style="display: none;"></td><td style="display: none;">Schneiders</td><td style="display: none;"></td><td style="display: none;"></td><td style="display: none;"></td><td style="display: none;">tranché</td><td style="display: none;"></td><td style="display: none;"><a class="recipeLink" href="/recipe_ingredient_search_results.php?query=(_QU5E__1__________537__[]_1_1)&amp;sos_l=fr">Recettes avec charcuterie, rôti de poitrine de dinde</a></td></tr><tr role="row" class="odd"><td tabindex="0"><i class="fa fa-thumbs-down"></i></td><td class=" not_printable"><div class="addToGL" data-soscuisine-aisle="6" data-soscuisine-sip="3940883"><i class="fa fa-cart-plus" title="Ajouter à ma liste d'épicerie"></i><div></div></div></td><td><img class="storeItemImage" itemprop="image" alt="charcuterie, rôti de poitrine de dinde" src="/media/images/store_item/537.jpg"></td><td>charcuterie, rôti de poitrine de dinde</td><td class="not_printable sorting_1">viandes &amp; volailles</td><td><img style="width:50%;" src="/media/images/logos/marchands/12.png" alt="Richelieu"></td><td><span itemprop="price">3,49 $</span><span itemprop="eligibleQuantity" itemscope="" itemtype="http://schema.org/QuantitativeValue">/<span itemprop="unitText">100g</span></span></td><td>34,90 $/kg</td><td style="display: none;">2020-02-26</td><td style="display: none;"></td><td style="display: none;">Cuddy</td><td style="display: none;"></td><td style="display: none;"></td><td style="display: none;"></td><td style="display: none;"></td><td style="display: none;"></td><td style="display: none;"><a class="recipeLink" href="/recipe_ingredient_search_results.php?query=(_QU5E__1__________537__[]_1_1)&amp;sos_l=fr">Recettes avec charcuterie, rôti de poitrine de dinde</a></td></tr><tr role="row" class="even"><td tabindex="0"><i class="fas fa-hand-rock"></i></td><td class=" not_printable"><div class="addToGL" data-soscuisine-aisle="6" data-soscuisine-sip="3940705"><i class="fa fa-cart-plus" title="Ajouter à ma liste d'épicerie"></i><div></div></div></td><td><img class="storeItemImage" itemprop="image" alt="charcuterie, rôti de poitrine de dinde" src="/media/images/store_item/537.jpg"></td><td>charcuterie, rôti de poitrine de dinde</td><td class="not_printable sorting_1">viandes &amp; volailles</td><td><img style="width:50%;" src="/media/images/logos/marchands/11.png" alt="Tradition"></td><td><span itemprop="price">2,69 $</span><span itemprop="eligibleQuantity" itemscope="" itemtype="http://schema.org/QuantitativeValue">/<span itemprop="unitText">100g</span></span></td><td>26,90 $/kg</td><td style="display: none;">2020-02-26</td><td style="display: none;"></td><td style="display: none;">Olymel</td><td style="display: none;"></td><td style="display: none;"></td><td style="display: none;"></td><td style="display: none;"></td><td style="display: none;"></td><td style="display: none;"><a class="recipeLink" href="/recipe_ingredient_search_results.php?query=(_QU5E__1__________537__[]_1_1)&amp;sos_l=fr">Recettes avec charcuterie, rôti de poitrine de dinde</a></td></tr><tr role="row" class="odd"><td tabindex="0"><i class="fa fa-thumbs-down"></i></td><td class=" not_printable"><div class="addToGL" data-soscuisine-aisle="6" data-soscuisine-sip="3940443"><i class="fa fa-cart-plus" title="Ajouter à ma liste d'épicerie"></i><div></div></div></td><td><img class="storeItemImage" itemprop="image" alt="charcuterie, rôti de poitrine de dinde" src="/media/images/store_item/537.jpg"></td><td>charcuterie, rôti de poitrine de dinde</td><td class="not_printable sorting_1">viandes &amp; volailles</td><td><img style="width:50%;" src="/media/images/logos/marchands/11.png" alt="Tradition"></td><td><span itemprop="price">11,98 $</span><span itemprop="eligibleQuantity" itemscope="" itemtype="http://schema.org/QuantitativeValue">/<span itemprop="value">2</span>x<span itemprop="unitText">175g</span></span></td><td>34,23 $/kg</td><td style="display: none;">2020-02-26</td><td style="display: none;"></td><td style="display: none;">Natural Selections</td><td style="display: none;"></td><td style="display: none;"></td><td style="display: none;"></td><td style="display: none;">tranché</td><td style="display: none;"></td><td style="display: none;"><a class="recipeLink" href="/recipe_ingredient_search_results.php?query=(_QU5E__1__________537__[]_1_1)&amp;sos_l=fr">Recettes avec charcuterie, rôti de poitrine de dinde</a></td></tr><tr role="row" class="even"><td tabindex="0"><i class="fa fa-thumbs-up"></i><i class="fa fa-thumbs-up"></i></td><td class=" not_printable"><div class="addToGL" data-soscuisine-aisle="6" data-soscuisine-sip="3939133"><i class="fa fa-cart-plus" title="Ajouter à ma liste d'épicerie"></i><div></div></div></td><td><img class="storeItemImage" itemprop="image" alt="charcuterie, rôti de poitrine de poulet" src="/media/images/store_item/623.jpg"></td><td>charcuterie, rôti de poitrine de poulet</td><td class="not_printable sorting_1">viandes &amp; volailles</td><td><img style="width:50%;" src="/media/images/logos/marchands/63.png" alt="Marché Adonis"></td><td><span itemprop="price">4,99 $</span><span itemprop="eligibleQuantity" itemscope="" itemtype="http://schema.org/QuantitativeValue">/<span itemprop="unitText">lb</span></span></td><td>11,00 $/kg</td><td style="display: none;">2020-02-26</td><td style="display: none;"></td><td style="display: none;">Harvest Creek</td><td style="display: none;"></td><td style="display: none;"></td><td style="display: none;"></td><td style="display: none;"></td><td style="display: none;"></td><td style="display: none;"><a class="recipeLink" href="/recipe_ingredient_search_results.php?query=(_QU5E__1__________623__[]_1_1)&amp;sos_l=fr">Recettes avec charcuterie, rôti de poitrine de poulet</a></td></tr><tr role="row" class="odd"><td tabindex="0"><i class="fa fa-thumbs-up"></i></td><td class=" not_printable"><div class="addToGL" data-soscuisine-aisle="6" data-soscuisine-sip="3938993"><i class="fa fa-cart-plus" title="Ajouter à ma liste d'épicerie"></i><div></div></div></td><td><img class="storeItemImage" itemprop="image" alt="charcuterie, rôti de poitrine de poulet" src="/media/images/store_item/623.jpg"></td><td>charcuterie, rôti de poitrine de poulet</td><td class="not_printable sorting_1">viandes &amp; volailles</td><td><img style="width:50%;" src="/media/images/logos/marchands/64.png" alt="Mourelatos"></td><td><span itemprop="price">5,99 $</span><span itemprop="eligibleQuantity" itemscope="" itemtype="http://schema.org/QuantitativeValue">/<span itemprop="unitText">lb</span></span></td><td>13,21 $/kg</td><td style="display: none;">2020-02-25</td><td style="display: none;"></td><td style="display: none;"></td><td style="display: none;"></td><td style="display: none;"></td><td style="display: none;"></td><td style="display: none;">fumée ou cuite</td><td style="display: none;"></td><td style="display: none;"><a class="recipeLink" href="/recipe_ingredient_search_results.php?query=(_QU5E__1__________623__[]_1_1)&amp;sos_l=fr">Recettes avec charcuterie, rôti de poitrine de poulet</a></td></tr><tr role="row" class="even"><td tabindex="0"><i class="fa fa-thumbs-down"></i></td><td class=" not_printable"><div class="addToGL" data-soscuisine-aisle="6" data-soscuisine-sip="3939449"><i class="fa fa-cart-plus" title="Ajouter à ma liste d'épicerie"></i><div></div></div></td><td><img class="storeItemImage" itemprop="image" alt="charcuterie, saucisse, cuite" src="/media/images/store_item/764.jpg"></td><td>charcuterie, saucisse, cuite</td><td class="not_printable sorting_1">viandes &amp; volailles</td><td><img style="width:50%;" src="/media/images/logos/marchands/3.png" alt="IGA"></td><td><span itemprop="price">5,49 $</span><span itemprop="eligibleQuantity" itemscope="" itemtype="http://schema.org/QuantitativeValue">/<span itemprop="unitText">375g</span></span></td><td>14,64 $/kg</td><td style="display: none;">2020-02-26</td><td style="display: none;"></td><td style="display: none;">Marc Angelo</td><td style="display: none;"></td><td style="display: none;">poulet</td><td style="display: none;"></td><td style="display: none;"></td><td style="display: none;"></td><td style="display: none;"></td></tr><tr role="row" class="odd"><td tabindex="0"><i class="fas fa-hand-rock"></i></td><td class=" not_printable"><div class="addToGL" data-soscuisine-aisle="6" data-soscuisine-sip="3939341"><i class="fa fa-cart-plus" title="Ajouter à ma liste d'épicerie"></i><div></div></div></td><td><img class="storeItemImage" itemprop="image" alt="charcuterie, saucisse, cuite" src="/media/images/store_item/764.jpg"></td><td>charcuterie, saucisse, cuite</td><td class="not_printable sorting_1">viandes &amp; volailles</td><td><img style="width:50%;" src="/media/images/logos/marchands/63.png" alt="Marché Adonis"></td><td><span itemprop="price">3,49 $</span><span itemprop="eligibleQuantity" itemscope="" itemtype="http://schema.org/QuantitativeValue">/<span itemprop="unitText">300g</span></span></td><td>11,63 $/kg</td><td style="display: none;">2020-02-26</td><td style="display: none;"></td><td style="display: none;"></td><td style="display: none;"></td><td style="display: none;">kielbassa</td><td style="display: none;"></td><td style="display: none;"></td><td style="display: none;">Erie Meats</td><td style="display: none;"></td></tr><tr role="row" class="even"><td tabindex="0"><i class="fa fa-thumbs-up"></i></td><td class=" not_printable"><div class="addToGL" data-soscuisine-aisle="6" data-soscuisine-sip="3939605"><i class="fa fa-cart-plus" title="Ajouter à ma liste d'épicerie"></i><div></div></div></td><td><img class="storeItemImage" itemprop="image" alt="charcuterie, saucisses à déjeuner" src="/media/images/store_item/670.jpg"></td><td>charcuterie, saucisses à déjeuner</td><td class="not_printable sorting_1">viandes &amp; volailles</td><td><img style="width:50%;" src="/media/images/logos/marchands/10.png" alt="Bonichoix "></td><td><span itemprop="price">5,99 $</span><span itemprop="eligibleQuantity" itemscope="" itemtype="http://schema.org/QuantitativeValue">/<span itemprop="unitText">675g</span></span></td><td>8,87 $/kg</td><td style="display: none;">2020-02-26</td><td style="display: none;">Québec</td><td style="display: none;">Lafleur</td><td style="display: none;"></td><td style="display: none;"></td><td style="display: none;"></td><td style="display: none;">frais</td><td style="display: none;"></td><td style="display: none;"><a class="recipeLink" href="/recipe_ingredient_search_results.php?query=(_QU5E__1__________670__[]_1_1)&amp;sos_l=fr">Recettes avec charcuterie, saucisses à déjeuner</a></td></tr><tr role="row" class="odd"><td tabindex="0"><i class="fa fa-thumbs-up"></i><i class="fa fa-thumbs-up"></i></td><td class=" not_printable"><div class="addToGL" data-soscuisine-aisle="6" data-soscuisine-sip="3940799"><i class="fa fa-cart-plus" title="Ajouter à ma liste d'épicerie"></i><div></div></div></td><td><img class="storeItemImage" itemprop="image" alt="charcuterie, saucisses à déjeuner" src="/media/images/store_item/670.jpg"></td><td>charcuterie, saucisses à déjeuner</td><td class="not_printable sorting_1">viandes &amp; volailles</td><td><img style="width:50%;" src="/media/images/logos/marchands/5.png" alt="Super C"></td><td><span itemprop="price">2,49 $</span><span itemprop="eligibleQuantity" itemscope="" itemtype="http://schema.org/QuantitativeValue">/<span itemprop="unitText">lb</span></span></td><td>5,49 $/kg</td><td style="display: none;">2020-04-08</td><td style="display: none;"></td><td style="display: none;">Le Petit Charcutier</td><td style="display: none;"></td><td style="display: none;"></td><td style="display: none;"></td><td style="display: none;">surgelé</td><td style="display: none;">valide du 20 février au 8 avril</td><td style="display: none;"><a class="recipeLink" href="/recipe_ingredient_search_results.php?query=(_QU5E__1__________670__[]_1_1)&amp;sos_l=fr">Recettes avec charcuterie, saucisses à déjeuner</a></td></tr><tr role="row" class="even"><td tabindex="0"><i class="fa fa-thumbs-down"></i></td><td class=" not_printable"><div class="addToGL" data-soscuisine-aisle="6" data-soscuisine-sip="3940479"><i class="fa fa-cart-plus" title="Ajouter à ma liste d'épicerie"></i><div></div></div></td><td><img class="storeItemImage" itemprop="image" alt="charcuterie, saucisses à déjeuner" src="/media/images/store_item/670.jpg"></td><td>charcuterie, saucisses à déjeuner</td><td class="not_printable sorting_1">viandes &amp; volailles</td><td><img style="width:50%;" src="/media/images/logos/marchands/11.png" alt="Tradition"></td><td><span itemprop="price">4,49 $</span><span itemprop="eligibleQuantity" itemscope="" itemtype="http://schema.org/QuantitativeValue">/<span itemprop="unitText">375g</span></span></td><td>11,97 $/kg</td><td style="display: none;">2020-02-26</td><td style="display: none;">Québec</td><td style="display: none;">Lafleur</td><td style="display: none;"></td><td style="display: none;"></td><td style="display: none;"></td><td style="display: none;">frais</td><td style="display: none;"></td><td style="display: none;"><a class="recipeLink" href="/recipe_ingredient_search_results.php?query=(_QU5E__1__________670__[]_1_1)&amp;sos_l=fr">Recettes avec charcuterie, saucisses à déjeuner</a></td></tr><tr role="row" class="odd"><td tabindex="0"><i class="fa fa-thumbs-down"></i></td><td class=" not_printable"><div class="addToGL" data-soscuisine-aisle="6" data-soscuisine-sip="3939429"><i class="fa fa-cart-plus" title="Ajouter à ma liste d'épicerie"></i><div></div></div></td><td><img class="storeItemImage" alt="charcuterie, saucisses chorizo" src="/media/images/store_item/blank.jpg"></td><td>charcuterie, saucisses chorizo</td><td class="not_printable sorting_1">viandes &amp; volailles</td><td><img style="width:50%;" src="/media/images/logos/marchands/3.png" alt="IGA"></td><td><span itemprop="price">8,99 $</span><span itemprop="eligibleQuantity" itemscope="" itemtype="http://schema.org/QuantitativeValue">/<span itemprop="unitText">300g</span></span></td><td>29,97 $/kg</td><td style="display: none;">2020-02-26</td><td style="display: none;"></td><td style="display: none;">Le Sauciflard</td><td style="display: none;"></td><td style="display: none;"></td><td style="display: none;"></td><td style="display: none;"></td><td style="display: none;"></td><td style="display: none;"><a class="recipeLink" href="/recipe_ingredient_search_results.php?query=(_QU5E__1__________298__[]_1_1)&amp;sos_l=fr">Recettes avec charcuterie, saucisses chorizo</a></td></tr><tr role="row" class="even"><td tabindex="0"><i class="fa fa-thumbs-down"></i></td><td class=" not_printable"><div class="addToGL" data-soscuisine-aisle="6" data-soscuisine-sip="3939531"><i class="fa fa-cart-plus" title="Ajouter à ma liste d'épicerie"></i><div></div></div></td><td><img class="storeItemImage" alt="charcuterie, saucisses chorizo" src="/media/images/store_item/blank.jpg"></td><td>charcuterie, saucisses chorizo</td><td class="not_printable sorting_1">viandes &amp; volailles</td><td><img style="width:50%;" src="/media/images/logos/marchands/3.png" alt="IGA"></td><td><span itemprop="price">5,99 $</span><span itemprop="eligibleQuantity" itemscope="" itemtype="http://schema.org/QuantitativeValue">/125g</span></td><td>47,92 $/kg</td><td style="display: none;">2020-02-26</td><td style="display: none;">Québec</td><td style="display: none;">Fantino &amp; Mondello</td><td style="display: none;"></td><td style="display: none;"></td><td style="display: none;"></td><td style="display: none;">tranché</td><td style="display: none;"></td><td style="display: none;"><a class="recipeLink" href="/recipe_ingredient_search_results.php?query=(_QU5E__1__________298__[]_1_1)&amp;sos_l=fr">Recettes avec charcuterie, saucisses chorizo</a></td></tr><tr role="row" class="odd"><td tabindex="0"><i class="fas fa-hand-rock"></i></td><td class=" not_printable"><div class="addToGL" data-soscuisine-aisle="6" data-soscuisine-sip="3935957"><i class="fa fa-cart-plus" title="Ajouter à ma liste d'épicerie"></i><div></div></div></td><td><img class="storeItemImage" alt="charcuterie, saucisses chorizo" src="/media/images/store_item/blank.jpg"></td><td>charcuterie, saucisses chorizo</td><td class="not_printable sorting_1">viandes &amp; volailles</td><td><img style="width:50%;" src="/media/images/logos/marchands/62.png" alt="Supermarché PA"></td><td><span itemprop="price">5,00 $</span><span itemprop="eligibleQuantity" itemscope="" itemtype="http://schema.org/QuantitativeValue">/<span itemprop="value">2</span>x<span itemprop="unitText">100g</span></span></td><td>25,00 $/kg</td><td style="display: none;">2020-02-23</td><td style="display: none;">Espagne</td><td style="display: none;"></td><td style="display: none;"></td><td style="display: none;"></td><td style="display: none;"></td><td style="display: none;"></td><td style="display: none;"></td><td style="display: none;"><a class="recipeLink" href="/recipe_ingredient_search_results.php?query=(_QU5E__1__________298__[]_1_1)&amp;sos_l=fr">Recettes avec charcuterie, saucisses chorizo</a></td></tr><tr role="row" class="even"><td tabindex="0"><i class="fas fa-hand-rock"></i></td><td class=" not_printable"><div class="addToGL" data-soscuisine-aisle="6" data-soscuisine-sip="3940715"><i class="fa fa-cart-plus" title="Ajouter à ma liste d'épicerie"></i><div></div></div></td><td><img class="storeItemImage" alt="charcuterie, saucisses chorizo" src="/media/images/store_item/blank.jpg"></td><td>charcuterie, saucisses chorizo</td><td class="not_printable sorting_1">viandes &amp; volailles</td><td><img style="width:50%;" src="/media/images/logos/marchands/11.png" alt="Tradition"></td><td><span itemprop="price">7,49 $</span><span itemprop="eligibleQuantity" itemscope="" itemtype="http://schema.org/QuantitativeValue">/<span itemprop="unitText">300g</span></span></td><td>24,97 $/kg</td><td style="display: none;">2020-02-26</td><td style="display: none;">Québec</td><td style="display: none;">Le Sauciflard</td><td style="display: none;"></td><td style="display: none;"></td><td style="display: none;"></td><td style="display: none;"></td><td style="display: none;"></td><td style="display: none;"><a class="recipeLink" href="/recipe_ingredient_search_results.php?query=(_QU5E__1__________298__[]_1_1)&amp;sos_l=fr">Recettes avec charcuterie, saucisses chorizo</a></td></tr><tr role="row" class="odd"><td tabindex="0"><i class="fa fa-thumbs-up"></i><i class="fa fa-thumbs-up"></i></td><td class=" not_printable"><div class="addToGL" data-soscuisine-aisle="6" data-soscuisine-sip="3938613"><i class="fa fa-cart-plus" title="Ajouter à ma liste d'épicerie"></i><div></div></div></td><td><img class="storeItemImage" itemprop="image" alt="charcuterie, saucisses fumée de poulet" src="/media/images/store_item/548.jpg"></td><td>charcuterie, saucisses fumée de poulet</td><td class="not_printable sorting_1">viandes &amp; volailles</td><td><img style="width:50%;" src="/media/images/logos/marchands/69.png" alt="Intermarché (Provincial)"></td><td><span itemprop="price">1,29 $</span><span itemprop="eligibleQuantity" itemscope="" itemtype="http://schema.org/QuantitativeValue">/<span itemprop="unitText">450g</span></span></td><td>2,87 $/kg</td><td style="display: none;">2020-02-26</td><td style="display: none;"></td><td style="display: none;">marque maison</td><td style="display: none;"></td><td style="display: none;"></td><td style="display: none;"></td><td style="display: none;"></td><td style="display: none;"></td><td style="display: none;"><a class="recipeLink" href="/recipe_ingredient_search_results.php?query=(_QU5E__1__________548__[]_1_1)&amp;sos_l=fr">Recettes avec charcuterie, saucisses fumée de poulet</a></td></tr><tr role="row" class="even"><td tabindex="0"><i class="fa fa-thumbs-up"></i><i class="fa fa-thumbs-up"></i></td><td class=" not_printable"><div class="addToGL" data-soscuisine-aisle="6" data-soscuisine-sip="3938135"><i class="fa fa-cart-plus" title="Ajouter à ma liste d'épicerie"></i><div></div></div></td><td><img class="storeItemImage" itemprop="image" alt="charcuterie, saucisses fumée de poulet" src="/media/images/store_item/548.jpg"></td><td>charcuterie, saucisses fumée de poulet</td><td class="not_printable sorting_1">viandes &amp; volailles</td><td><img style="width:50%;" src="/media/images/logos/marchands/7.png" alt="Intermarché (Saveurs intl.)"></td><td><span itemprop="price">1,29 $</span><span itemprop="eligibleQuantity" itemscope="" itemtype="http://schema.org/QuantitativeValue">/<span itemprop="unitText">450g</span></span></td><td>2,87 $/kg</td><td style="display: none;">2020-02-26</td><td style="display: none;"></td><td style="display: none;">marque maison</td><td style="display: none;"></td><td style="display: none;"></td><td style="display: none;"></td><td style="display: none;"></td><td style="display: none;"></td><td style="display: none;"><a class="recipeLink" href="/recipe_ingredient_search_results.php?query=(_QU5E__1__________548__[]_1_1)&amp;sos_l=fr">Recettes avec charcuterie, saucisses fumée de poulet</a></td></tr><tr role="row" class="odd"><td tabindex="0"><i class="fas fa-hand-rock"></i></td><td class=" not_printable"><div class="addToGL" data-soscuisine-aisle="6" data-soscuisine-sip="3939333"><i class="fa fa-cart-plus" title="Ajouter à ma liste d'épicerie"></i><div></div></div></td><td><img class="storeItemImage" itemprop="image" alt="charcuterie, saucisses fumée de poulet" src="/media/images/store_item/548.jpg"></td><td>charcuterie, saucisses fumée de poulet</td><td class="not_printable sorting_1">viandes &amp; volailles</td><td><img style="width:50%;" src="/media/images/logos/marchands/63.png" alt="Marché Adonis"></td><td><span itemprop="price">2,99 $</span><span itemprop="eligibleQuantity" itemscope="" itemtype="http://schema.org/QuantitativeValue">/<span itemprop="unitText">2lb (907g)</span></span></td><td>3,30 $/kg</td><td style="display: none;">2020-02-26</td><td style="display: none;"></td><td style="display: none;">Harvest Creek</td><td style="display: none;"></td><td style="display: none;"></td><td style="display: none;">Halal</td><td style="display: none;"></td><td style="display: none;"></td><td style="display: none;"><a class="recipeLink" href="/recipe_ingredient_search_results.php?query=(_QU5E__1__________548__[]_1_1)&amp;sos_l=fr">Recettes avec charcuterie, saucisses fumée de poulet</a></td></tr><tr role="row" class="even"><td tabindex="0"><i class="fas fa-hand-rock"></i></td><td class=" not_printable"><div class="addToGL" data-soscuisine-aisle="6" data-soscuisine-sip="3940739"><i class="fa fa-cart-plus" title="Ajouter à ma liste d'épicerie"></i><div></div></div></td><td><img class="storeItemImage" itemprop="image" alt="charcuterie, saucisses fumée de poulet" src="/media/images/store_item/548.jpg"></td><td>charcuterie, saucisses fumée de poulet</td><td class="not_printable sorting_1">viandes &amp; volailles</td><td><img style="width:50%;" src="/media/images/logos/marchands/5.png" alt="Super C"></td><td><span itemprop="price">1,99 $</span><span itemprop="eligibleQuantity" itemscope="" itemtype="http://schema.org/QuantitativeValue">/<span itemprop="unitText">450g</span></span></td><td>4,42 $/kg</td><td style="display: none;">2020-02-26</td><td style="display: none;"></td><td style="display: none;">marque maison</td><td style="display: none;"></td><td style="display: none;"></td><td style="display: none;"></td><td style="display: none;"></td><td style="display: none;"></td><td style="display: none;"><a class="recipeLink" href="/recipe_ingredient_search_results.php?query=(_QU5E__1__________548__[]_1_1)&amp;sos_l=fr">Recettes avec charcuterie, saucisses fumée de poulet</a></td></tr><tr role="row" class="odd"><td tabindex="0"><i class="fa fa-thumbs-down"></i></td><td class=" not_printable"><div class="addToGL" data-soscuisine-aisle="6" data-soscuisine-sip="3939597"><i class="fa fa-cart-plus" title="Ajouter à ma liste d'épicerie"></i><div></div></div></td><td><img class="storeItemImage" itemprop="image" alt="charcuterie, saucisses fumées" src="/media/images/store_item/517.jpg"></td><td>charcuterie, saucisses fumées</td><td class="not_printable sorting_1">viandes &amp; volailles</td><td><img style="width:50%;" src="/media/images/logos/marchands/10.png" alt="Bonichoix "></td><td><span itemprop="price">3,99 $</span><span itemprop="eligibleQuantity" itemscope="" itemtype="http://schema.org/QuantitativeValue">/<span itemprop="unitText">375g</span></span></td><td>10,64 $/kg</td><td style="display: none;">2020-02-26</td><td style="display: none;"></td><td style="display: none;">Hygrade</td><td style="display: none;"></td><td style="display: none;"></td><td style="display: none;"></td><td style="display: none;"></td><td style="display: none;"></td><td style="display: none;"><a class="recipeLink" href="/recipe_ingredient_search_results.php?query=(_QU5E__1__________517__[]_1_1)&amp;sos_l=fr">Recettes avec charcuterie, saucisses fumées</a></td></tr><tr role="row" class="even"><td tabindex="0"><i class="fa fa-thumbs-down"></i></td><td class=" not_printable"><div class="addToGL" data-soscuisine-aisle="6" data-soscuisine-sip="3939469"><i class="fa fa-cart-plus" title="Ajouter à ma liste d'épicerie"></i><div></div></div></td><td><img class="storeItemImage" itemprop="image" alt="charcuterie, saucisses fumées" src="/media/images/store_item/517.jpg"></td><td>charcuterie, saucisses fumées</td><td class="not_printable sorting_1">viandes &amp; volailles</td><td><img style="width:50%;" src="/media/images/logos/marchands/3.png" alt="IGA"></td><td><span itemprop="price">3,99 $</span><span itemprop="eligibleQuantity" itemscope="" itemtype="http://schema.org/QuantitativeValue">/<span itemprop="unitText">375g</span></span></td><td>10,64 $/kg</td><td style="display: none;">2020-02-26</td><td style="display: none;"></td><td style="display: none;">Lafleur</td><td style="display: none;"></td><td style="display: none;"></td><td style="display: none;"></td><td style="display: none;"></td><td style="display: none;"></td><td style="display: none;"><a class="recipeLink" href="/recipe_ingredient_search_results.php?query=(_QU5E__1__________517__[]_1_1)&amp;sos_l=fr">Recettes avec charcuterie, saucisses fumées</a></td></tr><tr role="row" class="odd"><td tabindex="0"><i class="fa fa-thumbs-up"></i><i class="fa fa-thumbs-up"></i></td><td class=" not_printable"><div class="addToGL" data-soscuisine-aisle="6" data-soscuisine-sip="3937507"><i class="fa fa-cart-plus" title="Ajouter à ma liste d'épicerie"></i><div></div></div></td><td><img class="storeItemImage" itemprop="image" alt="charcuterie, saucisses fumées" src="/media/images/store_item/517.jpg"></td><td>charcuterie, saucisses fumées</td><td class="not_printable sorting_1">viandes &amp; volailles</td><td><img style="width:50%;" src="/media/images/logos/marchands/6.png" alt="Maxi"></td><td><span itemprop="price">2,00 $</span><span itemprop="eligibleQuantity" itemscope="" itemtype="http://schema.org/QuantitativeValue">/<span itemprop="unitText">450g</span></span></td><td>4,44 $/kg</td><td style="display: none;">2020-02-26</td><td style="display: none;"></td><td style="display: none;">marque maison</td><td style="display: none;"></td><td style="display: none;"></td><td style="display: none;"></td><td style="display: none;"></td><td style="display: none;"></td><td style="display: none;"><a class="recipeLink" href="/recipe_ingredient_search_results.php?query=(_QU5E__1__________517__[]_1_1)&amp;sos_l=fr">Recettes avec charcuterie, saucisses fumées</a></td></tr><tr role="row" class="even"><td tabindex="0"><i class="fa fa-thumbs-down"></i></td><td class=" not_printable"><div class="addToGL" data-soscuisine-aisle="6" data-soscuisine-sip="3937741"><i class="fa fa-cart-plus" title="Ajouter à ma liste d'épicerie"></i><div></div></div></td><td><img class="storeItemImage" itemprop="image" alt="charcuterie, saucisses fumées" src="/media/images/store_item/517.jpg"></td><td>charcuterie, saucisses fumées</td><td class="not_printable sorting_1">viandes &amp; volailles</td><td><img style="width:50%;" src="/media/images/logos/marchands/1.png" alt="Metro"></td><td><span itemprop="price">3,99 $</span><span itemprop="eligibleQuantity" itemscope="" itemtype="http://schema.org/QuantitativeValue">/<span itemprop="unitText">375g</span></span></td><td>10,64 $/kg</td><td style="display: none;">2020-02-26</td><td style="display: none;">Québec</td><td style="display: none;">Lafleur</td><td style="display: none;"></td><td style="display: none;"></td><td style="display: none;"></td><td style="display: none;"></td><td style="display: none;"></td><td style="display: none;"><a class="recipeLink" href="/recipe_ingredient_search_results.php?query=(_QU5E__1__________517__[]_1_1)&amp;sos_l=fr">Recettes avec charcuterie, saucisses fumées</a></td></tr><tr role="row" class="odd"><td tabindex="0"><i class="fa fa-thumbs-down"></i></td><td class=" not_printable"><div class="addToGL" data-soscuisine-aisle="6" data-soscuisine-sip="3937739"><i class="fa fa-cart-plus" title="Ajouter à ma liste d'épicerie"></i><div></div></div></td><td><img class="storeItemImage" itemprop="image" alt="charcuterie, saucisses fumées" src="/media/images/store_item/517.jpg"></td><td>charcuterie, saucisses fumées</td><td class="not_printable sorting_1">viandes &amp; volailles</td><td><img style="width:50%;" src="/media/images/logos/marchands/1.png" alt="Metro"></td><td><span itemprop="price">4,49 $</span><span itemprop="eligibleQuantity" itemscope="" itemtype="http://schema.org/QuantitativeValue">/<span itemprop="unitText">375g</span></span></td><td>11,97 $/kg</td><td style="display: none;">2020-02-26</td><td style="display: none;">Québec</td><td style="display: none;">Lesters</td><td style="display: none;"></td><td style="display: none;">tout boeuf</td><td style="display: none;"></td><td style="display: none;"></td><td style="display: none;"></td><td style="display: none;"><a class="recipeLink" href="/recipe_ingredient_search_results.php?query=(_QU5E__1__________517__[]_1_1)&amp;sos_l=fr">Recettes avec charcuterie, saucisses fumées</a></td></tr><tr role="row" class="even"><td tabindex="0"><i class="fa fa-thumbs-down"></i></td><td class=" not_printable"><div class="addToGL" data-soscuisine-aisle="6" data-soscuisine-sip="3940699"><i class="fa fa-cart-plus" title="Ajouter à ma liste d'épicerie"></i><div></div></div></td><td><img class="storeItemImage" itemprop="image" alt="charcuterie, saucisses fumées" src="/media/images/store_item/517.jpg"></td><td>charcuterie, saucisses fumées</td><td class="not_printable sorting_1">viandes &amp; volailles</td><td><img style="width:50%;" src="/media/images/logos/marchands/11.png" alt="Tradition"></td><td><span itemprop="price">3,99 $</span><span itemprop="eligibleQuantity" itemscope="" itemtype="http://schema.org/QuantitativeValue">/<span itemprop="unitText">375g</span></span></td><td>10,64 $/kg</td><td style="display: none;">2020-02-26</td><td style="display: none;"></td><td style="display: none;">Lafleur</td><td style="display: none;"></td><td style="display: none;"></td><td style="display: none;"></td><td style="display: none;"></td><td style="display: none;"></td><td style="display: none;"><a class="recipeLink" href="/recipe_ingredient_search_results.php?query=(_QU5E__1__________517__[]_1_1)&amp;sos_l=fr">Recettes avec charcuterie, saucisses fumées</a></td></tr><tr role="row" class="odd"><td tabindex="0"><i class="fas fa-hand-rock"></i></td><td class=" not_printable"><div class="addToGL" data-soscuisine-aisle="6" data-soscuisine-sip="3939613"><i class="fa fa-cart-plus" title="Ajouter à ma liste d'épicerie"></i><div></div></div></td><td><img class="storeItemImage" itemprop="image" alt="charcuterie, saucisson" src="/media/images/store_item/633.jpg"></td><td>charcuterie, saucisson</td><td class="not_printable sorting_1">viandes &amp; volailles</td><td><img style="width:50%;" src="/media/images/logos/marchands/10.png" alt="Bonichoix "></td><td><span itemprop="price">3,49 $</span><span itemprop="eligibleQuantity" itemscope="" itemtype="http://schema.org/QuantitativeValue">/<span itemprop="unitText">225g</span></span></td><td>15,51 $/kg</td><td style="display: none;">2020-02-26</td><td style="display: none;"></td><td style="display: none;">Lesters</td><td style="display: none;"></td><td style="display: none;">pepperoni</td><td style="display: none;"></td><td style="display: none;"></td><td style="display: none;"></td><td style="display: none;"><a class="recipeLink" href="/recipe_ingredient_search_results.php?query=(_QU5E__1__________633__[]_1_1)&amp;sos_l=fr">Recettes avec charcuterie, saucisson</a></td></tr><tr role="row" class="even"><td tabindex="0"><i class="fas fa-hand-rock"></i></td><td class=" not_printable"><div class="addToGL" data-soscuisine-aisle="6" data-soscuisine-sip="3939795"><i class="fa fa-cart-plus" title="Ajouter à ma liste d'épicerie"></i><div></div></div></td><td><img class="storeItemImage" itemprop="image" alt="charcuterie, saucisson" src="/media/images/store_item/633.jpg"></td><td>charcuterie, saucisson</td><td class="not_printable sorting_1">viandes &amp; volailles</td><td><img style="width:50%;" src="/media/images/logos/marchands/10.png" alt="Bonichoix "></td><td><span itemprop="price">5,99 $</span><span itemprop="eligibleQuantity" itemscope="" itemtype="http://schema.org/QuantitativeValue">/<span itemprop="unitText">375g</span></span></td><td>15,97 $/kg</td><td style="display: none;">2020-02-26</td><td style="display: none;"></td><td style="display: none;">Mikes</td><td style="display: none;"></td><td style="display: none;">pepperoni</td><td style="display: none;"></td><td style="display: none;">tranché</td><td style="display: none;"></td><td style="display: none;"><a class="recipeLink" href="/recipe_ingredient_search_results.php?query=(_QU5E__1__________633__[]_1_1)&amp;sos_l=fr">Recettes avec charcuterie, saucisson</a></td></tr><tr role="row" class="odd"><td tabindex="0"><i class="fa fa-thumbs-down"></i></td><td class=" not_printable"><div class="addToGL" data-soscuisine-aisle="6" data-soscuisine-sip="3939427"><i class="fa fa-cart-plus" title="Ajouter à ma liste d'épicerie"></i><div></div></div></td><td><img class="storeItemImage" itemprop="image" alt="charcuterie, saucisson" src="/media/images/store_item/633.jpg"></td><td>charcuterie, saucisson</td><td class="not_printable sorting_1">viandes &amp; volailles</td><td><img style="width:50%;" src="/media/images/logos/marchands/3.png" alt="IGA"></td><td><span itemprop="price">8,99 $</span><span itemprop="eligibleQuantity" itemscope="" itemtype="http://schema.org/QuantitativeValue">/<span itemprop="unitText">300g</span></span></td><td>29,97 $/kg</td><td style="display: none;">2020-02-26</td><td style="display: none;"></td><td style="display: none;">Le Sauciflard</td><td style="display: none;"></td><td style="display: none;"></td><td style="display: none;"></td><td style="display: none;"></td><td style="display: none;"></td><td style="display: none;"><a class="recipeLink" href="/recipe_ingredient_search_results.php?query=(_QU5E__1__________633__[]_1_1)&amp;sos_l=fr">Recettes avec charcuterie, saucisson</a></td></tr><tr role="row" class="even"><td tabindex="0"><i class="fa fa-thumbs-down"></i></td><td class=" not_printable"><div class="addToGL" data-soscuisine-aisle="6" data-soscuisine-sip="3939527"><i class="fa fa-cart-plus" title="Ajouter à ma liste d'épicerie"></i><div></div></div></td><td><img class="storeItemImage" itemprop="image" alt="charcuterie, saucisson" src="/media/images/store_item/633.jpg"></td><td>charcuterie, saucisson</td><td class="not_printable sorting_1">viandes &amp; volailles</td><td><img style="width:50%;" src="/media/images/logos/marchands/3.png" alt="IGA"></td><td><span itemprop="price">5,99 $</span><span itemprop="eligibleQuantity" itemscope="" itemtype="http://schema.org/QuantitativeValue">/125g</span></td><td>47,92 $/kg</td><td style="display: none;">2020-02-26</td><td style="display: none;">Québec</td><td style="display: none;">Fantino &amp; Mondello</td><td style="display: none;"></td><td style="display: none;"></td><td style="display: none;"></td><td style="display: none;">tranché</td><td style="display: none;"></td><td style="display: none;"><a class="recipeLink" href="/recipe_ingredient_search_results.php?query=(_QU5E__1__________633__[]_1_1)&amp;sos_l=fr">Recettes avec charcuterie, saucisson</a></td></tr><tr role="row" class="odd"><td tabindex="0"><i class="fa fa-thumbs-up"></i><i class="fa fa-thumbs-up"></i></td><td class=" not_printable"><div class="addToGL" data-soscuisine-aisle="6" data-soscuisine-sip="3938617"><i class="fa fa-cart-plus" title="Ajouter à ma liste d'épicerie"></i><div></div></div></td><td><img class="storeItemImage" itemprop="image" alt="charcuterie, saucisson" src="/media/images/store_item/633.jpg"></td><td>charcuterie, saucisson</td><td class="not_printable sorting_1">viandes &amp; volailles</td><td><img style="width:50%;" src="/media/images/logos/marchands/69.png" alt="Intermarché (Provincial)"></td><td><span itemprop="price">10,00 $</span><span itemprop="eligibleQuantity" itemscope="" itemtype="http://schema.org/QuantitativeValue">/<span itemprop="unitText">900g</span></span></td><td>11,11 $/kg</td><td style="display: none;">2020-02-26</td><td style="display: none;"></td><td style="display: none;">Roma</td><td style="display: none;"></td><td style="display: none;">pepperoni</td><td style="display: none;"></td><td style="display: none;">tranché</td><td style="display: none;"></td><td style="display: none;"><a class="recipeLink" href="/recipe_ingredient_search_results.php?query=(_QU5E__1__________633__[]_1_1)&amp;sos_l=fr">Recettes avec charcuterie, saucisson</a></td></tr><tr role="row" class="even"><td tabindex="0"><i class="fa fa-thumbs-up"></i><i class="fa fa-thumbs-up"></i></td><td class=" not_printable"><div class="addToGL" data-soscuisine-aisle="6" data-soscuisine-sip="3938151"><i class="fa fa-cart-plus" title="Ajouter à ma liste d'épicerie"></i><div></div></div></td><td><img class="storeItemImage" itemprop="image" alt="charcuterie, saucisson" src="/media/images/store_item/633.jpg"></td><td>charcuterie, saucisson</td><td class="not_printable sorting_1">viandes &amp; volailles</td><td><img style="width:50%;" src="/media/images/logos/marchands/7.png" alt="Intermarché (Saveurs intl.)"></td><td><span itemprop="price">10,00 $</span><span itemprop="eligibleQuantity" itemscope="" itemtype="http://schema.org/QuantitativeValue">/<span itemprop="unitText">900g</span></span></td><td>11,11 $/kg</td><td style="display: none;">2020-02-26</td><td style="display: none;"></td><td style="display: none;">Roma</td><td style="display: none;"></td><td style="display: none;">pepperoni</td><td style="display: none;"></td><td style="display: none;">tranché</td><td style="display: none;"></td><td style="display: none;"><a class="recipeLink" href="/recipe_ingredient_search_results.php?query=(_QU5E__1__________633__[]_1_1)&amp;sos_l=fr">Recettes avec charcuterie, saucisson</a></td></tr><tr role="row" class="odd"><td tabindex="0"><i class="fas fa-hand-rock"></i></td><td class=" not_printable"><div class="addToGL" data-soscuisine-aisle="6" data-soscuisine-sip="3938053"><i class="fa fa-cart-plus" title="Ajouter à ma liste d'épicerie"></i><div></div></div></td><td><img class="storeItemImage" itemprop="image" alt="charcuterie, saucisson" src="/media/images/store_item/633.jpg"></td><td>charcuterie, saucisson</td><td class="not_printable sorting_1">viandes &amp; volailles</td><td><img style="width:50%;" src="/media/images/logos/marchands/7.png" alt="Intermarché (Saveurs intl.)"></td><td><span itemprop="price">3,00 $</span><span itemprop="eligibleQuantity" itemscope="" itemtype="http://schema.org/QuantitativeValue">/<span itemprop="unitText">150g</span></span></td><td>20,00 $/kg</td><td style="display: none;">2020-02-26</td><td style="display: none;"></td><td style="display: none;">Casa Italia</td><td style="display: none;"></td><td style="display: none;">calabrese</td><td style="display: none;">sans gluten</td><td style="display: none;">tranché</td><td style="display: none;"></td><td style="display: none;"><a class="recipeLink" href="/recipe_ingredient_search_results.php?query=(_QU5E__1__________633__[]_1_1)&amp;sos_l=fr">Recettes avec charcuterie, saucisson</a></td></tr><tr role="row" class="even"><td tabindex="0"><i class="fas fa-hand-rock"></i></td><td class=" not_printable"><div class="addToGL" data-soscuisine-aisle="6" data-soscuisine-sip="3938377"><i class="fa fa-cart-plus" title="Ajouter à ma liste d'épicerie"></i><div></div></div></td><td><img class="storeItemImage" itemprop="image" alt="charcuterie, saucisson" src="/media/images/store_item/633.jpg"></td><td>charcuterie, saucisson</td><td class="not_printable sorting_1">viandes &amp; volailles</td><td><img style="width:50%;" src="/media/images/logos/marchands/7.png" alt="Intermarché (Saveurs intl.)"></td><td><span itemprop="price">2,49 $</span><span itemprop="eligibleQuantity" itemscope="" itemtype="http://schema.org/QuantitativeValue">/<span itemprop="unitText">100g</span></span></td><td>24,90 $/kg</td><td style="display: none;">2020-02-26</td><td style="display: none;"></td><td style="display: none;">Mastro</td><td style="display: none;"></td><td style="display: none;">calabrese</td><td style="display: none;"></td><td style="display: none;"></td><td style="display: none;">ou Sopressata</td><td style="display: none;"><a class="recipeLink" href="/recipe_ingredient_search_results.php?query=(_QU5E__1__________633__[]_1_1)&amp;sos_l=fr">Recettes avec charcuterie, saucisson</a></td></tr><tr role="row" class="odd"><td tabindex="0"><i class="fa fa-thumbs-up"></i><i class="fa fa-thumbs-up"></i></td><td class=" not_printable"><div class="addToGL" data-soscuisine-aisle="6" data-soscuisine-sip="3939135"><i class="fa fa-cart-plus" title="Ajouter à ma liste d'épicerie"></i><div></div></div></td><td><img class="storeItemImage" itemprop="image" alt="charcuterie, saucisson" src="/media/images/store_item/633.jpg"></td><td>charcuterie, saucisson</td><td class="not_printable sorting_1">viandes &amp; volailles</td><td><img style="width:50%;" src="/media/images/logos/marchands/63.png" alt="Marché Adonis"></td><td><span itemprop="price">4,99 $</span><span itemprop="eligibleQuantity" itemscope="" itemtype="http://schema.org/QuantitativeValue">/<span itemprop="unitText">lb</span></span></td><td>11,00 $/kg</td><td style="display: none;">2020-02-26</td><td style="display: none;"></td><td style="display: none;">Roma</td><td style="display: none;"></td><td style="display: none;">pepperoni</td><td style="display: none;"></td><td style="display: none;"></td><td style="display: none;"></td><td style="display: none;"><a class="recipeLink" href="/recipe_ingredient_search_results.php?query=(_QU5E__1__________633__[]_1_1)&amp;sos_l=fr">Recettes avec charcuterie, saucisson</a></td></tr><tr role="row" class="even"><td tabindex="0"><i class="fa fa-thumbs-up"></i></td><td class=" not_printable"><div class="addToGL" data-soscuisine-aisle="6" data-soscuisine-sip="3937737"><i class="fa fa-cart-plus" title="Ajouter à ma liste d'épicerie"></i><div></div></div></td><td><img class="storeItemImage" itemprop="image" alt="charcuterie, saucisson" src="/media/images/store_item/633.jpg"></td><td>charcuterie, saucisson</td><td class="not_printable sorting_1">viandes &amp; volailles</td><td><img style="width:50%;" src="/media/images/logos/marchands/1.png" alt="Metro"></td><td><span itemprop="price">4,49 $</span><span itemprop="eligibleQuantity" itemscope="" itemtype="http://schema.org/QuantitativeValue">/<span itemprop="unitText">300g</span></span></td><td>14,97 $/kg</td><td style="display: none;">2020-02-26</td><td style="display: none;">Québec</td><td style="display: none;">Lesters</td><td style="display: none;"></td><td style="display: none;"></td><td style="display: none;"></td><td style="display: none;"></td><td style="display: none;"></td><td style="display: none;"><a class="recipeLink" href="/recipe_ingredient_search_results.php?query=(_QU5E__1__________633__[]_1_1)&amp;sos_l=fr">Recettes avec charcuterie, saucisson</a></td></tr><tr role="row" class="odd"><td tabindex="0"><i class="fas fa-hand-rock"></i></td><td class=" not_printable"><div class="addToGL" data-soscuisine-aisle="6" data-soscuisine-sip="3937747"><i class="fa fa-cart-plus" title="Ajouter à ma liste d'épicerie"></i><div></div></div></td><td><img class="storeItemImage" itemprop="image" alt="charcuterie, saucisson" src="/media/images/store_item/633.jpg"></td><td>charcuterie, saucisson</td><td class="not_printable sorting_1">viandes &amp; volailles</td><td><img style="width:50%;" src="/media/images/logos/marchands/1.png" alt="Metro"></td><td><span itemprop="price">6,99 $</span><span itemprop="eligibleQuantity" itemscope="" itemtype="http://schema.org/QuantitativeValue">/<span itemprop="unitText">375g</span></span></td><td>18,64 $/kg</td><td style="display: none;">2020-02-26</td><td style="display: none;"></td><td style="display: none;">Mikes</td><td style="display: none;"></td><td style="display: none;">pepperoni</td><td style="display: none;"></td><td style="display: none;">tranché</td><td style="display: none;"></td><td style="display: none;"><a class="recipeLink" href="/recipe_ingredient_search_results.php?query=(_QU5E__1__________633__[]_1_1)&amp;sos_l=fr">Recettes avec charcuterie, saucisson</a></td></tr><tr role="row" class="even"><td tabindex="0"><i class="fas fa-hand-rock"></i></td><td class=" not_printable"><div class="addToGL" data-soscuisine-aisle="6" data-soscuisine-sip="3937601"><i class="fa fa-cart-plus" title="Ajouter à ma liste d'épicerie"></i><div></div></div></td><td><img class="storeItemImage" itemprop="image" alt="charcuterie, saucisson" src="/media/images/store_item/633.jpg"></td><td>charcuterie, saucisson</td><td class="not_printable sorting_1">viandes &amp; volailles</td><td><img style="width:50%;" src="/media/images/logos/marchands/1.png" alt="Metro"></td><td><span itemprop="price">2,39 $</span><span itemprop="eligibleQuantity" itemscope="" itemtype="http://schema.org/QuantitativeValue">/<span itemprop="unitText">100g</span></span></td><td>23,90 $/kg</td><td style="display: none;">2020-02-26</td><td style="display: none;"></td><td style="display: none;">marque maison</td><td style="display: none;"></td><td style="display: none;"></td><td style="display: none;"></td><td style="display: none;"></td><td style="display: none;"></td><td style="display: none;"><a class="recipeLink" href="/recipe_ingredient_search_results.php?query=(_QU5E__1__________633__[]_1_1)&amp;sos_l=fr">Recettes avec charcuterie, saucisson</a></td></tr><tr role="row" class="odd"><td tabindex="0"><i class="fa fa-thumbs-down"></i></td><td class=" not_printable"><div class="addToGL" data-soscuisine-aisle="6" data-soscuisine-sip="3937749"><i class="fa fa-cart-plus" title="Ajouter à ma liste d'épicerie"></i><div></div></div></td><td><img class="storeItemImage" itemprop="image" alt="charcuterie, saucisson" src="/media/images/store_item/633.jpg"></td><td>charcuterie, saucisson</td><td class="not_printable sorting_1">viandes &amp; volailles</td><td><img style="width:50%;" src="/media/images/logos/marchands/1.png" alt="Metro"></td><td><span itemprop="price">5,99 $</span><span itemprop="eligibleQuantity" itemscope="" itemtype="http://schema.org/QuantitativeValue">/125g</span></td><td>47,92 $/kg</td><td style="display: none;">2020-02-26</td><td style="display: none;"></td><td style="display: none;">Schneiders</td><td style="display: none;"></td><td style="display: none;"></td><td style="display: none;"></td><td style="display: none;">tranché</td><td style="display: none;"></td><td style="display: none;"><a class="recipeLink" href="/recipe_ingredient_search_results.php?query=(_QU5E__1__________633__[]_1_1)&amp;sos_l=fr">Recettes avec charcuterie, saucisson</a></td></tr><tr role="row" class="even"><td tabindex="0"><i class="fas fa-hand-rock"></i></td><td class=" not_printable"><div class="addToGL" data-soscuisine-aisle="6" data-soscuisine-sip="3938995"><i class="fa fa-cart-plus" title="Ajouter à ma liste d'épicerie"></i><div></div></div></td><td><img class="storeItemImage" itemprop="image" alt="charcuterie, saucisson" src="/media/images/store_item/633.jpg"></td><td>charcuterie, saucisson</td><td class="not_printable sorting_1">viandes &amp; volailles</td><td><img style="width:50%;" src="/media/images/logos/marchands/64.png" alt="Mourelatos"></td><td><span itemprop="price">9,99 $</span><span itemprop="eligibleQuantity" itemscope="" itemtype="http://schema.org/QuantitativeValue">/<span itemprop="unitText">lb</span></span></td><td>22,02 $/kg</td><td style="display: none;">2020-02-25</td><td style="display: none;"></td><td style="display: none;"></td><td style="display: none;"></td><td style="display: none;">Hongrois</td><td style="display: none;"></td><td style="display: none;"></td><td style="display: none;">doux ou fort, Macher</td><td style="display: none;"><a class="recipeLink" href="/recipe_ingredient_search_results.php?query=(_QU5E__1__________633__[]_1_1)&amp;sos_l=fr">Recettes avec charcuterie, saucisson</a></td></tr><tr role="row" class="odd"><td tabindex="0"><i class="fa fa-thumbs-up"></i></td><td class=" not_printable"><div class="addToGL" data-soscuisine-aisle="6" data-soscuisine-sip="3940743"><i class="fa fa-cart-plus" title="Ajouter à ma liste d'épicerie"></i><div></div></div></td><td><img class="storeItemImage" itemprop="image" alt="charcuterie, saucisson" src="/media/images/store_item/633.jpg"></td><td>charcuterie, saucisson</td><td class="not_printable sorting_1">viandes &amp; volailles</td><td><img style="width:50%;" src="/media/images/logos/marchands/5.png" alt="Super C"></td><td><span itemprop="price">4,99 $</span><span itemprop="eligibleQuantity" itemscope="" itemtype="http://schema.org/QuantitativeValue">/<span itemprop="unitText">375g</span></span></td><td>13,31 $/kg</td><td style="display: none;">2020-02-26</td><td style="display: none;"></td><td style="display: none;">marque maison</td><td style="display: none;"></td><td style="display: none;">pepperoni</td><td style="display: none;"></td><td style="display: none;">tranché</td><td style="display: none;"></td><td style="display: none;"><a class="recipeLink" href="/recipe_ingredient_search_results.php?query=(_QU5E__1__________633__[]_1_1)&amp;sos_l=fr">Recettes avec charcuterie, saucisson</a></td></tr><tr role="row" class="even"><td tabindex="0"><i class="fas fa-hand-rock"></i></td><td class=" not_printable"><div class="addToGL" data-soscuisine-aisle="6" data-soscuisine-sip="3940833"><i class="fa fa-cart-plus" title="Ajouter à ma liste d'épicerie"></i><div></div></div></td><td><img class="storeItemImage" itemprop="image" alt="charcuterie, saucisson" src="/media/images/store_item/633.jpg"></td><td>charcuterie, saucisson</td><td class="not_printable sorting_1">viandes &amp; volailles</td><td><img style="width:50%;" src="/media/images/logos/marchands/11.png" alt="Tradition"></td><td><span itemprop="price">5,99 $</span><span itemprop="eligibleQuantity" itemscope="" itemtype="http://schema.org/QuantitativeValue">/<span itemprop="unitText">375g</span></span></td><td>15,97 $/kg</td><td style="display: none;">2020-02-26</td><td style="display: none;"></td><td style="display: none;">Mikes</td><td style="display: none;"></td><td style="display: none;">pepperoni</td><td style="display: none;"></td><td style="display: none;">tranché</td><td style="display: none;"></td><td style="display: none;"><a class="recipeLink" href="/recipe_ingredient_search_results.php?query=(_QU5E__1__________633__[]_1_1)&amp;sos_l=fr">Recettes avec charcuterie, saucisson</a></td></tr><tr role="row" class="odd"><td tabindex="0"><i class="fa fa-thumbs-down"></i></td><td class=" not_printable"><div class="addToGL" data-soscuisine-aisle="6" data-soscuisine-sip="3940707"><i class="fa fa-cart-plus" title="Ajouter à ma liste d'épicerie"></i><div></div></div></td><td><img class="storeItemImage" itemprop="image" alt="charcuterie, saucisson" src="/media/images/store_item/633.jpg"></td><td>charcuterie, saucisson</td><td class="not_printable sorting_1">viandes &amp; volailles</td><td><img style="width:50%;" src="/media/images/logos/marchands/11.png" alt="Tradition"></td><td><span itemprop="price">7,49 $</span><span itemprop="eligibleQuantity" itemscope="" itemtype="http://schema.org/QuantitativeValue">/<span itemprop="unitText">300g</span></span></td><td>24,97 $/kg</td><td style="display: none;">2020-02-26</td><td style="display: none;">Québec</td><td style="display: none;">Le Sauciflard</td><td style="display: none;"></td><td style="display: none;">Rosette de Lyon</td><td style="display: none;"></td><td style="display: none;"></td><td style="display: none;"></td><td style="display: none;"><a class="recipeLink" href="/recipe_ingredient_search_results.php?query=(_QU5E__1__________633__[]_1_1)&amp;sos_l=fr">Recettes avec charcuterie, saucisson</a></td></tr><tr role="row" class="even"><td tabindex="0"><i class="fa fa-thumbs-down"></i></td><td class=" not_printable"><div class="addToGL" data-soscuisine-aisle="6" data-soscuisine-sip="3940451"><i class="fa fa-cart-plus" title="Ajouter à ma liste d'épicerie"></i><div></div></div></td><td><img class="storeItemImage" itemprop="image" alt="charcuterie, saucisson" src="/media/images/store_item/633.jpg"></td><td>charcuterie, saucisson</td><td class="not_printable sorting_1">viandes &amp; volailles</td><td><img style="width:50%;" src="/media/images/logos/marchands/11.png" alt="Tradition"></td><td><span itemprop="price">11,98 $</span><span itemprop="eligibleQuantity" itemscope="" itemtype="http://schema.org/QuantitativeValue">/<span itemprop="value">2</span>x125g</span></td><td>47,92 $/kg</td><td style="display: none;">2020-02-26</td><td style="display: none;"></td><td style="display: none;">Schneiders</td><td style="display: none;"></td><td style="display: none;"></td><td style="display: none;"></td><td style="display: none;">tranché</td><td style="display: none;"></td><td style="display: none;"><a class="recipeLink" href="/recipe_ingredient_search_results.php?query=(_QU5E__1__________633__[]_1_1)&amp;sos_l=fr">Recettes avec charcuterie, saucisson</a></td></tr><tr role="row" class="odd"><td tabindex="0"><i class="fa fa-thumbs-down"></i></td><td class=" not_printable"><div class="addToGL" data-soscuisine-aisle="6" data-soscuisine-sip="3939603"><i class="fa fa-cart-plus" title="Ajouter à ma liste d'épicerie"></i><div></div></div></td><td><img class="storeItemImage" alt="charcuterie, viande émincée" src="/media/images/store_item/blank.jpg"></td><td>charcuterie, viande émincée</td><td class="not_printable sorting_1">viandes &amp; volailles</td><td><img style="width:50%;" src="/media/images/logos/marchands/10.png" alt="Bonichoix "></td><td><span itemprop="price">5,99 $</span><span itemprop="eligibleQuantity" itemscope="" itemtype="http://schema.org/QuantitativeValue">/<span itemprop="unitText">175g</span></span></td><td>34,23 $/kg</td><td style="display: none;">2020-02-26</td><td style="display: none;"></td><td style="display: none;">Natural Selections</td><td style="display: none;"></td><td style="display: none;"></td><td style="display: none;"></td><td style="display: none;"></td><td style="display: none;"></td><td style="display: none;"><a class="recipeLink" href="/recipe_ingredient_search_results.php?query=(_QU5E__1__________1005__[]_1_1)&amp;sos_l=fr">Recettes avec charcuterie, viande émincée</a></td></tr><tr role="row" class="even"><td tabindex="0"><i class="fa fa-thumbs-down"></i></td><td class=" not_printable"><div class="addToGL" data-soscuisine-aisle="6" data-soscuisine-sip="3939425"><i class="fa fa-cart-plus" title="Ajouter à ma liste d'épicerie"></i><div></div></div></td><td><img class="storeItemImage" alt="charcuterie, viande émincée" src="/media/images/store_item/blank.jpg"></td><td>charcuterie, viande émincée</td><td class="not_printable sorting_1">viandes &amp; volailles</td><td><img style="width:50%;" src="/media/images/logos/marchands/3.png" alt="IGA"></td><td><span itemprop="price">4,99 $</span><span itemprop="eligibleQuantity" itemscope="" itemtype="http://schema.org/QuantitativeValue">/<span itemprop="unitText">150g</span></span></td><td>33,27 $/kg</td><td style="display: none;">2020-02-26</td><td style="display: none;"></td><td style="display: none;">Olymel</td><td style="display: none;"></td><td style="display: none;"></td><td style="display: none;"></td><td style="display: none;"></td><td style="display: none;"></td><td style="display: none;"><a class="recipeLink" href="/recipe_ingredient_search_results.php?query=(_QU5E__1__________1005__[]_1_1)&amp;sos_l=fr">Recettes avec charcuterie, viande émincée</a></td></tr><tr role="row" class="odd"><td tabindex="0"><i class="fas fa-hand-rock"></i></td><td class=" not_printable"><div class="addToGL" data-soscuisine-aisle="6" data-soscuisine-sip="3937745"><i class="fa fa-cart-plus" title="Ajouter à ma liste d'épicerie"></i><div></div></div></td><td><img class="storeItemImage" alt="charcuterie, viande émincée" src="/media/images/store_item/blank.jpg"></td><td>charcuterie, viande émincée</td><td class="not_printable sorting_1">viandes &amp; volailles</td><td><img style="width:50%;" src="/media/images/logos/marchands/1.png" alt="Metro"></td><td><span itemprop="price">4,49 $</span><span itemprop="eligibleQuantity" itemscope="" itemtype="http://schema.org/QuantitativeValue">/<span itemprop="unitText">175g</span></span></td><td>25,66 $/kg</td><td style="display: none;">2020-02-26</td><td style="display: none;">Québec</td><td style="display: none;">Tour Eiffel</td><td style="display: none;"></td><td style="display: none;"></td><td style="display: none;"></td><td style="display: none;"></td><td style="display: none;">jambon ou dinde</td><td style="display: none;"><a class="recipeLink" href="/recipe_ingredient_search_results.php?query=(_QU5E__1__________1005__[]_1_1)&amp;sos_l=fr">Recettes avec charcuterie, viande émincée</a></td></tr><tr role="row" class="even"><td tabindex="0"><i class="fa fa-thumbs-up"></i></td><td class=" not_printable"><div class="addToGL" data-soscuisine-aisle="6" data-soscuisine-sip="3940603"><i class="fa fa-cart-plus" title="Ajouter à ma liste d'épicerie"></i><div></div></div></td><td><img class="storeItemImage" alt="charcuterie, viande émincée" src="/media/images/store_item/blank.jpg"></td><td>charcuterie, viande émincée</td><td class="not_printable sorting_1">viandes &amp; volailles</td><td><img style="width:50%;" src="/media/images/logos/marchands/5.png" alt="Super C"></td><td><span itemprop="price">8,99 $</span><span itemprop="eligibleQuantity" itemscope="" itemtype="http://schema.org/QuantitativeValue">/<span itemprop="unitText">500g</span></span></td><td>17,98 $/kg</td><td style="display: none;">2020-02-26</td><td style="display: none;"></td><td style="display: none;">Paysan</td><td style="display: none;"></td><td style="display: none;"></td><td style="display: none;"></td><td style="display: none;"></td><td style="display: none;"></td><td style="display: none;"><a class="recipeLink" href="/recipe_ingredient_search_results.php?query=(_QU5E__1__________1005__[]_1_1)&amp;sos_l=fr">Recettes avec charcuterie, viande émincée</a></td></tr><tr role="row" class="odd"><td tabindex="0"><i class="fa fa-thumbs-down"></i></td><td class=" not_printable"><div class="addToGL" data-soscuisine-aisle="6" data-soscuisine-sip="3940447"><i class="fa fa-cart-plus" title="Ajouter à ma liste d'épicerie"></i><div></div></div></td><td><img class="storeItemImage" alt="charcuterie, viande émincée" src="/media/images/store_item/blank.jpg"></td><td>charcuterie, viande émincée</td><td class="not_printable sorting_1">viandes &amp; volailles</td><td><img style="width:50%;" src="/media/images/logos/marchands/11.png" alt="Tradition"></td><td><span itemprop="price">11,98 $</span><span itemprop="eligibleQuantity" itemscope="" itemtype="http://schema.org/QuantitativeValue">/<span itemprop="value">2</span>x<span itemprop="unitText">175g</span></span></td><td>34,23 $/kg</td><td style="display: none;">2020-02-26</td><td style="display: none;"></td><td style="display: none;">Natural Selections</td><td style="display: none;"></td><td style="display: none;"></td><td style="display: none;"></td><td style="display: none;"></td><td style="display: none;"></td><td style="display: none;"><a class="recipeLink" href="/recipe_ingredient_search_results.php?query=(_QU5E__1__________1005__[]_1_1)&amp;sos_l=fr">Recettes avec charcuterie, viande émincée</a></td></tr><tr role="row" class="even"><td tabindex="0"><i class="fas fa-hand-rock"></i></td><td class=" not_printable"><div class="addToGL" data-soscuisine-aisle="6" data-soscuisine-sip="3941015"><i class="fa fa-cart-plus" title="Ajouter à ma liste d'épicerie"></i><div></div></div></td><td><img class="storeItemImage" itemprop="image" alt="dinde hachée" src="/media/images/store_item/514.jpg"></td><td>dinde hachée</td><td class="not_printable sorting_1">viandes &amp; volailles</td><td><img style="width:50%;" src="/media/images/logos/marchands/73.png" alt="Walmart"></td><td><span itemprop="price">12,00 $</span><span itemprop="eligibleQuantity" itemscope="" itemtype="http://schema.org/QuantitativeValue">/<span itemprop="value">2</span>x<span itemprop="unitText">454g (1lb)</span></span></td><td>13,23 $/kg</td><td style="display: none;">2020-02-26</td><td style="display: none;"></td><td style="display: none;">Prime (Maple Leaf)</td><td style="display: none;"></td><td style="display: none;"></td><td style="display: none;">extra-maigre</td><td style="display: none;"></td><td style="display: none;">seulement aux supercentres</td><td style="display: none;"><a class="recipeLink" href="/recipe_ingredient_search_results.php?query=(_QU5E__1__________514__[]_1_1)&amp;sos_l=fr">Recettes avec dinde hachée</a></td></tr><tr role="row" class="odd"><td tabindex="0"><i class="fa fa-thumbs-down"></i></td><td class=" not_printable"><div class="addToGL" data-soscuisine-aisle="6" data-soscuisine-sip="3941013"><i class="fa fa-cart-plus" title="Ajouter à ma liste d'épicerie"></i><div></div></div></td><td><img class="storeItemImage" itemprop="image" alt="dinde hachée" src="/media/images/store_item/514.jpg"></td><td>dinde hachée</td><td class="not_printable sorting_1">viandes &amp; volailles</td><td><img style="width:50%;" src="/media/images/logos/marchands/73.png" alt="Walmart"></td><td><span itemprop="price">6,97 $</span><span itemprop="eligibleQuantity" itemscope="" itemtype="http://schema.org/QuantitativeValue">/<span itemprop="unitText">454g (1lb)</span></span></td><td>15,37 $/kg</td><td style="display: none;">2020-02-26</td><td style="display: none;"></td><td style="display: none;">Prime (Maple Leaf)</td><td style="display: none;"></td><td style="display: none;"></td><td style="display: none;">extra-maigre</td><td style="display: none;"></td><td style="display: none;">seulement aux supercentres</td><td style="display: none;"><a class="recipeLink" href="/recipe_ingredient_search_results.php?query=(_QU5E__1__________514__[]_1_1)&amp;sos_l=fr">Recettes avec dinde hachée</a></td></tr><tr role="row" class="even"><td tabindex="0"><i class="fa fa-thumbs-up"></i><i class="fa fa-thumbs-up"></i></td><td class=" not_printable"><div class="addToGL" data-soscuisine-aisle="6" data-soscuisine-sip="3938119"><i class="fa fa-cart-plus" title="Ajouter à ma liste d'épicerie"></i><div></div></div></td><td><img class="storeItemImage" alt="lapins" src="/media/images/store_item/blank.jpg"></td><td>lapins</td><td class="not_printable sorting_1">viandes &amp; volailles</td><td><img style="width:50%;" src="/media/images/logos/marchands/7.png" alt="Intermarché (Saveurs intl.)"></td><td><span itemprop="price">5,99 $</span><span itemprop="eligibleQuantity" itemscope="" itemtype="http://schema.org/QuantitativeValue">/<span itemprop="unitText">lb</span></span></td><td>13,21 $/kg</td><td style="display: none;">2020-02-26</td><td style="display: none;"></td><td style="display: none;"></td><td style="display: none;"></td><td style="display: none;"></td><td style="display: none;"></td><td style="display: none;">frais</td><td style="display: none;">entier</td><td style="display: none;"><a class="recipeLink" href="/recipe_ingredient_search_results.php?query=(_QU5E__1__________413__[]_1_1)&amp;sos_l=fr">Recettes avec lapins</a></td></tr><tr role="row" class="odd"><td tabindex="0"><i class="fas fa-hand-rock"></i></td><td class=" not_printable"><div class="addToGL" data-soscuisine-aisle="6" data-soscuisine-sip="3939583"><i class="fa fa-cart-plus" title="Ajouter à ma liste d'épicerie"></i><div></div></div></td><td><img class="storeItemImage" alt="porc haché" src="/media/images/store_item/blank.jpg"></td><td>porc haché</td><td class="not_printable sorting_1">viandes &amp; volailles</td><td><img style="width:50%;" src="/media/images/logos/marchands/10.png" alt="Bonichoix "></td><td><span itemprop="price">2,99 $</span><span itemprop="eligibleQuantity" itemscope="" itemtype="http://schema.org/QuantitativeValue">/<span itemprop="unitText">lb</span></span></td><td>6,59 $/kg</td><td style="display: none;">2020-02-26</td><td style="display: none;"></td><td style="display: none;"></td><td style="display: none;"></td><td style="display: none;"></td><td style="display: none;">maigre</td><td style="display: none;">parties fraîches ou congelées, grand format</td><td style="display: none;"></td><td style="display: none;"><a class="recipeLink" href="/recipe_ingredient_search_results.php?query=(_QU5E__1__________629__[]_1_1)&amp;sos_l=fr">Recettes avec porc haché</a></td></tr><tr role="row" class="even"><td tabindex="0"><i class="fa fa-thumbs-down"></i></td><td class=" not_printable"><div class="addToGL" data-soscuisine-aisle="6" data-soscuisine-sip="3938229"><i class="fa fa-cart-plus" title="Ajouter à ma liste d'épicerie"></i><div></div></div></td><td><img class="storeItemImage" alt="porc haché" src="/media/images/store_item/blank.jpg"></td><td>porc haché</td><td class="not_printable sorting_1">viandes &amp; volailles</td><td><img style="width:50%;" src="/media/images/logos/marchands/2.png" alt="Provigo"></td><td><span itemprop="price">3,49 $</span><span itemprop="eligibleQuantity" itemscope="" itemtype="http://schema.org/QuantitativeValue">/<span itemprop="unitText">lb</span></span></td><td>7,69 $/kg</td><td style="display: none;">2020-02-26</td><td style="display: none;"></td><td style="display: none;"></td><td style="display: none;"></td><td style="display: none;"></td><td style="display: none;">mi-maigre</td><td style="display: none;"></td><td style="display: none;"></td><td style="display: none;"><a class="recipeLink" href="/recipe_ingredient_search_results.php?query=(_QU5E__1__________629__[]_1_1)&amp;sos_l=fr">Recettes avec porc haché</a></td></tr><tr role="row" class="odd"><td tabindex="0"><i class="fas fa-hand-rock"></i></td><td class=" not_printable"><div class="addToGL" data-soscuisine-aisle="6" data-soscuisine-sip="3940825"><i class="fa fa-cart-plus" title="Ajouter à ma liste d'épicerie"></i><div></div></div></td><td><img class="storeItemImage" alt="porc haché" src="/media/images/store_item/blank.jpg"></td><td>porc haché</td><td class="not_printable sorting_1">viandes &amp; volailles</td><td><img style="width:50%;" src="/media/images/logos/marchands/11.png" alt="Tradition"></td><td><span itemprop="price">2,99 $</span><span itemprop="eligibleQuantity" itemscope="" itemtype="http://schema.org/QuantitativeValue">/<span itemprop="unitText">lb</span></span></td><td>6,59 $/kg</td><td style="display: none;">2020-02-26</td><td style="display: none;"></td><td style="display: none;"></td><td style="display: none;"></td><td style="display: none;"></td><td style="display: none;">maigre</td><td style="display: none;">parties fraîches ou congelées, grand format</td><td style="display: none;"></td><td style="display: none;"><a class="recipeLink" href="/recipe_ingredient_search_results.php?query=(_QU5E__1__________629__[]_1_1)&amp;sos_l=fr">Recettes avec porc haché</a></td></tr><tr role="row" class="even"><td tabindex="0"><i class="fa fa-thumbs-up"></i></td><td class=" not_printable"><div class="addToGL" data-soscuisine-aisle="6" data-soscuisine-sip="3938059"><i class="fa fa-cart-plus" title="Ajouter à ma liste d'épicerie"></i><div></div></div></td><td><img class="storeItemImage" itemprop="image" alt="porc, côtelettes, avec os" src="/media/images/store_item/243.jpg"></td><td>porc, côtelettes, avec os</td><td class="not_printable sorting_1">viandes &amp; volailles</td><td><img style="width:50%;" src="/media/images/logos/marchands/7.png" alt="Intermarché (Saveurs intl.)"></td><td><span itemprop="price">2,00 $</span><span itemprop="eligibleQuantity" itemscope="" itemtype="http://schema.org/QuantitativeValue">/<span itemprop="unitText">lb</span></span></td><td>4,41 $/kg</td><td style="display: none;">2020-02-26</td><td style="display: none;"></td><td style="display: none;"></td><td style="display: none;"></td><td style="display: none;">longe</td><td style="display: none;">trio</td><td style="display: none;">frais, grand format</td><td style="display: none;"></td><td style="display: none;"><a class="recipeLink" href="/recipe_ingredient_search_results.php?query=(_QU5E__1__________243__[]_1_1)&amp;sos_l=fr">Recettes avec porc, côtelettes, avec os</a></td></tr><tr role="row" class="odd"><td tabindex="0"><i class="fa fa-thumbs-up"></i></td><td class=" not_printable"><div class="addToGL" data-soscuisine-aisle="6" data-soscuisine-sip="3938121"><i class="fa fa-cart-plus" title="Ajouter à ma liste d'épicerie"></i><div></div></div></td><td><img class="storeItemImage" itemprop="image" alt="porc, côtelettes, avec os" src="/media/images/store_item/243.jpg"></td><td>porc, côtelettes, avec os</td><td class="not_printable sorting_1">viandes &amp; volailles</td><td><img style="width:50%;" src="/media/images/logos/marchands/7.png" alt="Intermarché (Saveurs intl.)"></td><td><span itemprop="price">2,49 $</span><span itemprop="eligibleQuantity" itemscope="" itemtype="http://schema.org/QuantitativeValue">/<span itemprop="unitText">lb</span></span></td><td>5,49 $/kg</td><td style="display: none;">2020-02-26</td><td style="display: none;"></td><td style="display: none;"></td><td style="display: none;"></td><td style="display: none;">longe</td><td style="display: none;">coupe du centre</td><td style="display: none;">grand format</td><td style="display: none;"></td><td style="display: none;"><a class="recipeLink" href="/recipe_ingredient_search_results.php?query=(_QU5E__1__________243__[]_1_1)&amp;sos_l=fr">Recettes avec porc, côtelettes, avec os</a></td></tr><tr role="row" class="even"><td tabindex="0"><i class="fa fa-thumbs-up"></i></td><td class=" not_printable"><div class="addToGL" data-soscuisine-aisle="6" data-soscuisine-sip="3937429"><i class="fa fa-cart-plus" title="Ajouter à ma liste d'épicerie"></i><div></div></div></td><td><img class="storeItemImage" itemprop="image" alt="porc, côtelettes, avec os" src="/media/images/store_item/243.jpg"></td><td>porc, côtelettes, avec os</td><td class="not_printable sorting_1">viandes &amp; volailles</td><td><img style="width:50%;" src="/media/images/logos/marchands/6.png" alt="Maxi"></td><td><span itemprop="price">2,00 $</span><span itemprop="eligibleQuantity" itemscope="" itemtype="http://schema.org/QuantitativeValue">/<span itemprop="unitText">lb</span></span></td><td>4,41 $/kg</td><td style="display: none;">2020-02-26</td><td style="display: none;"></td><td style="display: none;"></td><td style="display: none;"></td><td style="display: none;">longe</td><td style="display: none;">combo</td><td style="display: none;">frais, grand format</td><td style="display: none;"></td><td style="display: none;"><a class="recipeLink" href="/recipe_ingredient_search_results.php?query=(_QU5E__1__________243__[]_1_1)&amp;sos_l=fr">Recettes avec porc, côtelettes, avec os</a></td></tr><tr role="row" class="odd"><td tabindex="0"><i class="fa fa-thumbs-up"></i><i class="fa fa-thumbs-up"></i></td><td class=" not_printable"><div class="addToGL" data-soscuisine-aisle="6" data-soscuisine-sip="3940413"><i class="fa fa-cart-plus" title="Ajouter à ma liste d'épicerie"></i><div></div></div></td><td><img class="storeItemImage" itemprop="image" alt="porc, côtelettes, avec os" src="/media/images/store_item/243.jpg"></td><td>porc, côtelettes, avec os</td><td class="not_printable sorting_1">viandes &amp; volailles</td><td><img style="width:50%;" src="/media/images/logos/marchands/5.png" alt="Super C"></td><td><span itemprop="price">1,88 $</span><span itemprop="eligibleQuantity" itemscope="" itemtype="http://schema.org/QuantitativeValue">/<span itemprop="unitText">lb</span></span></td><td>4,14 $/kg</td><td style="display: none;">2020-02-26</td><td style="display: none;"></td><td style="display: none;"></td><td style="display: none;"></td><td style="display: none;"></td><td style="display: none;">duo</td><td style="display: none;">frais, grand format</td><td style="display: none;"></td><td style="display: none;"><a class="recipeLink" href="/recipe_ingredient_search_results.php?query=(_QU5E__1__________243__[]_1_1)&amp;sos_l=fr">Recettes avec porc, côtelettes, avec os</a></td></tr><tr role="row" class="even"><td tabindex="0"><i class="fas fa-hand-rock"></i></td><td class=" not_printable"><div class="addToGL" data-soscuisine-aisle="6" data-soscuisine-sip="3939541"><i class="fa fa-cart-plus" title="Ajouter à ma liste d'épicerie"></i><div></div></div></td><td><img class="storeItemImage" itemprop="image" alt="porc, côtelettes, désossées" src="/media/images/store_item/568.jpg"></td><td>porc, côtelettes, désossées</td><td class="not_printable sorting_1">viandes &amp; volailles</td><td><img style="width:50%;" src="/media/images/logos/marchands/10.png" alt="Bonichoix "></td><td><span itemprop="price">3,49 $</span><span itemprop="eligibleQuantity" itemscope="" itemtype="http://schema.org/QuantitativeValue">/<span itemprop="unitText">lb</span></span></td><td>7,69 $/kg</td><td style="display: none;">2020-02-26</td><td style="display: none;">Québec</td><td style="display: none;"></td><td style="display: none;"></td><td style="display: none;">longe</td><td style="display: none;">coupe du centre</td><td style="display: none;">frais, grand format</td><td style="display: none;"></td><td style="display: none;"><a class="recipeLink" href="/recipe_ingredient_search_results.php?query=(_QU5E__1__________568__[]_1_1)&amp;sos_l=fr">Recettes avec porc, côtelettes, désossées</a></td></tr><tr role="row" class="odd"><td tabindex="0"><i class="fa fa-thumbs-down"></i></td><td class=" not_printable"><div class="addToGL" data-soscuisine-aisle="6" data-soscuisine-sip="3939383"><i class="fa fa-cart-plus" title="Ajouter à ma liste d'épicerie"></i><div></div></div></td><td><img class="storeItemImage" itemprop="image" alt="porc, côtelettes, désossées" src="/media/images/store_item/568.jpg"></td><td>porc, côtelettes, désossées</td><td class="not_printable sorting_1">viandes &amp; volailles</td><td><img style="width:50%;" src="/media/images/logos/marchands/3.png" alt="IGA"></td><td><span itemprop="price">4,49 $</span><span itemprop="eligibleQuantity" itemscope="" itemtype="http://schema.org/QuantitativeValue">/<span itemprop="unitText">lb</span></span></td><td>9,90 $/kg</td><td style="display: none;">2020-02-26</td><td style="display: none;">Québec</td><td style="display: none;"></td><td style="display: none;"></td><td style="display: none;"></td><td style="display: none;">coupe du centre</td><td style="display: none;">frais, grand format</td><td style="display: none;"></td><td style="display: none;"><a class="recipeLink" href="/recipe_ingredient_search_results.php?query=(_QU5E__1__________568__[]_1_1)&amp;sos_l=fr">Recettes avec porc, côtelettes, désossées</a></td></tr><tr role="row" class="even"><td tabindex="0"><i class="fas fa-hand-rock"></i></td><td class=" not_printable"><div class="addToGL" data-soscuisine-aisle="6" data-soscuisine-sip="3938593"><i class="fa fa-cart-plus" title="Ajouter à ma liste d'épicerie"></i><div></div></div></td><td><img class="storeItemImage" itemprop="image" alt="porc, côtelettes, désossées" src="/media/images/store_item/568.jpg"></td><td>porc, côtelettes, désossées</td><td class="not_printable sorting_1">viandes &amp; volailles</td><td><img style="width:50%;" src="/media/images/logos/marchands/69.png" alt="Intermarché (Provincial)"></td><td><span itemprop="price">3,99 $</span><span itemprop="eligibleQuantity" itemscope="" itemtype="http://schema.org/QuantitativeValue">/<span itemprop="unitText">lb</span></span></td><td>8,80 $/kg</td><td style="display: none;">2020-02-26</td><td style="display: none;"></td><td style="display: none;"></td><td style="display: none;"></td><td style="display: none;"></td><td style="display: none;"></td><td style="display: none;">grand format</td><td style="display: none;"></td><td style="display: none;"><a class="recipeLink" href="/recipe_ingredient_search_results.php?query=(_QU5E__1__________568__[]_1_1)&amp;sos_l=fr">Recettes avec porc, côtelettes, désossées</a></td></tr><tr role="row" class="odd"><td tabindex="0"><i class="fa fa-thumbs-down"></i></td><td class=" not_printable"><div class="addToGL" data-soscuisine-aisle="6" data-soscuisine-sip="3937731"><i class="fa fa-cart-plus" title="Ajouter à ma liste d'épicerie"></i><div></div></div></td><td><img class="storeItemImage" itemprop="image" alt="porc, côtelettes, désossées" src="/media/images/store_item/568.jpg"></td><td>porc, côtelettes, désossées</td><td class="not_printable sorting_1">viandes &amp; volailles</td><td><img style="width:50%;" src="/media/images/logos/marchands/1.png" alt="Metro"></td><td><span itemprop="price">4,99 $</span><span itemprop="eligibleQuantity" itemscope="" itemtype="http://schema.org/QuantitativeValue">/<span itemprop="unitText">lb</span></span></td><td>11,00 $/kg</td><td style="display: none;">2020-02-26</td><td style="display: none;"></td><td style="display: none;"></td><td style="display: none;"></td><td style="display: none;">surlonge</td><td style="display: none;"></td><td style="display: none;">grand format</td><td style="display: none;"></td><td style="display: none;"><a class="recipeLink" href="/recipe_ingredient_search_results.php?query=(_QU5E__1__________568__[]_1_1)&amp;sos_l=fr">Recettes avec porc, côtelettes, désossées</a></td></tr><tr role="row" class="even"><td tabindex="0"><i class="fa fa-thumbs-up"></i></td><td class=" not_printable"><div class="addToGL" data-soscuisine-aisle="6" data-soscuisine-sip="3938903"><i class="fa fa-cart-plus" title="Ajouter à ma liste d'épicerie"></i><div></div></div></td><td><img class="storeItemImage" itemprop="image" alt="porc, côtelettes, désossées" src="/media/images/store_item/568.jpg"></td><td>porc, côtelettes, désossées</td><td class="not_printable sorting_1">viandes &amp; volailles</td><td><img style="width:50%;" src="/media/images/logos/marchands/64.png" alt="Mourelatos"></td><td><span itemprop="price">2,99 $</span><span itemprop="eligibleQuantity" itemscope="" itemtype="http://schema.org/QuantitativeValue">/<span itemprop="unitText">lb</span></span></td><td>6,59 $/kg</td><td style="display: none;">2020-02-25</td><td style="display: none;"></td><td style="display: none;"></td><td style="display: none;"></td><td style="display: none;"></td><td style="display: none;"></td><td style="display: none;"></td><td style="display: none;"></td><td style="display: none;"><a class="recipeLink" href="/recipe_ingredient_search_results.php?query=(_QU5E__1__________568__[]_1_1)&amp;sos_l=fr">Recettes avec porc, côtelettes, désossées</a></td></tr><tr role="row" class="odd"><td tabindex="0"><i class="fa fa-thumbs-down"></i></td><td class=" not_printable"><div class="addToGL" data-soscuisine-aisle="6" data-soscuisine-sip="3939387"><i class="fa fa-cart-plus" title="Ajouter à ma liste d'épicerie"></i><div></div></div></td><td><img class="storeItemImage" itemprop="image" alt="porc, côtes levées" src="/media/images/store_item/253.jpg"></td><td>porc, côtes levées</td><td class="not_printable sorting_1">viandes &amp; volailles</td><td><img style="width:50%;" src="/media/images/logos/marchands/3.png" alt="IGA"></td><td><span itemprop="price">5,99 $</span><span itemprop="eligibleQuantity" itemscope="" itemtype="http://schema.org/QuantitativeValue">/<span itemprop="unitText">lb</span></span></td><td>13,21 $/kg</td><td style="display: none;">2020-02-26</td><td style="display: none;">Québec</td><td style="display: none;"></td><td style="display: none;"></td><td style="display: none;">de dos</td><td style="display: none;"></td><td style="display: none;">frais</td><td style="display: none;"></td><td style="display: none;"><a class="recipeLink" href="/recipe_ingredient_search_results.php?query=(_QU5E__1__________253__[]_1_1)&amp;sos_l=fr">Recettes avec porc, côtes levées</a></td></tr><tr role="row" class="even"><td tabindex="0"><i class="fas fa-hand-rock"></i></td><td class=" not_printable"><div class="addToGL" data-soscuisine-aisle="6" data-soscuisine-sip="3938563"><i class="fa fa-cart-plus" title="Ajouter à ma liste d'épicerie"></i><div></div></div></td><td><img class="storeItemImage" itemprop="image" alt="porc, côtes levées" src="/media/images/store_item/253.jpg"></td><td>porc, côtes levées</td><td class="not_printable sorting_1">viandes &amp; volailles</td><td><img style="width:50%;" src="/media/images/logos/marchands/69.png" alt="Intermarché (Provincial)"></td><td><span itemprop="price">4,00 $</span><span itemprop="eligibleQuantity" itemscope="" itemtype="http://schema.org/QuantitativeValue">/<span itemprop="unitText">lb</span></span></td><td>8,82 $/kg</td><td style="display: none;">2020-02-26</td><td style="display: none;"></td><td style="display: none;"></td><td style="display: none;"></td><td style="display: none;">de dos</td><td style="display: none;"></td><td style="display: none;">frais</td><td style="display: none;"></td><td style="display: none;"><a class="recipeLink" href="/recipe_ingredient_search_results.php?query=(_QU5E__1__________253__[]_1_1)&amp;sos_l=fr">Recettes avec porc, côtes levées</a></td></tr><tr role="row" class="odd"><td tabindex="0"><i class="fa fa-thumbs-up"></i></td><td class=" not_printable"><div class="addToGL" data-soscuisine-aisle="6" data-soscuisine-sip="3938905"><i class="fa fa-cart-plus" title="Ajouter à ma liste d'épicerie"></i><div></div></div></td><td><img class="storeItemImage" itemprop="image" alt="porc, côtes levées" src="/media/images/store_item/253.jpg"></td><td>porc, côtes levées</td><td class="not_printable sorting_1">viandes &amp; volailles</td><td><img style="width:50%;" src="/media/images/logos/marchands/64.png" alt="Mourelatos"></td><td><span itemprop="price">3,49 $</span><span itemprop="eligibleQuantity" itemscope="" itemtype="http://schema.org/QuantitativeValue">/<span itemprop="unitText">lb</span></span></td><td>7,69 $/kg</td><td style="display: none;">2020-02-25</td><td style="display: none;"></td><td style="display: none;"></td><td style="display: none;"></td><td style="display: none;"></td><td style="display: none;"></td><td style="display: none;"></td><td style="display: none;"></td><td style="display: none;"><a class="recipeLink" href="/recipe_ingredient_search_results.php?query=(_QU5E__1__________253__[]_1_1)&amp;sos_l=fr">Recettes avec porc, côtes levées</a></td></tr><tr role="row" class="even"><td tabindex="0"><i class="fa fa-thumbs-up"></i><i class="fa fa-thumbs-up"></i></td><td class=" not_printable"><div class="addToGL" data-soscuisine-aisle="6" data-soscuisine-sip="3937971"><i class="fa fa-cart-plus" title="Ajouter à ma liste d'épicerie"></i><div></div></div></td><td><img class="storeItemImage" itemprop="image" alt="porc, côtes levées" src="/media/images/store_item/253.jpg"></td><td>porc, côtes levées</td><td class="not_printable sorting_1">viandes &amp; volailles</td><td><img style="width:50%;" src="/media/images/logos/marchands/2.png" alt="Provigo"></td><td><span itemprop="price">1,99 $</span><span itemprop="eligibleQuantity" itemscope="" itemtype="http://schema.org/QuantitativeValue">/<span itemprop="unitText">lb</span></span></td><td>4,39 $/kg</td><td style="display: none;">2020-02-26</td><td style="display: none;"></td><td style="display: none;"></td><td style="display: none;"></td><td style="display: none;">de flanc</td><td style="display: none;"></td><td style="display: none;"></td><td style="display: none;"></td><td style="display: none;"><a class="recipeLink" href="/recipe_ingredient_search_results.php?query=(_QU5E__1__________253__[]_1_1)&amp;sos_l=fr">Recettes avec porc, côtes levées</a></td></tr><tr role="row" class="odd"><td tabindex="0"><i class="fa fa-thumbs-down"></i></td><td class=" not_printable"><div class="addToGL" data-soscuisine-aisle="6" data-soscuisine-sip="3940875"><i class="fa fa-cart-plus" title="Ajouter à ma liste d'épicerie"></i><div></div></div></td><td><img class="storeItemImage" itemprop="image" alt="porc, côtes levées" src="/media/images/store_item/253.jpg"></td><td>porc, côtes levées</td><td class="not_printable sorting_1">viandes &amp; volailles</td><td><img style="width:50%;" src="/media/images/logos/marchands/12.png" alt="Richelieu"></td><td><span itemprop="price">5,99 $</span><span itemprop="eligibleQuantity" itemscope="" itemtype="http://schema.org/QuantitativeValue">/<span itemprop="unitText">lb</span></span></td><td>13,21 $/kg</td><td style="display: none;">2020-02-26</td><td style="display: none;"></td><td style="display: none;"></td><td style="display: none;"></td><td style="display: none;">de dos</td><td style="display: none;"></td><td style="display: none;">frais</td><td style="display: none;"></td><td style="display: none;"><a class="recipeLink" href="/recipe_ingredient_search_results.php?query=(_QU5E__1__________253__[]_1_1)&amp;sos_l=fr">Recettes avec porc, côtes levées</a></td></tr><tr role="row" class="even"><td tabindex="0"><i class="fa fa-thumbs-down"></i></td><td class=" not_printable"><div class="addToGL" data-soscuisine-aisle="6" data-soscuisine-sip="3937707"><i class="fa fa-cart-plus" title="Ajouter à ma liste d'épicerie"></i><div></div></div></td><td><img class="storeItemImage" alt="porc, cubes à ragoût" src="/media/images/store_item/blank.jpg"></td><td>porc, cubes à ragoût</td><td class="not_printable sorting_1">viandes &amp; volailles</td><td><img style="width:50%;" src="/media/images/logos/marchands/1.png" alt="Metro"></td><td><span itemprop="price">4,99 $</span><span itemprop="eligibleQuantity" itemscope="" itemtype="http://schema.org/QuantitativeValue">/<span itemprop="unitText">lb</span></span></td><td>11,00 $/kg</td><td style="display: none;">2020-02-26</td><td style="display: none;"></td><td style="display: none;"></td><td style="display: none;"></td><td style="display: none;"></td><td style="display: none;"></td><td style="display: none;">frais</td><td style="display: none;"></td><td style="display: none;"></td></tr><tr role="row" class="odd"><td tabindex="0"><i class="fa fa-thumbs-up"></i><i class="fa fa-thumbs-up"></i></td><td class=" not_printable"><div class="addToGL" data-soscuisine-aisle="6" data-soscuisine-sip="3938907"><i class="fa fa-cart-plus" title="Ajouter à ma liste d'épicerie"></i><div></div></div></td><td><img class="storeItemImage" alt="porc, cubes à ragoût" src="/media/images/store_item/blank.jpg"></td><td>porc, cubes à ragoût</td><td class="not_printable sorting_1">viandes &amp; volailles</td><td><img style="width:50%;" src="/media/images/logos/marchands/64.png" alt="Mourelatos"></td><td><span itemprop="price">2,99 $</span><span itemprop="eligibleQuantity" itemscope="" itemtype="http://schema.org/QuantitativeValue">/<span itemprop="unitText">lb</span></span></td><td>6,59 $/kg</td><td style="display: none;">2020-02-25</td><td style="display: none;"></td><td style="display: none;"></td><td style="display: none;"></td><td style="display: none;"></td><td style="display: none;"></td><td style="display: none;"></td><td style="display: none;"></td><td style="display: none;"></td></tr><tr role="row" class="even"><td tabindex="0"><i class="fa fa-thumbs-up"></i></td><td class=" not_printable"><div class="addToGL" data-soscuisine-aisle="6" data-soscuisine-sip="3935937"><i class="fa fa-cart-plus" title="Ajouter à ma liste d'épicerie"></i><div></div></div></td><td><img class="storeItemImage" itemprop="image" alt="porc, épaule, rôti" src="/media/images/store_item/547.jpg"></td><td>porc, épaule, rôti</td><td class="not_printable sorting_1">viandes &amp; volailles</td><td><img style="width:50%;" src="/media/images/logos/marchands/62.png" alt="Supermarché PA"></td><td><span itemprop="price">1,99 $</span><span itemprop="eligibleQuantity" itemscope="" itemtype="http://schema.org/QuantitativeValue">/<span itemprop="unitText">lb</span></span></td><td>4,39 $/kg</td><td style="display: none;">2020-02-23</td><td style="display: none;">Québec</td><td style="display: none;"></td><td style="display: none;"></td><td style="display: none;"></td><td style="display: none;"></td><td style="display: none;">frais</td><td style="display: none;"></td><td style="display: none;"><a class="recipeLink" href="/recipe_ingredient_search_results.php?query=(_QU5E__1__________547__[]_1_1)&amp;sos_l=fr">Recettes avec porc, épaule, rôti</a></td></tr><tr role="row" class="odd"><td tabindex="0"><i class="fa fa-thumbs-down"></i></td><td class=" not_printable"><div class="addToGL" data-soscuisine-aisle="6" data-soscuisine-sip="3940677"><i class="fa fa-cart-plus" title="Ajouter à ma liste d'épicerie"></i><div></div></div></td><td><img class="storeItemImage" alt="porc, fesse" src="/media/images/store_item/blank.jpg"></td><td>porc, fesse</td><td class="not_printable sorting_1">viandes &amp; volailles</td><td><img style="width:50%;" src="/media/images/logos/marchands/11.png" alt="Tradition"></td><td><span itemprop="price">2,79 $</span><span itemprop="eligibleQuantity" itemscope="" itemtype="http://schema.org/QuantitativeValue">/<span itemprop="unitText">lb</span></span></td><td>6,15 $/kg</td><td style="display: none;">2020-02-26</td><td style="display: none;">Québec</td><td style="display: none;"></td><td style="display: none;"></td><td style="display: none;"></td><td style="display: none;"></td><td style="display: none;">frais</td><td style="display: none;">demi fesse, ou roti</td><td style="display: none;"></td></tr><tr role="row" class="even"><td tabindex="0"><i class="fas fa-hand-rock"></i></td><td class=" not_printable"><div class="addToGL" data-soscuisine-aisle="6" data-soscuisine-sip="3939129"><i class="fa fa-cart-plus" title="Ajouter à ma liste d'épicerie"></i><div></div></div></td><td><img class="storeItemImage" itemprop="image" alt="porc, filets" src="/media/images/store_item/255.jpg"></td><td>porc, filets</td><td class="not_printable sorting_1">viandes &amp; volailles</td><td><img style="width:50%;" src="/media/images/logos/marchands/63.png" alt="Marché Adonis"></td><td><span itemprop="price">3,99 $</span><span itemprop="eligibleQuantity" itemscope="" itemtype="http://schema.org/QuantitativeValue">/<span itemprop="unitText">lb</span></span></td><td>8,80 $/kg</td><td style="display: none;">2020-02-26</td><td style="display: none;"></td><td style="display: none;"></td><td style="display: none;"></td><td style="display: none;"></td><td style="display: none;"></td><td style="display: none;">frais</td><td style="display: none;"></td><td style="display: none;"><a class="recipeLink" href="/recipe_ingredient_search_results.php?query=(_QU5E__1__________255__[]_1_1)&amp;sos_l=fr">Recettes avec porc, filets</a></td></tr><tr role="row" class="odd"><td tabindex="0"><i class="fas fa-hand-rock"></i></td><td class=" not_printable"><div class="addToGL" data-soscuisine-aisle="6" data-soscuisine-sip="3938223"><i class="fa fa-cart-plus" title="Ajouter à ma liste d'épicerie"></i><div></div></div></td><td><img class="storeItemImage" itemprop="image" alt="porc, filets" src="/media/images/store_item/255.jpg"></td><td>porc, filets</td><td class="not_printable sorting_1">viandes &amp; volailles</td><td><img style="width:50%;" src="/media/images/logos/marchands/2.png" alt="Provigo"></td><td><span itemprop="price">4,99 $</span><span itemprop="eligibleQuantity" itemscope="" itemtype="http://schema.org/QuantitativeValue">/<span itemprop="unitText">lb</span></span></td><td>11,00 $/kg</td><td style="display: none;">2020-02-26</td><td style="display: none;"></td><td style="display: none;"></td><td style="display: none;"></td><td style="display: none;"></td><td style="display: none;"></td><td style="display: none;">paquet de 2</td><td style="display: none;">emb. sous vide</td><td style="display: none;"><a class="recipeLink" href="/recipe_ingredient_search_results.php?query=(_QU5E__1__________255__[]_1_1)&amp;sos_l=fr">Recettes avec porc, filets</a></td></tr><tr role="row" class="even"><td tabindex="0"><i class="fas fa-hand-rock"></i></td><td class=" not_printable"><div class="addToGL" data-soscuisine-aisle="6" data-soscuisine-sip="3940861"><i class="fa fa-cart-plus" title="Ajouter à ma liste d'épicerie"></i><div></div></div></td><td><img class="storeItemImage" itemprop="image" alt="porc, filets" src="/media/images/store_item/255.jpg"></td><td>porc, filets</td><td class="not_printable sorting_1">viandes &amp; volailles</td><td><img style="width:50%;" src="/media/images/logos/marchands/12.png" alt="Richelieu"></td><td><span itemprop="price">3,99 $</span><span itemprop="eligibleQuantity" itemscope="" itemtype="http://schema.org/QuantitativeValue">/<span itemprop="unitText">lb</span></span></td><td>8,80 $/kg</td><td style="display: none;">2020-02-26</td><td style="display: none;"></td><td style="display: none;"></td><td style="display: none;"></td><td style="display: none;"></td><td style="display: none;"></td><td style="display: none;">frais, grand format</td><td style="display: none;"></td><td style="display: none;"><a class="recipeLink" href="/recipe_ingredient_search_results.php?query=(_QU5E__1__________255__[]_1_1)&amp;sos_l=fr">Recettes avec porc, filets</a></td></tr><tr role="row" class="odd"><td tabindex="0"><i class="fa fa-thumbs-up"></i></td><td class=" not_printable"><div class="addToGL" data-soscuisine-aisle="6" data-soscuisine-sip="3940485"><i class="fa fa-cart-plus" title="Ajouter à ma liste d'épicerie"></i><div></div></div></td><td><img class="storeItemImage" itemprop="image" alt="porc, filets" src="/media/images/store_item/255.jpg"></td><td>porc, filets</td><td class="not_printable sorting_1">viandes &amp; volailles</td><td><img style="width:50%;" src="/media/images/logos/marchands/11.png" alt="Tradition"></td><td><span itemprop="price">3,49 $</span><span itemprop="eligibleQuantity" itemscope="" itemtype="http://schema.org/QuantitativeValue">/<span itemprop="unitText">lb</span></span></td><td>7,69 $/kg</td><td style="display: none;">2020-02-26</td><td style="display: none;">Québec</td><td style="display: none;"></td><td style="display: none;"></td><td style="display: none;"></td><td style="display: none;"></td><td style="display: none;">frais, grand format</td><td style="display: none;"></td><td style="display: none;"><a class="recipeLink" href="/recipe_ingredient_search_results.php?query=(_QU5E__1__________255__[]_1_1)&amp;sos_l=fr">Recettes avec porc, filets</a></td></tr><tr role="row" class="even"><td tabindex="0"><i class="fas fa-hand-rock"></i></td><td class=" not_printable"><div class="addToGL" data-soscuisine-aisle="6" data-soscuisine-sip="3939595"><i class="fa fa-cart-plus" title="Ajouter à ma liste d'épicerie"></i><div></div></div></td><td><img class="storeItemImage" itemprop="image" alt="porc, jambon fumé" src="/media/images/store_item/669.jpg"></td><td>porc, jambon fumé</td><td class="not_printable sorting_1">viandes &amp; volailles</td><td><img style="width:50%;" src="/media/images/logos/marchands/10.png" alt="Bonichoix "></td><td><span itemprop="price">4,49 $</span><span itemprop="eligibleQuantity" itemscope="" itemtype="http://schema.org/QuantitativeValue">/<span itemprop="unitText">lb</span></span></td><td>9,90 $/kg</td><td style="display: none;">2020-02-26</td><td style="display: none;"></td><td style="display: none;">Lafleur</td><td style="display: none;">quart</td><td style="display: none;"></td><td style="display: none;"></td><td style="display: none;">désossé</td><td style="display: none;"></td><td style="display: none;"><a class="recipeLink" href="/recipe_ingredient_search_results.php?query=(_QU5E__1__________669__[]_1_1)&amp;sos_l=fr">Recettes avec porc, jambon fumé</a></td></tr><tr role="row" class="odd"><td tabindex="0"><i class="fas fa-hand-rock"></i></td><td class=" not_printable"><div class="addToGL" data-soscuisine-aisle="6" data-soscuisine-sip="3939611"><i class="fa fa-cart-plus" title="Ajouter à ma liste d'épicerie"></i><div></div></div></td><td><img class="storeItemImage" itemprop="image" alt="porc, jambon fumé" src="/media/images/store_item/669.jpg"></td><td>porc, jambon fumé</td><td class="not_printable sorting_1">viandes &amp; volailles</td><td><img style="width:50%;" src="/media/images/logos/marchands/10.png" alt="Bonichoix "></td><td><span itemprop="price">8,99 $</span><span itemprop="eligibleQuantity" itemscope="" itemtype="http://schema.org/QuantitativeValue">/<span itemprop="unitText">750g</span></span></td><td>11,99 $/kg</td><td style="display: none;">2020-02-26</td><td style="display: none;"></td><td style="display: none;">Gaspesien</td><td style="display: none;">quart</td><td style="display: none;">style Toupie</td><td style="display: none;"></td><td style="display: none;">désossé</td><td style="display: none;"></td><td style="display: none;"><a class="recipeLink" href="/recipe_ingredient_search_results.php?query=(_QU5E__1__________669__[]_1_1)&amp;sos_l=fr">Recettes avec porc, jambon fumé</a></td></tr><tr role="row" class="even"><td tabindex="0"><i class="fa fa-thumbs-down"></i></td><td class=" not_printable"><div class="addToGL" data-soscuisine-aisle="6" data-soscuisine-sip="3939447"><i class="fa fa-cart-plus" title="Ajouter à ma liste d'épicerie"></i><div></div></div></td><td><img class="storeItemImage" itemprop="image" alt="porc, jambon fumé" src="/media/images/store_item/669.jpg"></td><td>porc, jambon fumé</td><td class="not_printable sorting_1">viandes &amp; volailles</td><td><img style="width:50%;" src="/media/images/logos/marchands/3.png" alt="IGA"></td><td><span itemprop="price">8,99 $</span><span itemprop="eligibleQuantity" itemscope="" itemtype="http://schema.org/QuantitativeValue">/<span itemprop="unitText">550g</span></span></td><td>16,35 $/kg</td><td style="display: none;">2020-02-26</td><td style="display: none;"></td><td style="display: none;">Lafleur</td><td style="display: none;"></td><td style="display: none;"></td><td style="display: none;"></td><td style="display: none;"></td><td style="display: none;"></td><td style="display: none;"><a class="recipeLink" href="/recipe_ingredient_search_results.php?query=(_QU5E__1__________669__[]_1_1)&amp;sos_l=fr">Recettes avec porc, jambon fumé</a></td></tr><tr role="row" class="odd"><td tabindex="0"><i class="fa fa-thumbs-down"></i></td><td class=" not_printable"><div class="addToGL" data-soscuisine-aisle="6" data-soscuisine-sip="3938611"><i class="fa fa-cart-plus" title="Ajouter à ma liste d'épicerie"></i><div></div></div></td><td><img class="storeItemImage" itemprop="image" alt="porc, jambon fumé" src="/media/images/store_item/669.jpg"></td><td>porc, jambon fumé</td><td class="not_printable sorting_1">viandes &amp; volailles</td><td><img style="width:50%;" src="/media/images/logos/marchands/69.png" alt="Intermarché (Provincial)"></td><td><span itemprop="price">9,99 $</span><span itemprop="eligibleQuantity" itemscope="" itemtype="http://schema.org/QuantitativeValue">/<span itemprop="unitText">600g</span></span></td><td>16,65 $/kg</td><td style="display: none;">2020-02-26</td><td style="display: none;"></td><td style="display: none;">Maple Leaf</td><td style="display: none;"></td><td style="display: none;"></td><td style="display: none;"></td><td style="display: none;"></td><td style="display: none;"></td><td style="display: none;"><a class="recipeLink" href="/recipe_ingredient_search_results.php?query=(_QU5E__1__________669__[]_1_1)&amp;sos_l=fr">Recettes avec porc, jambon fumé</a></td></tr><tr role="row" class="even"><td tabindex="0"><i class="fa fa-thumbs-down"></i></td><td class=" not_printable"><div class="addToGL" data-soscuisine-aisle="6" data-soscuisine-sip="3938131"><i class="fa fa-cart-plus" title="Ajouter à ma liste d'épicerie"></i><div></div></div></td><td><img class="storeItemImage" itemprop="image" alt="porc, jambon fumé" src="/media/images/store_item/669.jpg"></td><td>porc, jambon fumé</td><td class="not_printable sorting_1">viandes &amp; volailles</td><td><img style="width:50%;" src="/media/images/logos/marchands/7.png" alt="Intermarché (Saveurs intl.)"></td><td><span itemprop="price">9,99 $</span><span itemprop="eligibleQuantity" itemscope="" itemtype="http://schema.org/QuantitativeValue">/<span itemprop="unitText">600g</span></span></td><td>16,65 $/kg</td><td style="display: none;">2020-02-26</td><td style="display: none;"></td><td style="display: none;">Maple Leaf</td><td style="display: none;"></td><td style="display: none;"></td><td style="display: none;"></td><td style="display: none;"></td><td style="display: none;"></td><td style="display: none;"><a class="recipeLink" href="/recipe_ingredient_search_results.php?query=(_QU5E__1__________669__[]_1_1)&amp;sos_l=fr">Recettes avec porc, jambon fumé</a></td></tr><tr role="row" class="odd"><td tabindex="0"><i class="fas fa-hand-rock"></i></td><td class=" not_printable"><div class="addToGL" data-soscuisine-aisle="6" data-soscuisine-sip="3937721"><i class="fa fa-cart-plus" title="Ajouter à ma liste d'épicerie"></i><div></div></div></td><td><img class="storeItemImage" itemprop="image" alt="porc, jambon fumé" src="/media/images/store_item/669.jpg"></td><td>porc, jambon fumé</td><td class="not_printable sorting_1">viandes &amp; volailles</td><td><img style="width:50%;" src="/media/images/logos/marchands/1.png" alt="Metro"></td><td><span itemprop="price">4,49 $</span><span itemprop="eligibleQuantity" itemscope="" itemtype="http://schema.org/QuantitativeValue">/<span itemprop="unitText">lb</span></span></td><td>9,90 $/kg</td><td style="display: none;">2020-02-26</td><td style="display: none;"></td><td style="display: none;">marque maison</td><td style="display: none;">demi</td><td style="display: none;"></td><td style="display: none;"></td><td style="display: none;">désossé</td><td style="display: none;"></td><td style="display: none;"><a class="recipeLink" href="/recipe_ingredient_search_results.php?query=(_QU5E__1__________669__[]_1_1)&amp;sos_l=fr">Recettes avec porc, jambon fumé</a></td></tr><tr role="row" class="even"><td tabindex="0"><i class="fa fa-thumbs-up"></i></td><td class=" not_printable"><div class="addToGL" data-soscuisine-aisle="6" data-soscuisine-sip="3940407"><i class="fa fa-cart-plus" title="Ajouter à ma liste d'épicerie"></i><div></div></div></td><td><img class="storeItemImage" itemprop="image" alt="porc, jambon fumé" src="/media/images/store_item/669.jpg"></td><td>porc, jambon fumé</td><td class="not_printable sorting_1">viandes &amp; volailles</td><td><img style="width:50%;" src="/media/images/logos/marchands/5.png" alt="Super C"></td><td><span itemprop="price">5,77 $</span><span itemprop="eligibleQuantity" itemscope="" itemtype="http://schema.org/QuantitativeValue">/<span itemprop="unitText">675g</span></span></td><td>8,55 $/kg</td><td style="display: none;">2020-02-26</td><td style="display: none;"></td><td style="display: none;">Le Petit Charcutier</td><td style="display: none;"></td><td style="display: none;"></td><td style="display: none;">extra-maigre</td><td style="display: none;"></td><td style="display: none;"></td><td style="display: none;"><a class="recipeLink" href="/recipe_ingredient_search_results.php?query=(_QU5E__1__________669__[]_1_1)&amp;sos_l=fr">Recettes avec porc, jambon fumé</a></td></tr><tr role="row" class="odd"><td tabindex="0"><i class="fas fa-hand-rock"></i></td><td class=" not_printable"><div class="addToGL" data-soscuisine-aisle="6" data-soscuisine-sip="3940795"><i class="fa fa-cart-plus" title="Ajouter à ma liste d'épicerie"></i><div></div></div></td><td><img class="storeItemImage" itemprop="image" alt="porc, jambon fumé" src="/media/images/store_item/669.jpg"></td><td>porc, jambon fumé</td><td class="not_printable sorting_1">viandes &amp; volailles</td><td><img style="width:50%;" src="/media/images/logos/marchands/5.png" alt="Super C"></td><td><span itemprop="price">4,49 $</span><span itemprop="eligibleQuantity" itemscope="" itemtype="http://schema.org/QuantitativeValue">/<span itemprop="unitText">lb</span></span></td><td>9,90 $/kg</td><td style="display: none;">2020-04-08</td><td style="display: none;"></td><td style="display: none;">marque maison</td><td style="display: none;"></td><td style="display: none;"></td><td style="display: none;"></td><td style="display: none;"></td><td style="display: none;">valide du 20 février au 8 avril</td><td style="display: none;"><a class="recipeLink" href="/recipe_ingredient_search_results.php?query=(_QU5E__1__________669__[]_1_1)&amp;sos_l=fr">Recettes avec porc, jambon fumé</a></td></tr><tr role="row" class="even"><td tabindex="0"><i class="fas fa-hand-rock"></i></td><td class=" not_printable"><div class="addToGL" data-soscuisine-aisle="6" data-soscuisine-sip="3940803"><i class="fa fa-cart-plus" title="Ajouter à ma liste d'épicerie"></i><div></div></div></td><td><img class="storeItemImage" itemprop="image" alt="porc, jambon fumé" src="/media/images/store_item/669.jpg"></td><td>porc, jambon fumé</td><td class="not_printable sorting_1">viandes &amp; volailles</td><td><img style="width:50%;" src="/media/images/logos/marchands/5.png" alt="Super C"></td><td><span itemprop="price">8,99 $</span><span itemprop="eligibleQuantity" itemscope="" itemtype="http://schema.org/QuantitativeValue">/<span itemprop="unitText">675g</span></span></td><td>13,32 $/kg</td><td style="display: none;">2020-04-08</td><td style="display: none;"></td><td style="display: none;">Le Petit Charcutier</td><td style="display: none;"></td><td style="display: none;"></td><td style="display: none;"></td><td style="display: none;"></td><td style="display: none;">valide du 20 février au 8 avril</td><td style="display: none;"><a class="recipeLink" href="/recipe_ingredient_search_results.php?query=(_QU5E__1__________669__[]_1_1)&amp;sos_l=fr">Recettes avec porc, jambon fumé</a></td></tr><tr role="row" class="odd"><td tabindex="0"><i class="fas fa-hand-rock"></i></td><td class=" not_printable"><div class="addToGL" data-soscuisine-aisle="6" data-soscuisine-sip="3939593"><i class="fa fa-cart-plus" title="Ajouter à ma liste d'épicerie"></i><div></div></div></td><td><img class="storeItemImage" alt="porc, jarrets" src="/media/images/store_item/blank.jpg"></td><td>porc, jarrets</td><td class="not_printable sorting_1">viandes &amp; volailles</td><td><img style="width:50%;" src="/media/images/logos/marchands/10.png" alt="Bonichoix "></td><td><span itemprop="price">2,69 $</span><span itemprop="eligibleQuantity" itemscope="" itemtype="http://schema.org/QuantitativeValue">/<span itemprop="unitText">lb</span></span></td><td>5,93 $/kg</td><td style="display: none;">2020-02-26</td><td style="display: none;">Québec</td><td style="display: none;"></td><td style="display: none;"></td><td style="display: none;"></td><td style="display: none;"></td><td style="display: none;">frais</td><td style="display: none;"></td><td style="display: none;"><a class="recipeLink" href="/recipe_ingredient_search_results.php?query=(_QU5E__1__________729__[]_1_1)&amp;sos_l=fr">Recettes avec porc, jarrets</a></td></tr><tr role="row" class="even"><td tabindex="0"><i class="fa fa-thumbs-up"></i><i class="fa fa-thumbs-up"></i></td><td class=" not_printable"><div class="addToGL" data-soscuisine-aisle="6" data-soscuisine-sip="3938603"><i class="fa fa-cart-plus" title="Ajouter à ma liste d'épicerie"></i><div></div></div></td><td><img class="storeItemImage" alt="porc, lanières" src="/media/images/store_item/blank.jpg"></td><td>porc, lanières</td><td class="not_printable sorting_1">viandes &amp; volailles</td><td><img style="width:50%;" src="/media/images/logos/marchands/69.png" alt="Intermarché (Provincial)"></td><td><span itemprop="price">5,99 $</span><span itemprop="eligibleQuantity" itemscope="" itemtype="http://schema.org/QuantitativeValue">/<span itemprop="unitText">lb</span></span></td><td>13,21 $/kg</td><td style="display: none;">2020-02-26</td><td style="display: none;"></td><td style="display: none;"></td><td style="display: none;"></td><td style="display: none;"></td><td style="display: none;"></td><td style="display: none;">grand format</td><td style="display: none;"></td><td style="display: none;"><a class="recipeLink" href="/recipe_ingredient_search_results.php?query=(_QU5E__1__________462__[]_1_1)&amp;sos_l=fr">Recettes avec porc, lanières</a></td></tr><tr role="row" class="odd"><td tabindex="0"><i class="fa fa-thumbs-up"></i><i class="fa fa-thumbs-up"></i></td><td class=" not_printable"><div class="addToGL" data-soscuisine-aisle="6" data-soscuisine-sip="3937967"><i class="fa fa-cart-plus" title="Ajouter à ma liste d'épicerie"></i><div></div></div></td><td><img class="storeItemImage" itemprop="image" alt="porc, longe désossée" src="/media/images/store_item/845.jpg"></td><td>porc, longe désossée</td><td class="not_printable sorting_1">viandes &amp; volailles</td><td><img style="width:50%;" src="/media/images/logos/marchands/2.png" alt="Provigo"></td><td><span itemprop="price">1,99 $</span><span itemprop="eligibleQuantity" itemscope="" itemtype="http://schema.org/QuantitativeValue">/<span itemprop="unitText">lb</span></span></td><td>4,39 $/kg</td><td style="display: none;">2020-02-26</td><td style="display: none;"></td><td style="display: none;"></td><td style="display: none;">demi</td><td style="display: none;"></td><td style="display: none;"></td><td style="display: none;"></td><td style="display: none;">surlonge ou bouts de cotes, emb. sous vide</td><td style="display: none;"><a class="recipeLink" href="/recipe_ingredient_search_results.php?query=(_QU5E__1__________845__[]_1_1)&amp;sos_l=fr">Recettes avec porc, longe désossée</a></td></tr><tr role="row" class="even"><td tabindex="0"><i class="fas fa-hand-rock"></i></td><td class=" not_printable"><div class="addToGL" data-soscuisine-aisle="6" data-soscuisine-sip="3939543"><i class="fa fa-cart-plus" title="Ajouter à ma liste d'épicerie"></i><div></div></div></td><td><img class="storeItemImage" itemprop="image" alt="porc, rôti, désossé" src="/media/images/store_item/359.jpg"></td><td>porc, rôti, désossé</td><td class="not_printable sorting_1">viandes &amp; volailles</td><td><img style="width:50%;" src="/media/images/logos/marchands/10.png" alt="Bonichoix "></td><td><span itemprop="price">3,49 $</span><span itemprop="eligibleQuantity" itemscope="" itemtype="http://schema.org/QuantitativeValue">/<span itemprop="unitText">lb</span></span></td><td>7,69 $/kg</td><td style="display: none;">2020-02-26</td><td style="display: none;">Québec</td><td style="display: none;"></td><td style="display: none;"></td><td style="display: none;">longe</td><td style="display: none;">coupe du centre</td><td style="display: none;">frais, grand format</td><td style="display: none;"></td><td style="display: none;"><a class="recipeLink" href="/recipe_ingredient_search_results.php?query=(_QU5E__1__________359__[]_1_1)&amp;sos_l=fr">Recettes avec porc, rôti, désossé</a></td></tr><tr role="row" class="odd"><td tabindex="0"><i class="fas fa-hand-rock"></i></td><td class=" not_printable"><div class="addToGL" data-soscuisine-aisle="6" data-soscuisine-sip="3938595"><i class="fa fa-cart-plus" title="Ajouter à ma liste d'épicerie"></i><div></div></div></td><td><img class="storeItemImage" itemprop="image" alt="porc, rôti, désossé" src="/media/images/store_item/359.jpg"></td><td>porc, rôti, désossé</td><td class="not_printable sorting_1">viandes &amp; volailles</td><td><img style="width:50%;" src="/media/images/logos/marchands/69.png" alt="Intermarché (Provincial)"></td><td><span itemprop="price">3,99 $</span><span itemprop="eligibleQuantity" itemscope="" itemtype="http://schema.org/QuantitativeValue">/<span itemprop="unitText">lb</span></span></td><td>8,80 $/kg</td><td style="display: none;">2020-02-26</td><td style="display: none;"></td><td style="display: none;"></td><td style="display: none;"></td><td style="display: none;"></td><td style="display: none;"></td><td style="display: none;">grand format</td><td style="display: none;"></td><td style="display: none;"><a class="recipeLink" href="/recipe_ingredient_search_results.php?query=(_QU5E__1__________359__[]_1_1)&amp;sos_l=fr">Recettes avec porc, rôti, désossé</a></td></tr><tr role="row" class="even"><td tabindex="0"><i class="fas fa-hand-rock"></i></td><td class=" not_printable"><div class="addToGL" data-soscuisine-aisle="6" data-soscuisine-sip="3937717"><i class="fa fa-cart-plus" title="Ajouter à ma liste d'épicerie"></i><div></div></div></td><td><img class="storeItemImage" itemprop="image" alt="porc, rôti, désossé" src="/media/images/store_item/359.jpg"></td><td>porc, rôti, désossé</td><td class="not_printable sorting_1">viandes &amp; volailles</td><td><img style="width:50%;" src="/media/images/logos/marchands/1.png" alt="Metro"></td><td><span itemprop="price">3,99 $</span><span itemprop="eligibleQuantity" itemscope="" itemtype="http://schema.org/QuantitativeValue">/<span itemprop="unitText">lb</span></span></td><td>8,80 $/kg</td><td style="display: none;">2020-02-26</td><td style="display: none;"></td><td style="display: none;"></td><td style="display: none;"></td><td style="display: none;">bout de surlonge</td><td style="display: none;"></td><td style="display: none;"></td><td style="display: none;"></td><td style="display: none;"><a class="recipeLink" href="/recipe_ingredient_search_results.php?query=(_QU5E__1__________359__[]_1_1)&amp;sos_l=fr">Recettes avec porc, rôti, désossé</a></td></tr><tr role="row" class="odd"><td tabindex="0"><i class="fas fa-hand-rock"></i></td><td class=" not_printable"><div class="addToGL" data-soscuisine-aisle="6" data-soscuisine-sip="3940867"><i class="fa fa-cart-plus" title="Ajouter à ma liste d'épicerie"></i><div></div></div></td><td><img class="storeItemImage" itemprop="image" alt="porc, rôti, désossé" src="/media/images/store_item/359.jpg"></td><td>porc, rôti, désossé</td><td class="not_printable sorting_1">viandes &amp; volailles</td><td><img style="width:50%;" src="/media/images/logos/marchands/12.png" alt="Richelieu"></td><td><span itemprop="price">3,99 $</span><span itemprop="eligibleQuantity" itemscope="" itemtype="http://schema.org/QuantitativeValue">/<span itemprop="unitText">lb</span></span></td><td>8,80 $/kg</td><td style="display: none;">2020-02-26</td><td style="display: none;"></td><td style="display: none;"></td><td style="display: none;"></td><td style="display: none;">longe</td><td style="display: none;">coupe du centre</td><td style="display: none;">frais</td><td style="display: none;"></td><td style="display: none;"><a class="recipeLink" href="/recipe_ingredient_search_results.php?query=(_QU5E__1__________359__[]_1_1)&amp;sos_l=fr">Recettes avec porc, rôti, désossé</a></td></tr><tr role="row" class="even"><td tabindex="0"><i class="fa fa-thumbs-up"></i></td><td class=" not_printable"><div class="addToGL" data-soscuisine-aisle="6" data-soscuisine-sip="3940573"><i class="fa fa-cart-plus" title="Ajouter à ma liste d'épicerie"></i><div></div></div></td><td><img class="storeItemImage" itemprop="image" alt="porc, rôti, désossé" src="/media/images/store_item/359.jpg"></td><td>porc, rôti, désossé</td><td class="not_printable sorting_1">viandes &amp; volailles</td><td><img style="width:50%;" src="/media/images/logos/marchands/5.png" alt="Super C"></td><td><span itemprop="price">2,99 $</span><span itemprop="eligibleQuantity" itemscope="" itemtype="http://schema.org/QuantitativeValue">/<span itemprop="unitText">lb</span></span></td><td>6,59 $/kg</td><td style="display: none;">2020-02-26</td><td style="display: none;"></td><td style="display: none;"></td><td style="display: none;"></td><td style="display: none;">longe</td><td style="display: none;"></td><td style="display: none;">frais</td><td style="display: none;"></td><td style="display: none;"><a class="recipeLink" href="/recipe_ingredient_search_results.php?query=(_QU5E__1__________359__[]_1_1)&amp;sos_l=fr">Recettes avec porc, rôti, désossé</a></td></tr><tr role="row" class="odd"><td tabindex="0"><i class="fas fa-hand-rock"></i></td><td class=" not_printable"><div class="addToGL" data-soscuisine-aisle="6" data-soscuisine-sip="3939391"><i class="fa fa-cart-plus" title="Ajouter à ma liste d'épicerie"></i><div></div></div></td><td><img class="storeItemImage" itemprop="image" alt="poulet haché" src="/media/images/store_item/494.jpg"></td><td>poulet haché</td><td class="not_printable sorting_1">viandes &amp; volailles</td><td><img style="width:50%;" src="/media/images/logos/marchands/3.png" alt="IGA"></td><td><span itemprop="price">6,49 $</span><span itemprop="eligibleQuantity" itemscope="" itemtype="http://schema.org/QuantitativeValue">/<span itemprop="unitText">lb</span></span></td><td>14,31 $/kg</td><td style="display: none;">2020-02-26</td><td style="display: none;"></td><td style="display: none;">Exceldor</td><td style="display: none;"></td><td style="display: none;">extra-maigre</td><td style="display: none;"></td><td style="display: none;">frais</td><td style="display: none;"></td><td style="display: none;"><a class="recipeLink" href="/recipe_ingredient_search_results.php?query=(_QU5E__1__________494__[]_1_1)&amp;sos_l=fr">Recettes avec poulet haché</a></td></tr><tr role="row" class="even"><td tabindex="0"><i class="fa fa-thumbs-up"></i><i class="fa fa-thumbs-up"></i></td><td class=" not_printable"><div class="addToGL" data-soscuisine-aisle="6" data-soscuisine-sip="3937723"><i class="fa fa-cart-plus" title="Ajouter à ma liste d'épicerie"></i><div></div></div></td><td><img class="storeItemImage" itemprop="image" alt="poulet haché" src="/media/images/store_item/494.jpg"></td><td>poulet haché</td><td class="not_printable sorting_1">viandes &amp; volailles</td><td><img style="width:50%;" src="/media/images/logos/marchands/1.png" alt="Metro"></td><td><span itemprop="price">4,99 $</span><span itemprop="eligibleQuantity" itemscope="" itemtype="http://schema.org/QuantitativeValue">/<span itemprop="unitText">450g</span></span></td><td>11,09 $/kg</td><td style="display: none;">2020-02-26</td><td style="display: none;"></td><td style="display: none;">marque maison</td><td style="display: none;"></td><td style="display: none;">extra-maigre</td><td style="display: none;"></td><td style="display: none;"></td><td style="display: none;"></td><td style="display: none;"><a class="recipeLink" href="/recipe_ingredient_search_results.php?query=(_QU5E__1__________494__[]_1_1)&amp;sos_l=fr">Recettes avec poulet haché</a></td></tr><tr role="row" class="odd"><td tabindex="0"><i class="fa fa-thumbs-up"></i><i class="fa fa-thumbs-up"></i></td><td class=" not_printable"><div class="addToGL" data-soscuisine-aisle="6" data-soscuisine-sip="3940587"><i class="fa fa-cart-plus" title="Ajouter à ma liste d'épicerie"></i><div></div></div></td><td><img class="storeItemImage" itemprop="image" alt="poulet haché" src="/media/images/store_item/494.jpg"></td><td>poulet haché</td><td class="not_printable sorting_1">viandes &amp; volailles</td><td><img style="width:50%;" src="/media/images/logos/marchands/5.png" alt="Super C"></td><td><span itemprop="price">4,99 $</span><span itemprop="eligibleQuantity" itemscope="" itemtype="http://schema.org/QuantitativeValue">/<span itemprop="unitText">450g</span></span></td><td>11,09 $/kg</td><td style="display: none;">2020-02-26</td><td style="display: none;"></td><td style="display: none;">marque maison</td><td style="display: none;"></td><td style="display: none;">extra-maigre</td><td style="display: none;"></td><td style="display: none;"></td><td style="display: none;"></td><td style="display: none;"><a class="recipeLink" href="/recipe_ingredient_search_results.php?query=(_QU5E__1__________494__[]_1_1)&amp;sos_l=fr">Recettes avec poulet haché</a></td></tr><tr role="row" class="even"><td tabindex="0"><i class="fas fa-hand-rock"></i></td><td class=" not_printable"><div class="addToGL" data-soscuisine-aisle="6" data-soscuisine-sip="3941011"><i class="fa fa-cart-plus" title="Ajouter à ma liste d'épicerie"></i><div></div></div></td><td><img class="storeItemImage" itemprop="image" alt="poulet haché" src="/media/images/store_item/494.jpg"></td><td>poulet haché</td><td class="not_printable sorting_1">viandes &amp; volailles</td><td><img style="width:50%;" src="/media/images/logos/marchands/73.png" alt="Walmart"></td><td><span itemprop="price">12,00 $</span><span itemprop="eligibleQuantity" itemscope="" itemtype="http://schema.org/QuantitativeValue">/<span itemprop="value">2</span>x<span itemprop="unitText">454g (1lb)</span></span></td><td>13,23 $/kg</td><td style="display: none;">2020-02-26</td><td style="display: none;"></td><td style="display: none;">Maple Leaf</td><td style="display: none;"></td><td style="display: none;">extra-maigre</td><td style="display: none;"></td><td style="display: none;"></td><td style="display: none;">ou Mina Halal, maigre, seulement aux supercentres</td><td style="display: none;"><a class="recipeLink" href="/recipe_ingredient_search_results.php?query=(_QU5E__1__________494__[]_1_1)&amp;sos_l=fr">Recettes avec poulet haché</a></td></tr><tr role="row" class="odd"><td tabindex="0"><i class="fa fa-thumbs-down"></i></td><td class=" not_printable"><div class="addToGL" data-soscuisine-aisle="6" data-soscuisine-sip="3941009"><i class="fa fa-cart-plus" title="Ajouter à ma liste d'épicerie"></i><div></div></div></td><td><img class="storeItemImage" itemprop="image" alt="poulet haché" src="/media/images/store_item/494.jpg"></td><td>poulet haché</td><td class="not_printable sorting_1">viandes &amp; volailles</td><td><img style="width:50%;" src="/media/images/logos/marchands/73.png" alt="Walmart"></td><td><span itemprop="price">6,97 $</span><span itemprop="eligibleQuantity" itemscope="" itemtype="http://schema.org/QuantitativeValue">/<span itemprop="unitText">454g (1lb)</span></span></td><td>15,37 $/kg</td><td style="display: none;">2020-02-26</td><td style="display: none;"></td><td style="display: none;">Maple Leaf</td><td style="display: none;"></td><td style="display: none;">extra-maigre</td><td style="display: none;"></td><td style="display: none;"></td><td style="display: none;">ou Mina Halal, maigre, seulement aux supercentres</td><td style="display: none;"><a class="recipeLink" href="/recipe_ingredient_search_results.php?query=(_QU5E__1__________494__[]_1_1)&amp;sos_l=fr">Recettes avec poulet haché</a></td></tr><tr role="row" class="even"><td tabindex="0"><i class="fas fa-hand-rock"></i></td><td class=" not_printable"><div class="addToGL" data-soscuisine-aisle="6" data-soscuisine-sip="3938605"><i class="fa fa-cart-plus" title="Ajouter à ma liste d'épicerie"></i><div></div></div></td><td><img class="storeItemImage" itemprop="image" alt="poulet, ailes" src="/media/images/store_item/515.jpg"></td><td>poulet, ailes</td><td class="not_printable sorting_1">viandes &amp; volailles</td><td><img style="width:50%;" src="/media/images/logos/marchands/69.png" alt="Intermarché (Provincial)"></td><td><span itemprop="price">3,99 $</span><span itemprop="eligibleQuantity" itemscope="" itemtype="http://schema.org/QuantitativeValue">/<span itemprop="unitText">lb</span></span></td><td>8,80 $/kg</td><td style="display: none;">2020-02-26</td><td style="display: none;"></td><td style="display: none;"></td><td style="display: none;"></td><td style="display: none;"></td><td style="display: none;"></td><td style="display: none;">frais, grand format</td><td style="display: none;"></td><td style="display: none;"><a class="recipeLink" href="/recipe_ingredient_search_results.php?query=(_QU5E__1__________515__[]_1_1)&amp;sos_l=fr">Recettes avec poulet, ailes</a></td></tr><tr role="row" class="odd"><td tabindex="0"><i class="fa fa-thumbs-up"></i><i class="fa fa-thumbs-up"></i></td><td class=" not_printable"><div class="addToGL" data-soscuisine-aisle="6" data-soscuisine-sip="3938901"><i class="fa fa-cart-plus" title="Ajouter à ma liste d'épicerie"></i><div></div></div></td><td><img class="storeItemImage" itemprop="image" alt="poulet, ailes" src="/media/images/store_item/515.jpg"></td><td>poulet, ailes</td><td class="not_printable sorting_1">viandes &amp; volailles</td><td><img style="width:50%;" src="/media/images/logos/marchands/64.png" alt="Mourelatos"></td><td><span itemprop="price">2,99 $</span><span itemprop="eligibleQuantity" itemscope="" itemtype="http://schema.org/QuantitativeValue">/<span itemprop="unitText">lb</span></span></td><td>6,59 $/kg</td><td style="display: none;">2020-02-25</td><td style="display: none;"></td><td style="display: none;"></td><td style="display: none;"></td><td style="display: none;"></td><td style="display: none;"></td><td style="display: none;"></td><td style="display: none;"></td><td style="display: none;"><a class="recipeLink" href="/recipe_ingredient_search_results.php?query=(_QU5E__1__________515__[]_1_1)&amp;sos_l=fr">Recettes avec poulet, ailes</a></td></tr><tr role="row" class="even"><td tabindex="0"><i class="fas fa-hand-rock"></i></td><td class=" not_printable"><div class="addToGL" data-soscuisine-aisle="6" data-soscuisine-sip="3939591"><i class="fa fa-cart-plus" title="Ajouter à ma liste d'épicerie"></i><div></div></div></td><td><img class="storeItemImage" itemprop="image" alt="poulet, cuisses, avec dos, avec peau" src="/media/images/store_item/443.jpg"></td><td>poulet, cuisses, avec dos, avec peau</td><td class="not_printable sorting_1">viandes &amp; volailles</td><td><img style="width:50%;" src="/media/images/logos/marchands/10.png" alt="Bonichoix "></td><td><span itemprop="price">2,19 $</span><span itemprop="eligibleQuantity" itemscope="" itemtype="http://schema.org/QuantitativeValue">/<span itemprop="unitText">lb</span></span></td><td>4,83 $/kg</td><td style="display: none;">2020-02-26</td><td style="display: none;"></td><td style="display: none;"></td><td style="display: none;"></td><td style="display: none;"></td><td style="display: none;"></td><td style="display: none;">frais, grand format</td><td style="display: none;"></td><td style="display: none;"><a class="recipeLink" href="/recipe_ingredient_search_results.php?query=(_QU5E__1__________443__[]_1_1)&amp;sos_l=fr">Recettes avec poulet, cuisses, avec dos, avec peau</a></td></tr><tr role="row" class="odd"><td tabindex="0"><i class="fa fa-thumbs-up"></i><i class="fa fa-thumbs-up"></i></td><td class=" not_printable"><div class="addToGL" data-soscuisine-aisle="6" data-soscuisine-sip="3937619"><i class="fa fa-cart-plus" title="Ajouter à ma liste d'épicerie"></i><div></div></div></td><td><img class="storeItemImage" itemprop="image" alt="poulet, cuisses, avec dos, avec peau" src="/media/images/store_item/443.jpg"></td><td>poulet, cuisses, avec dos, avec peau</td><td class="not_printable sorting_1">viandes &amp; volailles</td><td><img style="width:50%;" src="/media/images/logos/marchands/1.png" alt="Metro"></td><td><span itemprop="price">0,88 $</span><span itemprop="eligibleQuantity" itemscope="" itemtype="http://schema.org/QuantitativeValue">/<span itemprop="unitText">lb</span></span></td><td>1,94 $/kg</td><td style="display: none;">2020-02-26</td><td style="display: none;"></td><td style="display: none;"></td><td style="display: none;"></td><td style="display: none;"></td><td style="display: none;"></td><td style="display: none;">frais, grand format</td><td style="display: none;"></td><td style="display: none;"><a class="recipeLink" href="/recipe_ingredient_search_results.php?query=(_QU5E__1__________443__[]_1_1)&amp;sos_l=fr">Recettes avec poulet, cuisses, avec dos, avec peau</a></td></tr><tr role="row" class="even"><td tabindex="0"><i class="fas fa-hand-rock"></i></td><td class=" not_printable"><div class="addToGL" data-soscuisine-aisle="6" data-soscuisine-sip="3937501"><i class="fa fa-cart-plus" title="Ajouter à ma liste d'épicerie"></i><div></div></div></td><td><img class="storeItemImage" itemprop="image" alt="poulet, hauts de cuisse, avec os, avec peau" src="/media/images/store_item/511.jpg"></td><td>poulet, hauts de cuisse, avec os, avec peau</td><td class="not_printable sorting_1">viandes &amp; volailles</td><td><img style="width:50%;" src="/media/images/logos/marchands/6.png" alt="Maxi"></td><td><span itemprop="price">2,00 $</span><span itemprop="eligibleQuantity" itemscope="" itemtype="http://schema.org/QuantitativeValue">/<span itemprop="unitText">lb</span></span></td><td>4,41 $/kg</td><td style="display: none;">2020-02-26</td><td style="display: none;"></td><td style="display: none;"></td><td style="display: none;"></td><td style="display: none;"></td><td style="display: none;"></td><td style="display: none;">frais, grand format</td><td style="display: none;"></td><td style="display: none;"><a class="recipeLink" href="/recipe_ingredient_search_results.php?query=(_QU5E__1__________511__[]_1_1)&amp;sos_l=fr">Recettes avec poulet, hauts de cuisse, avec os, avec peau</a></td></tr><tr role="row" class="odd"><td tabindex="0"><i class="fa fa-thumbs-up"></i></td><td class=" not_printable"><div class="addToGL" data-soscuisine-aisle="6" data-soscuisine-sip="3939539"><i class="fa fa-cart-plus" title="Ajouter à ma liste d'épicerie"></i><div></div></div></td><td><img class="storeItemImage" itemprop="image" alt="poulet, hauts de cuisse, désossés" src="/media/images/store_item/353.jpg"></td><td>poulet, hauts de cuisse, désossés</td><td class="not_printable sorting_1">viandes &amp; volailles</td><td><img style="width:50%;" src="/media/images/logos/marchands/10.png" alt="Bonichoix "></td><td><span itemprop="price">4,49 $</span><span itemprop="eligibleQuantity" itemscope="" itemtype="http://schema.org/QuantitativeValue">/<span itemprop="unitText">lb</span></span></td><td>9,90 $/kg</td><td style="display: none;">2020-02-26</td><td style="display: none;"></td><td style="display: none;"></td><td style="display: none;"></td><td style="display: none;"></td><td style="display: none;"></td><td style="display: none;">frais, grand format</td><td style="display: none;"></td><td style="display: none;"><a class="recipeLink" href="/recipe_ingredient_search_results.php?query=(_QU5E__1__________353__[]_1_1)&amp;sos_l=fr">Recettes avec poulet, hauts de cuisse, désossés</a></td></tr><tr role="row" class="even"><td tabindex="0"><i class="fa fa-thumbs-up"></i><i class="fa fa-thumbs-up"></i></td><td class=" not_printable"><div class="addToGL" data-soscuisine-aisle="6" data-soscuisine-sip="3938931"><i class="fa fa-cart-plus" title="Ajouter à ma liste d'épicerie"></i><div></div></div></td><td><img class="storeItemImage" itemprop="image" alt="poulet, hauts de cuisse, désossés" src="/media/images/store_item/353.jpg"></td><td>poulet, hauts de cuisse, désossés</td><td class="not_printable sorting_1">viandes &amp; volailles</td><td><img style="width:50%;" src="/media/images/logos/marchands/3.png" alt="IGA"></td><td><span itemprop="price">3,99 $</span><span itemprop="eligibleQuantity" itemscope="" itemtype="http://schema.org/QuantitativeValue">/<span itemprop="unitText">lb</span></span></td><td>8,80 $/kg</td><td style="display: none;">2020-02-26</td><td style="display: none;"></td><td style="display: none;"></td><td style="display: none;"></td><td style="display: none;"></td><td style="display: none;"></td><td style="display: none;">frais, grand format</td><td style="display: none;"></td><td style="display: none;"><a class="recipeLink" href="/recipe_ingredient_search_results.php?query=(_QU5E__1__________353__[]_1_1)&amp;sos_l=fr">Recettes avec poulet, hauts de cuisse, désossés</a></td></tr><tr role="row" class="odd"><td tabindex="0"><i class="fas fa-hand-rock"></i></td><td class=" not_printable"><div class="addToGL" data-soscuisine-aisle="6" data-soscuisine-sip="3938127"><i class="fa fa-cart-plus" title="Ajouter à ma liste d'épicerie"></i><div></div></div></td><td><img class="storeItemImage" itemprop="image" alt="poulet, hauts de cuisse, désossés" src="/media/images/store_item/353.jpg"></td><td>poulet, hauts de cuisse, désossés</td><td class="not_printable sorting_1">viandes &amp; volailles</td><td><img style="width:50%;" src="/media/images/logos/marchands/7.png" alt="Intermarché (Saveurs intl.)"></td><td><span itemprop="price">4,99 $</span><span itemprop="eligibleQuantity" itemscope="" itemtype="http://schema.org/QuantitativeValue">/<span itemprop="unitText">lb</span></span></td><td>11,00 $/kg</td><td style="display: none;">2020-02-26</td><td style="display: none;"></td><td style="display: none;"></td><td style="display: none;"></td><td style="display: none;">sans peau</td><td style="display: none;"></td><td style="display: none;">frais, grand format</td><td style="display: none;"></td><td style="display: none;"><a class="recipeLink" href="/recipe_ingredient_search_results.php?query=(_QU5E__1__________353__[]_1_1)&amp;sos_l=fr">Recettes avec poulet, hauts de cuisse, désossés</a></td></tr><tr role="row" class="even"><td tabindex="0"><i class="fa fa-thumbs-up"></i><i class="fa fa-thumbs-up"></i></td><td class=" not_printable"><div class="addToGL" data-soscuisine-aisle="6" data-soscuisine-sip="3938601"><i class="fa fa-cart-plus" title="Ajouter à ma liste d'épicerie"></i><div></div></div></td><td><img class="storeItemImage" alt="poulet, lanières" src="/media/images/store_item/blank.jpg"></td><td>poulet, lanières</td><td class="not_printable sorting_1">viandes &amp; volailles</td><td><img style="width:50%;" src="/media/images/logos/marchands/69.png" alt="Intermarché (Provincial)"></td><td><span itemprop="price">5,99 $</span><span itemprop="eligibleQuantity" itemscope="" itemtype="http://schema.org/QuantitativeValue">/<span itemprop="unitText">lb</span></span></td><td>13,21 $/kg</td><td style="display: none;">2020-02-26</td><td style="display: none;"></td><td style="display: none;"></td><td style="display: none;"></td><td style="display: none;"></td><td style="display: none;"></td><td style="display: none;"></td><td style="display: none;"></td><td style="display: none;"><a class="recipeLink" href="/recipe_ingredient_search_results.php?query=(_QU5E__1__________487__[]_1_1)&amp;sos_l=fr">Recettes avec poulet, lanières</a></td></tr><tr role="row" class="odd"><td tabindex="0"><i class="fas fa-hand-rock"></i></td><td class=" not_printable"><div class="addToGL" data-soscuisine-aisle="6" data-soscuisine-sip="3937499"><i class="fa fa-cart-plus" title="Ajouter à ma liste d'épicerie"></i><div></div></div></td><td><img class="storeItemImage" itemprop="image" alt="poulet, pilons" src="/media/images/store_item/414.jpg"></td><td>poulet, pilons</td><td class="not_printable sorting_1">viandes &amp; volailles</td><td><img style="width:50%;" src="/media/images/logos/marchands/6.png" alt="Maxi"></td><td><span itemprop="price">2,00 $</span><span itemprop="eligibleQuantity" itemscope="" itemtype="http://schema.org/QuantitativeValue">/<span itemprop="unitText">lb</span></span></td><td>4,41 $/kg</td><td style="display: none;">2020-02-26</td><td style="display: none;"></td><td style="display: none;"></td><td style="display: none;"></td><td style="display: none;"></td><td style="display: none;"></td><td style="display: none;">frais, grand format</td><td style="display: none;"></td><td style="display: none;"><a class="recipeLink" href="/recipe_ingredient_search_results.php?query=(_QU5E__1__________414__[]_1_1)&amp;sos_l=fr">Recettes avec poulet, pilons</a></td></tr><tr role="row" class="even"><td tabindex="0"><i class="fa fa-thumbs-up"></i></td><td class=" not_printable"><div class="addToGL" data-soscuisine-aisle="6" data-soscuisine-sip="3938899"><i class="fa fa-cart-plus" title="Ajouter à ma liste d'épicerie"></i><div></div></div></td><td><img class="storeItemImage" itemprop="image" alt="poulet, pilons" src="/media/images/store_item/414.jpg"></td><td>poulet, pilons</td><td class="not_printable sorting_1">viandes &amp; volailles</td><td><img style="width:50%;" src="/media/images/logos/marchands/64.png" alt="Mourelatos"></td><td><span itemprop="price">1,49 $</span><span itemprop="eligibleQuantity" itemscope="" itemtype="http://schema.org/QuantitativeValue">/<span itemprop="unitText">lb</span></span></td><td>3,28 $/kg</td><td style="display: none;">2020-02-25</td><td style="display: none;"></td><td style="display: none;"></td><td style="display: none;"></td><td style="display: none;"></td><td style="display: none;"></td><td style="display: none;"></td><td style="display: none;"></td><td style="display: none;"><a class="recipeLink" href="/recipe_ingredient_search_results.php?query=(_QU5E__1__________414__[]_1_1)&amp;sos_l=fr">Recettes avec poulet, pilons</a></td></tr><tr role="row" class="odd"><td tabindex="0"><i class="fa fa-thumbs-up"></i><i class="fa fa-thumbs-up"></i></td><td class=" not_printable"><div class="addToGL" data-soscuisine-aisle="6" data-soscuisine-sip="3935917"><i class="fa fa-cart-plus" title="Ajouter à ma liste d'épicerie"></i><div></div></div></td><td><img class="storeItemImage" itemprop="image" alt="poulet, pilons" src="/media/images/store_item/414.jpg"></td><td>poulet, pilons</td><td class="not_printable sorting_1">viandes &amp; volailles</td><td><img style="width:50%;" src="/media/images/logos/marchands/62.png" alt="Supermarché PA"></td><td><span itemprop="price">0,99 $</span><span itemprop="eligibleQuantity" itemscope="" itemtype="http://schema.org/QuantitativeValue">/<span itemprop="unitText">lb</span></span></td><td>2,18 $/kg</td><td style="display: none;">2020-02-23</td><td style="display: none;">Québec</td><td style="display: none;"></td><td style="display: none;"></td><td style="display: none;"></td><td style="display: none;"></td><td style="display: none;">frais</td><td style="display: none;"></td><td style="display: none;"><a class="recipeLink" href="/recipe_ingredient_search_results.php?query=(_QU5E__1__________414__[]_1_1)&amp;sos_l=fr">Recettes avec poulet, pilons</a></td></tr><tr role="row" class="even"><td tabindex="0"><i class="fa fa-thumbs-up"></i></td><td class=" not_printable"><div class="addToGL" data-soscuisine-aisle="6" data-soscuisine-sip="3939537"><i class="fa fa-cart-plus" title="Ajouter à ma liste d'épicerie"></i><div></div></div></td><td><img class="storeItemImage" itemprop="image" alt="poulet, poitrine, désossée, sans peau" src="/media/images/store_item/257.jpg"></td><td>poulet, poitrine, désossée, sans peau</td><td class="not_printable sorting_1">viandes &amp; volailles</td><td><img style="width:50%;" src="/media/images/logos/marchands/10.png" alt="Bonichoix "></td><td><span itemprop="price">4,49 $</span><span itemprop="eligibleQuantity" itemscope="" itemtype="http://schema.org/QuantitativeValue">/<span itemprop="unitText">lb</span></span></td><td>9,90 $/kg</td><td style="display: none;">2020-02-26</td><td style="display: none;"></td><td style="display: none;"></td><td style="display: none;"></td><td style="display: none;"></td><td style="display: none;"></td><td style="display: none;">frais, grand format</td><td style="display: none;"></td><td style="display: none;"><a class="recipeLink" href="/recipe_ingredient_search_results.php?query=(_QU5E__1__________257__[]_1_1)&amp;sos_l=fr">Recettes avec poulet, poitrine, désossée, sans peau</a></td></tr><tr role="row" class="odd"><td tabindex="0"><i class="fa fa-thumbs-up"></i><i class="fa fa-thumbs-up"></i></td><td class=" not_printable"><div class="addToGL" data-soscuisine-aisle="6" data-soscuisine-sip="3938933"><i class="fa fa-cart-plus" title="Ajouter à ma liste d'épicerie"></i><div></div></div></td><td><img class="storeItemImage" itemprop="image" alt="poulet, poitrine, désossée, sans peau" src="/media/images/store_item/257.jpg"></td><td>poulet, poitrine, désossée, sans peau</td><td class="not_printable sorting_1">viandes &amp; volailles</td><td><img style="width:50%;" src="/media/images/logos/marchands/3.png" alt="IGA"></td><td><span itemprop="price">3,99 $</span><span itemprop="eligibleQuantity" itemscope="" itemtype="http://schema.org/QuantitativeValue">/<span itemprop="unitText">lb</span></span></td><td>8,80 $/kg</td><td style="display: none;">2020-02-26</td><td style="display: none;"></td><td style="display: none;"></td><td style="display: none;"></td><td style="display: none;"></td><td style="display: none;"></td><td style="display: none;">frais, grand format</td><td style="display: none;"></td><td style="display: none;"><a class="recipeLink" href="/recipe_ingredient_search_results.php?query=(_QU5E__1__________257__[]_1_1)&amp;sos_l=fr">Recettes avec poulet, poitrine, désossée, sans peau</a></td></tr><tr role="row" class="even"><td tabindex="0"><i class="fa fa-thumbs-up"></i><i class="fa fa-thumbs-up"></i></td><td class=" not_printable"><div class="addToGL" data-soscuisine-aisle="6" data-soscuisine-sip="3939099"><i class="fa fa-cart-plus" title="Ajouter à ma liste d'épicerie"></i><div></div></div></td><td><img class="storeItemImage" itemprop="image" alt="poulet, poitrine, désossée, sans peau" src="/media/images/store_item/257.jpg"></td><td>poulet, poitrine, désossée, sans peau</td><td class="not_printable sorting_1">viandes &amp; volailles</td><td><img style="width:50%;" src="/media/images/logos/marchands/63.png" alt="Marché Adonis"></td><td><span itemprop="price">3,77 $</span><span itemprop="eligibleQuantity" itemscope="" itemtype="http://schema.org/QuantitativeValue">/<span itemprop="unitText">lb</span></span></td><td>8,31 $/kg</td><td style="display: none;">2020-02-26</td><td style="display: none;"></td><td style="display: none;"></td><td style="display: none;"></td><td style="display: none;"></td><td style="display: none;"></td><td style="display: none;">frais</td><td style="display: none;"></td><td style="display: none;"><a class="recipeLink" href="/recipe_ingredient_search_results.php?query=(_QU5E__1__________257__[]_1_1)&amp;sos_l=fr">Recettes avec poulet, poitrine, désossée, sans peau</a></td></tr><tr role="row" class="odd"><td tabindex="0"><i class="fas fa-hand-rock"></i></td><td class=" not_printable"><div class="addToGL" data-soscuisine-aisle="6" data-soscuisine-sip="3937713"><i class="fa fa-cart-plus" title="Ajouter à ma liste d'épicerie"></i><div></div></div></td><td><img class="storeItemImage" itemprop="image" alt="poulet, poitrine, désossée, sans peau" src="/media/images/store_item/257.jpg"></td><td>poulet, poitrine, désossée, sans peau</td><td class="not_printable sorting_1">viandes &amp; volailles</td><td><img style="width:50%;" src="/media/images/logos/marchands/1.png" alt="Metro"></td><td><span itemprop="price">6,99 $</span><span itemprop="eligibleQuantity" itemscope="" itemtype="http://schema.org/QuantitativeValue">/<span itemprop="unitText">lb</span></span></td><td>15,41 $/kg</td><td style="display: none;">2020-02-26</td><td style="display: none;"></td><td style="display: none;"></td><td style="display: none;"></td><td style="display: none;"></td><td style="display: none;"></td><td style="display: none;">frais, grand format</td><td style="display: none;"></td><td style="display: none;"><a class="recipeLink" href="/recipe_ingredient_search_results.php?query=(_QU5E__1__________257__[]_1_1)&amp;sos_l=fr">Recettes avec poulet, poitrine, désossée, sans peau</a></td></tr><tr role="row" class="even"><td tabindex="0"><i class="fa fa-thumbs-down"></i></td><td class=" not_printable"><div class="addToGL" data-soscuisine-aisle="6" data-soscuisine-sip="3938231"><i class="fa fa-cart-plus" title="Ajouter à ma liste d'épicerie"></i><div></div></div></td><td><img class="storeItemImage" itemprop="image" alt="poulet, poitrine, désossée, sans peau" src="/media/images/store_item/257.jpg"></td><td>poulet, poitrine, désossée, sans peau</td><td class="not_printable sorting_1">viandes &amp; volailles</td><td><img style="width:50%;" src="/media/images/logos/marchands/2.png" alt="Provigo"></td><td><span itemprop="price">8,49 $</span><span itemprop="eligibleQuantity" itemscope="" itemtype="http://schema.org/QuantitativeValue">/<span itemprop="unitText">lb</span></span></td><td>18,72 $/kg</td><td style="display: none;">2020-02-26</td><td style="display: none;"></td><td style="display: none;"></td><td style="display: none;"></td><td style="display: none;"></td><td style="display: none;"></td><td style="display: none;">grand format</td><td style="display: none;"></td><td style="display: none;"><a class="recipeLink" href="/recipe_ingredient_search_results.php?query=(_QU5E__1__________257__[]_1_1)&amp;sos_l=fr">Recettes avec poulet, poitrine, désossée, sans peau</a></td></tr><tr role="row" class="odd"><td tabindex="0"><i class="fa fa-thumbs-up"></i><i class="fa fa-thumbs-up"></i></td><td class=" not_printable"><div class="addToGL" data-soscuisine-aisle="6" data-soscuisine-sip="3940863"><i class="fa fa-cart-plus" title="Ajouter à ma liste d'épicerie"></i><div></div></div></td><td><img class="storeItemImage" itemprop="image" alt="poulet, poitrine, désossée, sans peau" src="/media/images/store_item/257.jpg"></td><td>poulet, poitrine, désossée, sans peau</td><td class="not_printable sorting_1">viandes &amp; volailles</td><td><img style="width:50%;" src="/media/images/logos/marchands/12.png" alt="Richelieu"></td><td><span itemprop="price">3,99 $</span><span itemprop="eligibleQuantity" itemscope="" itemtype="http://schema.org/QuantitativeValue">/<span itemprop="unitText">lb</span></span></td><td>8,80 $/kg</td><td style="display: none;">2020-02-26</td><td style="display: none;"></td><td style="display: none;"></td><td style="display: none;"></td><td style="display: none;"></td><td style="display: none;"></td><td style="display: none;">frais, grand format</td><td style="display: none;"></td><td style="display: none;"><a class="recipeLink" href="/recipe_ingredient_search_results.php?query=(_QU5E__1__________257__[]_1_1)&amp;sos_l=fr">Recettes avec poulet, poitrine, désossée, sans peau</a></td></tr><tr role="row" class="even"><td tabindex="0"><i class="fa fa-thumbs-up"></i><i class="fa fa-thumbs-up"></i></td><td class=" not_printable"><div class="addToGL" data-soscuisine-aisle="6" data-soscuisine-sip="3940411"><i class="fa fa-cart-plus" title="Ajouter à ma liste d'épicerie"></i><div></div></div></td><td><img class="storeItemImage" itemprop="image" alt="poulet, poitrine, désossée, sans peau" src="/media/images/store_item/257.jpg"></td><td>poulet, poitrine, désossée, sans peau</td><td class="not_printable sorting_1">viandes &amp; volailles</td><td><img style="width:50%;" src="/media/images/logos/marchands/5.png" alt="Super C"></td><td><span itemprop="price">3,77 $</span><span itemprop="eligibleQuantity" itemscope="" itemtype="http://schema.org/QuantitativeValue">/<span itemprop="unitText">lb</span></span></td><td>8,31 $/kg</td><td style="display: none;">2020-02-26</td><td style="display: none;"></td><td style="display: none;"></td><td style="display: none;"></td><td style="display: none;"></td><td style="display: none;"></td><td style="display: none;">frais, grand format</td><td style="display: none;"></td><td style="display: none;"><a class="recipeLink" href="/recipe_ingredient_search_results.php?query=(_QU5E__1__________257__[]_1_1)&amp;sos_l=fr">Recettes avec poulet, poitrine, désossée, sans peau</a></td></tr><tr role="row" class="odd"><td tabindex="0"><i class="fas fa-hand-rock"></i></td><td class=" not_printable"><div class="addToGL" data-soscuisine-aisle="6" data-soscuisine-sip="3939389"><i class="fa fa-cart-plus" title="Ajouter à ma liste d'épicerie"></i><div></div></div></td><td><img class="storeItemImage" itemprop="image" alt="poulets entiers" src="/media/images/store_item/343.jpg"></td><td>poulets entiers</td><td class="not_printable sorting_1">viandes &amp; volailles</td><td><img style="width:50%;" src="/media/images/logos/marchands/3.png" alt="IGA"></td><td><span itemprop="price">2,99 $</span><span itemprop="eligibleQuantity" itemscope="" itemtype="http://schema.org/QuantitativeValue">/<span itemprop="unitText">lb</span></span></td><td>6,59 $/kg</td><td style="display: none;">2020-02-26</td><td style="display: none;"></td><td style="display: none;">Exceldor</td><td style="display: none;">moins de 2kg</td><td style="display: none;"></td><td style="display: none;"></td><td style="display: none;">frais</td><td style="display: none;"></td><td style="display: none;"><a class="recipeLink" href="/recipe_ingredient_search_results.php?query=(_QU5E__1__________343__[]_1_1)&amp;sos_l=fr">Recettes avec poulets entiers</a></td></tr><tr role="row" class="even"><td tabindex="0"><i class="fa fa-thumbs-up"></i></td><td class=" not_printable"><div class="addToGL" data-soscuisine-aisle="6" data-soscuisine-sip="3938561"><i class="fa fa-cart-plus" title="Ajouter à ma liste d'épicerie"></i><div></div></div></td><td><img class="storeItemImage" itemprop="image" alt="poulets entiers" src="/media/images/store_item/343.jpg"></td><td>poulets entiers</td><td class="not_printable sorting_1">viandes &amp; volailles</td><td><img style="width:50%;" src="/media/images/logos/marchands/69.png" alt="Intermarché (Provincial)"></td><td><span itemprop="price">2,00 $</span><span itemprop="eligibleQuantity" itemscope="" itemtype="http://schema.org/QuantitativeValue">/<span itemprop="unitText">lb</span></span></td><td>4,41 $/kg</td><td style="display: none;">2020-02-26</td><td style="display: none;"></td><td style="display: none;"></td><td style="display: none;">moins de 2kg</td><td style="display: none;"></td><td style="display: none;">Cat.A</td><td style="display: none;">frais</td><td style="display: none;"></td><td style="display: none;"><a class="recipeLink" href="/recipe_ingredient_search_results.php?query=(_QU5E__1__________343__[]_1_1)&amp;sos_l=fr">Recettes avec poulets entiers</a></td></tr><tr role="row" class="odd"><td tabindex="0"><i class="fa fa-thumbs-up"></i></td><td class=" not_printable"><div class="addToGL" data-soscuisine-aisle="6" data-soscuisine-sip="3939115"><i class="fa fa-cart-plus" title="Ajouter à ma liste d'épicerie"></i><div></div></div></td><td><img class="storeItemImage" itemprop="image" alt="poulets entiers" src="/media/images/store_item/343.jpg"></td><td>poulets entiers</td><td class="not_printable sorting_1">viandes &amp; volailles</td><td><img style="width:50%;" src="/media/images/logos/marchands/63.png" alt="Marché Adonis"></td><td><span itemprop="price">2,49 $</span><span itemprop="eligibleQuantity" itemscope="" itemtype="http://schema.org/QuantitativeValue">/<span itemprop="unitText">lb</span></span></td><td>5,49 $/kg</td><td style="display: none;">2020-02-26</td><td style="display: none;"></td><td style="display: none;"></td><td style="display: none;"></td><td style="display: none;"></td><td style="display: none;">de grain</td><td style="display: none;"></td><td style="display: none;"></td><td style="display: none;"><a class="recipeLink" href="/recipe_ingredient_search_results.php?query=(_QU5E__1__________343__[]_1_1)&amp;sos_l=fr">Recettes avec poulets entiers</a></td></tr><tr role="row" class="even"><td tabindex="0"><i class="fa fa-thumbs-down"></i></td><td class=" not_printable"><div class="addToGL" data-soscuisine-aisle="6" data-soscuisine-sip="3937719"><i class="fa fa-cart-plus" title="Ajouter à ma liste d'épicerie"></i><div></div></div></td><td><img class="storeItemImage" itemprop="image" alt="poulets entiers" src="/media/images/store_item/343.jpg"></td><td>poulets entiers</td><td class="not_printable sorting_1">viandes &amp; volailles</td><td><img style="width:50%;" src="/media/images/logos/marchands/1.png" alt="Metro"></td><td><span itemprop="price">4,99 $</span><span itemprop="eligibleQuantity" itemscope="" itemtype="http://schema.org/QuantitativeValue">/<span itemprop="unitText">lb</span></span></td><td>11,00 $/kg</td><td style="display: none;">2020-02-26</td><td style="display: none;">Québec</td><td style="display: none;">marque maison</td><td style="display: none;"></td><td style="display: none;">bio</td><td style="display: none;">de grain</td><td style="display: none;"></td><td style="display: none;">emb. sous vide</td><td style="display: none;"><a class="recipeLink" href="/recipe_ingredient_search_results.php?query=(_QU5E__1__________343__[]_1_1)&amp;sos_l=fr">Recettes avec poulets entiers</a></td></tr><tr role="row" class="odd"><td tabindex="0"><i class="fa fa-thumbs-up"></i><i class="fa fa-thumbs-up"></i></td><td class=" not_printable"><div class="addToGL" data-soscuisine-aisle="6" data-soscuisine-sip="3938877"><i class="fa fa-cart-plus" title="Ajouter à ma liste d'épicerie"></i><div></div></div></td><td><img class="storeItemImage" itemprop="image" alt="poulets entiers" src="/media/images/store_item/343.jpg"></td><td>poulets entiers</td><td class="not_printable sorting_1">viandes &amp; volailles</td><td><img style="width:50%;" src="/media/images/logos/marchands/64.png" alt="Mourelatos"></td><td><span itemprop="price">1,99 $</span><span itemprop="eligibleQuantity" itemscope="" itemtype="http://schema.org/QuantitativeValue">/<span itemprop="unitText">lb</span></span></td><td>4,39 $/kg</td><td style="display: none;">2020-02-25</td><td style="display: none;"></td><td style="display: none;"></td><td style="display: none;"></td><td style="display: none;"></td><td style="display: none;">de grain</td><td style="display: none;"></td><td style="display: none;"></td><td style="display: none;"><a class="recipeLink" href="/recipe_ingredient_search_results.php?query=(_QU5E__1__________343__[]_1_1)&amp;sos_l=fr">Recettes avec poulets entiers</a></td></tr><tr role="row" class="even"><td tabindex="0"><i class="fas fa-circle"></i></td><td class=" not_printable"><div class="addToGL" data-soscuisine-aisle="6" data-soscuisine-sip="3937975"><i class="fa fa-cart-plus" title="Ajouter à ma liste d'épicerie"></i><div></div></div></td><td><img class="storeItemImage" itemprop="image" alt="poulets entiers" src="/media/images/store_item/343.jpg"></td><td>poulets entiers</td><td class="not_printable sorting_1">viandes &amp; volailles</td><td><img style="width:50%;" src="/media/images/logos/marchands/2.png" alt="Provigo"></td><td><span itemprop="price">12,00 $</span><span itemprop="eligibleQuantity" itemscope="" itemtype="http://schema.org/QuantitativeValue"> ch.</span></td><td>N/A</td><td style="display: none;">2020-02-26</td><td style="display: none;"></td><td style="display: none;"></td><td style="display: none;">gr. n.d.</td><td style="display: none;"></td><td style="display: none;"></td><td style="display: none;">frais, paquet de 2</td><td style="display: none;"></td><td style="display: none;"><a class="recipeLink" href="/recipe_ingredient_search_results.php?query=(_QU5E__1__________343__[]_1_1)&amp;sos_l=fr">Recettes avec poulets entiers</a></td></tr><tr role="row" class="odd"><td tabindex="0"><i class="fa fa-thumbs-down"></i></td><td class=" not_printable"><div class="addToGL" data-soscuisine-aisle="6" data-soscuisine-sip="3938747"><i class="fa fa-cart-plus" title="Ajouter à ma liste d'épicerie"></i><div></div></div></td><td><img class="storeItemImage" itemprop="image" alt="poulets entiers" src="/media/images/store_item/343.jpg"></td><td>poulets entiers</td><td class="not_printable sorting_1">viandes &amp; volailles</td><td><img style="width:50%;" src="/media/images/logos/marchands/93.png" alt="Rachelle Béry"></td><td><span itemprop="price">3,99 $</span><span itemprop="eligibleQuantity" itemscope="" itemtype="http://schema.org/QuantitativeValue">/<span itemprop="unitText">lb</span></span></td><td>8,80 $/kg</td><td style="display: none;">2020-03-04</td><td style="display: none;">Québec</td><td style="display: none;">Ferme des Voltigeurs</td><td style="display: none;"></td><td style="display: none;"></td><td style="display: none;">Bio</td><td style="display: none;"></td><td style="display: none;"></td><td style="display: none;"><a class="recipeLink" href="/recipe_ingredient_search_results.php?query=(_QU5E__1__________343__[]_1_1)&amp;sos_l=fr">Recettes avec poulets entiers</a></td></tr><tr role="row" class="even"><td tabindex="0"><i class="fa fa-thumbs-down"></i></td><td class=" not_printable"><div class="addToGL" data-soscuisine-aisle="6" data-soscuisine-sip="3940873"><i class="fa fa-cart-plus" title="Ajouter à ma liste d'épicerie"></i><div></div></div></td><td><img class="storeItemImage" itemprop="image" alt="poulets entiers" src="/media/images/store_item/343.jpg"></td><td>poulets entiers</td><td class="not_printable sorting_1">viandes &amp; volailles</td><td><img style="width:50%;" src="/media/images/logos/marchands/12.png" alt="Richelieu"></td><td><span itemprop="price">3,79 $</span><span itemprop="eligibleQuantity" itemscope="" itemtype="http://schema.org/QuantitativeValue">/<span itemprop="unitText">lb</span></span></td><td>8,36 $/kg</td><td style="display: none;">2020-02-26</td><td style="display: none;"></td><td style="display: none;">marque maison</td><td style="display: none;">environ 2 kg</td><td style="display: none;"></td><td style="display: none;">de grain</td><td style="display: none;"></td><td style="display: none;"></td><td style="display: none;"><a class="recipeLink" href="/recipe_ingredient_search_results.php?query=(_QU5E__1__________343__[]_1_1)&amp;sos_l=fr">Recettes avec poulets entiers</a></td></tr><tr role="row" class="odd"><td tabindex="0"><i class="fas fa-hand-rock"></i></td><td class=" not_printable"><div class="addToGL" data-soscuisine-aisle="6" data-soscuisine-sip="3940585"><i class="fa fa-cart-plus" title="Ajouter à ma liste d'épicerie"></i><div></div></div></td><td><img class="storeItemImage" itemprop="image" alt="poulets entiers" src="/media/images/store_item/343.jpg"></td><td>poulets entiers</td><td class="not_printable sorting_1">viandes &amp; volailles</td><td><img style="width:50%;" src="/media/images/logos/marchands/5.png" alt="Super C"></td><td><span itemprop="price">2,88 $</span><span itemprop="eligibleQuantity" itemscope="" itemtype="http://schema.org/QuantitativeValue">/<span itemprop="unitText">lb</span></span></td><td>6,35 $/kg</td><td style="display: none;">2020-02-26</td><td style="display: none;"></td><td style="display: none;"></td><td style="display: none;">moins de 2kg</td><td style="display: none;"></td><td style="display: none;">Cat.A</td><td style="display: none;">frais</td><td style="display: none;"></td><td style="display: none;"><a class="recipeLink" href="/recipe_ingredient_search_results.php?query=(_QU5E__1__________343__[]_1_1)&amp;sos_l=fr">Recettes avec poulets entiers</a></td></tr><tr role="row" class="even"><td tabindex="0"><i class="fas fa-hand-rock"></i></td><td class=" not_printable"><div class="addToGL" data-soscuisine-aisle="6" data-soscuisine-sip="3940679"><i class="fa fa-cart-plus" title="Ajouter à ma liste d'épicerie"></i><div></div></div></td><td><img class="storeItemImage" itemprop="image" alt="poulets entiers" src="/media/images/store_item/343.jpg"></td><td>poulets entiers</td><td class="not_printable sorting_1">viandes &amp; volailles</td><td><img style="width:50%;" src="/media/images/logos/marchands/11.png" alt="Tradition"></td><td><span itemprop="price">2,69 $</span><span itemprop="eligibleQuantity" itemscope="" itemtype="http://schema.org/QuantitativeValue">/<span itemprop="unitText">lb</span></span></td><td>5,93 $/kg</td><td style="display: none;">2020-02-26</td><td style="display: none;"></td><td style="display: none;"></td><td style="display: none;">moins de 2kg</td><td style="display: none;"></td><td style="display: none;"></td><td style="display: none;">frais</td><td style="display: none;"></td><td style="display: none;"><a class="recipeLink" href="/recipe_ingredient_search_results.php?query=(_QU5E__1__________343__[]_1_1)&amp;sos_l=fr">Recettes avec poulets entiers</a></td></tr><tr role="row" class="odd"><td tabindex="0"><i class="fas fa-hand-rock"></i></td><td class=" not_printable"><div class="addToGL" data-soscuisine-aisle="6" data-soscuisine-sip="3940675"><i class="fa fa-cart-plus" title="Ajouter à ma liste d'épicerie"></i><div></div></div></td><td><img class="storeItemImage" itemprop="image" alt="poulets entiers" src="/media/images/store_item/343.jpg"></td><td>poulets entiers</td><td class="not_printable sorting_1">viandes &amp; volailles</td><td><img style="width:50%;" src="/media/images/logos/marchands/11.png" alt="Tradition"></td><td><span itemprop="price">3,29 $</span><span itemprop="eligibleQuantity" itemscope="" itemtype="http://schema.org/QuantitativeValue">/<span itemprop="unitText">lb</span></span></td><td>7,25 $/kg</td><td style="display: none;">2020-02-26</td><td style="display: none;"></td><td style="display: none;">Ferme des Voltigeurs</td><td style="display: none;">plus de 2kg</td><td style="display: none;"></td><td style="display: none;">de grain</td><td style="display: none;">frais</td><td style="display: none;"></td><td style="display: none;"><a class="recipeLink" href="/recipe_ingredient_search_results.php?query=(_QU5E__1__________343__[]_1_1)&amp;sos_l=fr">Recettes avec poulets entiers</a></td></tr><tr role="row" class="even"><td tabindex="0"><i class="fa fa-thumbs-down"></i></td><td class=" not_printable"><div class="addToGL" data-soscuisine-aisle="6" data-soscuisine-sip="3939599"><i class="fa fa-cart-plus" title="Ajouter à ma liste d'épicerie"></i><div></div></div></td><td><img class="storeItemImage" itemprop="image" alt="saucisses" src="/media/images/store_item/269.jpg"></td><td>saucisses</td><td class="not_printable sorting_1">viandes &amp; volailles</td><td><img style="width:50%;" src="/media/images/logos/marchands/10.png" alt="Bonichoix "></td><td><span itemprop="price">7,99 $</span><span itemprop="eligibleQuantity" itemscope="" itemtype="http://schema.org/QuantitativeValue">/<span itemprop="unitText">500g</span></span></td><td>15,98 $/kg</td><td style="display: none;">2020-02-26</td><td style="display: none;">Québec</td><td style="display: none;">Siwin</td><td style="display: none;"></td><td style="display: none;">italiennes, douces ou fortes</td><td style="display: none;"></td><td style="display: none;">frais</td><td style="display: none;">Stefano Faita</td><td style="display: none;"><a class="recipeLink" href="/recipe_ingredient_search_results.php?query=(_QU5E__1__________269__[]_1_1)&amp;sos_l=fr">Recettes avec saucisses</a></td></tr><tr role="row" class="odd"><td tabindex="0"><i class="fa fa-thumbs-down"></i></td><td class=" not_printable"><div class="addToGL" data-soscuisine-aisle="6" data-soscuisine-sip="3939443"><i class="fa fa-cart-plus" title="Ajouter à ma liste d'épicerie"></i><div></div></div></td><td><img class="storeItemImage" itemprop="image" alt="saucisses" src="/media/images/store_item/269.jpg"></td><td>saucisses</td><td class="not_printable sorting_1">viandes &amp; volailles</td><td><img style="width:50%;" src="/media/images/logos/marchands/3.png" alt="IGA"></td><td><span itemprop="price">4,49 $</span><span itemprop="eligibleQuantity" itemscope="" itemtype="http://schema.org/QuantitativeValue">/<span itemprop="unitText">375g</span></span></td><td>11,97 $/kg</td><td style="display: none;">2020-02-26</td><td style="display: none;"></td><td style="display: none;">La Fernandière</td><td style="display: none;"></td><td style="display: none;">européenne(s)</td><td style="display: none;"></td><td style="display: none;">frais</td><td style="display: none;"></td><td style="display: none;"><a class="recipeLink" href="/recipe_ingredient_search_results.php?query=(_QU5E__1__________269__[]_1_1)&amp;sos_l=fr">Recettes avec saucisses</a></td></tr><tr role="row" class="even"><td tabindex="0"><i class="fa fa-thumbs-up"></i><i class="fa fa-thumbs-up"></i></td><td class=" not_printable"><div class="addToGL" data-soscuisine-aisle="6" data-soscuisine-sip="3937423"><i class="fa fa-cart-plus" title="Ajouter à ma liste d'épicerie"></i><div></div></div></td><td><img class="storeItemImage" itemprop="image" alt="saucisses" src="/media/images/store_item/269.jpg"></td><td>saucisses</td><td class="not_printable sorting_1">viandes &amp; volailles</td><td><img style="width:50%;" src="/media/images/logos/marchands/6.png" alt="Maxi"></td><td><span itemprop="price">2,00 $</span><span itemprop="eligibleQuantity" itemscope="" itemtype="http://schema.org/QuantitativeValue">/<span itemprop="unitText">lb</span></span></td><td>4,41 $/kg</td><td style="display: none;">2020-02-26</td><td style="display: none;"></td><td style="display: none;"></td><td style="display: none;"></td><td style="display: none;">italiennes, douces ou fortes</td><td style="display: none;"></td><td style="display: none;"></td><td style="display: none;">porc</td><td style="display: none;"><a class="recipeLink" href="/recipe_ingredient_search_results.php?query=(_QU5E__1__________269__[]_1_1)&amp;sos_l=fr">Recettes avec saucisses</a></td></tr><tr role="row" class="odd"><td tabindex="0"><i class="fas fa-hand-rock"></i></td><td class=" not_printable"><div class="addToGL" data-soscuisine-aisle="6" data-soscuisine-sip="3937927"><i class="fa fa-cart-plus" title="Ajouter à ma liste d'épicerie"></i><div></div></div></td><td><img class="storeItemImage" itemprop="image" alt="saucisses" src="/media/images/store_item/269.jpg"></td><td>saucisses</td><td class="not_printable sorting_1">viandes &amp; volailles</td><td><img style="width:50%;" src="/media/images/logos/marchands/1.png" alt="Metro"></td><td><span itemprop="price">7,00 $</span><span itemprop="eligibleQuantity" itemscope="" itemtype="http://schema.org/QuantitativeValue">/<span itemprop="value">2</span>x<span itemprop="unitText">375g</span></span></td><td>9,33 $/kg</td><td style="display: none;">2020-02-26</td><td style="display: none;">Québec</td><td style="display: none;">La Fernandière</td><td style="display: none;"></td><td style="display: none;"></td><td style="display: none;"></td><td style="display: none;">frais</td><td style="display: none;"></td><td style="display: none;"><a class="recipeLink" href="/recipe_ingredient_search_results.php?query=(_QU5E__1__________269__[]_1_1)&amp;sos_l=fr">Recettes avec saucisses</a></td></tr><tr role="row" class="even"><td tabindex="0"><i class="fa fa-thumbs-up"></i><i class="fa fa-thumbs-up"></i></td><td class=" not_printable"><div class="addToGL" data-soscuisine-aisle="6" data-soscuisine-sip="3939071"><i class="fa fa-cart-plus" title="Ajouter à ma liste d'épicerie"></i><div></div></div></td><td><img class="storeItemImage" itemprop="image" alt="saucisses" src="/media/images/store_item/269.jpg"></td><td>saucisses</td><td class="not_printable sorting_1">viandes &amp; volailles</td><td><img style="width:50%;" src="/media/images/logos/marchands/64.png" alt="Mourelatos"></td><td><span itemprop="price">3,99 $</span><span itemprop="eligibleQuantity" itemscope="" itemtype="http://schema.org/QuantitativeValue">/<span itemprop="unitText">lb</span></span></td><td>8,80 $/kg</td><td style="display: none;">2020-02-26</td><td style="display: none;"></td><td style="display: none;"></td><td style="display: none;"></td><td style="display: none;"></td><td style="display: none;"></td><td style="display: none;"></td><td style="display: none;">Loukaniko, Mylos, valable du 24 au 26 seulement</td><td style="display: none;"><a class="recipeLink" href="/recipe_ingredient_search_results.php?query=(_QU5E__1__________269__[]_1_1)&amp;sos_l=fr">Recettes avec saucisses</a></td></tr><tr role="row" class="odd"><td tabindex="0"><i class="fas fa-hand-rock"></i></td><td class=" not_printable"><div class="addToGL" data-soscuisine-aisle="6" data-soscuisine-sip="3938227"><i class="fa fa-cart-plus" title="Ajouter à ma liste d'épicerie"></i><div></div></div></td><td><img class="storeItemImage" itemprop="image" alt="saucisses" src="/media/images/store_item/269.jpg"></td><td>saucisses</td><td class="not_printable sorting_1">viandes &amp; volailles</td><td><img style="width:50%;" src="/media/images/logos/marchands/2.png" alt="Provigo"></td><td><span itemprop="price">3,99 $</span><span itemprop="eligibleQuantity" itemscope="" itemtype="http://schema.org/QuantitativeValue">/<span itemprop="unitText">375g</span></span></td><td>10,64 $/kg</td><td style="display: none;">2020-02-26</td><td style="display: none;">Québec</td><td style="display: none;">La Fernandière</td><td style="display: none;"></td><td style="display: none;"></td><td style="display: none;"></td><td style="display: none;"></td><td style="display: none;"></td><td style="display: none;"><a class="recipeLink" href="/recipe_ingredient_search_results.php?query=(_QU5E__1__________269__[]_1_1)&amp;sos_l=fr">Recettes avec saucisses</a></td></tr><tr role="row" class="even"><td tabindex="0"><i class="fa fa-thumbs-down"></i></td><td class=" not_printable"><div class="addToGL" data-soscuisine-aisle="6" data-soscuisine-sip="3938757"><i class="fa fa-cart-plus" title="Ajouter à ma liste d'épicerie"></i><div></div></div></td><td><img class="storeItemImage" itemprop="image" alt="saucisses" src="/media/images/store_item/269.jpg"></td><td>saucisses</td><td class="not_printable sorting_1">viandes &amp; volailles</td><td><img style="width:50%;" src="/media/images/logos/marchands/93.png" alt="Rachelle Béry"></td><td><span itemprop="price">4,99 $</span><span itemprop="eligibleQuantity" itemscope="" itemtype="http://schema.org/QuantitativeValue">/<span itemprop="unitText">400g</span></span></td><td>12,47 $/kg</td><td style="display: none;">2020-03-04</td><td style="display: none;"></td><td style="display: none;">duBreton</td><td style="display: none;"></td><td style="display: none;">européenne(s)</td><td style="display: none;">Bio</td><td style="display: none;">frais</td><td style="display: none;"></td><td style="display: none;"><a class="recipeLink" href="/recipe_ingredient_search_results.php?query=(_QU5E__1__________269__[]_1_1)&amp;sos_l=fr">Recettes avec saucisses</a></td></tr><tr role="row" class="odd"><td tabindex="0"><i class="fas fa-hand-rock"></i></td><td class=" not_printable"><div class="addToGL" data-soscuisine-aisle="6" data-soscuisine-sip="3940877"><i class="fa fa-cart-plus" title="Ajouter à ma liste d'épicerie"></i><div></div></div></td><td><img class="storeItemImage" itemprop="image" alt="saucisses" src="/media/images/store_item/269.jpg"></td><td>saucisses</td><td class="not_printable sorting_1">viandes &amp; volailles</td><td><img style="width:50%;" src="/media/images/logos/marchands/12.png" alt="Richelieu"></td><td><span itemprop="price">3,99 $</span><span itemprop="eligibleQuantity" itemscope="" itemtype="http://schema.org/QuantitativeValue">/<span itemprop="unitText">375g</span></span></td><td>10,64 $/kg</td><td style="display: none;">2020-02-26</td><td style="display: none;"></td><td style="display: none;">La Fernandière</td><td style="display: none;"></td><td style="display: none;">porc et boeuf</td><td style="display: none;"></td><td style="display: none;">frais</td><td style="display: none;"></td><td style="display: none;"><a class="recipeLink" href="/recipe_ingredient_search_results.php?query=(_QU5E__1__________269__[]_1_1)&amp;sos_l=fr">Recettes avec saucisses</a></td></tr><tr role="row" class="even"><td tabindex="0"><i class="fas fa-hand-rock"></i></td><td class=" not_printable"><div class="addToGL" data-soscuisine-aisle="6" data-soscuisine-sip="3940591"><i class="fa fa-cart-plus" title="Ajouter à ma liste d'épicerie"></i><div></div></div></td><td><img class="storeItemImage" itemprop="image" alt="saucisses" src="/media/images/store_item/269.jpg"></td><td>saucisses</td><td class="not_printable sorting_1">viandes &amp; volailles</td><td><img style="width:50%;" src="/media/images/logos/marchands/5.png" alt="Super C"></td><td><span itemprop="price">8,00 $</span><span itemprop="eligibleQuantity" itemscope="" itemtype="http://schema.org/QuantitativeValue">/<span itemprop="value">2</span>x<span itemprop="unitText">375g</span></span></td><td>10,67 $/kg</td><td style="display: none;">2020-02-26</td><td style="display: none;"></td><td style="display: none;">Lafleur</td><td style="display: none;"></td><td style="display: none;"></td><td style="display: none;"></td><td style="display: none;"></td><td style="display: none;"></td><td style="display: none;"><a class="recipeLink" href="/recipe_ingredient_search_results.php?query=(_QU5E__1__________269__[]_1_1)&amp;sos_l=fr">Recettes avec saucisses</a></td></tr><tr role="row" class="odd"><td tabindex="0"><i class="fa fa-thumbs-down"></i></td><td class=" not_printable"><div class="addToGL" data-soscuisine-aisle="6" data-soscuisine-sip="3940693"><i class="fa fa-cart-plus" title="Ajouter à ma liste d'épicerie"></i><div></div></div></td><td><img class="storeItemImage" itemprop="image" alt="saucisses" src="/media/images/store_item/269.jpg"></td><td>saucisses</td><td class="not_printable sorting_1">viandes &amp; volailles</td><td><img style="width:50%;" src="/media/images/logos/marchands/11.png" alt="Tradition"></td><td><span itemprop="price">8,99 $</span><span itemprop="eligibleQuantity" itemscope="" itemtype="http://schema.org/QuantitativeValue">/<span itemprop="unitText">500g</span></span></td><td>17,98 $/kg</td><td style="display: none;">2020-02-26</td><td style="display: none;">Québec</td><td style="display: none;"></td><td style="display: none;"></td><td style="display: none;">italiennes, douces ou fortes</td><td style="display: none;"></td><td style="display: none;">frais</td><td style="display: none;">Stefano Faita</td><td style="display: none;"><a class="recipeLink" href="/recipe_ingredient_search_results.php?query=(_QU5E__1__________269__[]_1_1)&amp;sos_l=fr">Recettes avec saucisses</a></td></tr><tr role="row" class="even"><td tabindex="0"><i class="fas fa-hand-rock"></i></td><td class=" not_printable"><div class="addToGL" data-soscuisine-aisle="6" data-soscuisine-sip="3941019"><i class="fa fa-cart-plus" title="Ajouter à ma liste d'épicerie"></i><div></div></div></td><td><img class="storeItemImage" itemprop="image" alt="saucisses" src="/media/images/store_item/269.jpg"></td><td>saucisses</td><td class="not_printable sorting_1">viandes &amp; volailles</td><td><img style="width:50%;" src="/media/images/logos/marchands/73.png" alt="Walmart"></td><td><span itemprop="price">8,00 $</span><span itemprop="eligibleQuantity" itemscope="" itemtype="http://schema.org/QuantitativeValue">/<span itemprop="value">2</span>x<span itemprop="unitText">375g</span></span></td><td>10,67 $/kg</td><td style="display: none;">2020-02-26</td><td style="display: none;"></td><td style="display: none;">Maple Leaf</td><td style="display: none;"></td><td style="display: none;"></td><td style="display: none;"></td><td style="display: none;">frais</td><td style="display: none;">seulement aux supercentres</td><td style="display: none;"><a class="recipeLink" href="/recipe_ingredient_search_results.php?query=(_QU5E__1__________269__[]_1_1)&amp;sos_l=fr">Recettes avec saucisses</a></td></tr><tr role="row" class="odd"><td tabindex="0"><i class="fa fa-thumbs-down"></i></td><td class=" not_printable"><div class="addToGL" data-soscuisine-aisle="6" data-soscuisine-sip="3941017"><i class="fa fa-cart-plus" title="Ajouter à ma liste d'épicerie"></i><div></div></div></td><td><img class="storeItemImage" itemprop="image" alt="saucisses" src="/media/images/store_item/269.jpg"></td><td>saucisses</td><td class="not_printable sorting_1">viandes &amp; volailles</td><td><img style="width:50%;" src="/media/images/logos/marchands/73.png" alt="Walmart"></td><td><span itemprop="price">4,97 $</span><span itemprop="eligibleQuantity" itemscope="" itemtype="http://schema.org/QuantitativeValue">/<span itemprop="unitText">375g</span></span></td><td>13,25 $/kg</td><td style="display: none;">2020-02-26</td><td style="display: none;"></td><td style="display: none;">Maple Leaf</td><td style="display: none;"></td><td style="display: none;"></td><td style="display: none;"></td><td style="display: none;">frais</td><td style="display: none;">seulement aux supercentres</td><td style="display: none;"><a class="recipeLink" href="/recipe_ingredient_search_results.php?query=(_QU5E__1__________269__[]_1_1)&amp;sos_l=fr">Recettes avec saucisses</a></td></tr><tr role="row" class="even"><td tabindex="0"><i class="fa fa-thumbs-up"></i></td><td class=" not_printable"><div class="addToGL" data-soscuisine-aisle="6" data-soscuisine-sip="3938927"><i class="fa fa-cart-plus" title="Ajouter à ma liste d'épicerie"></i><div></div></div></td><td><img class="storeItemImage" itemprop="image" alt="veau haché" src="/media/images/store_item/636.jpg"></td><td>veau haché</td><td class="not_printable sorting_1">viandes &amp; volailles</td><td><img style="width:50%;" src="/media/images/logos/marchands/3.png" alt="IGA"></td><td><span itemprop="price">3,99 $</span><span itemprop="eligibleQuantity" itemscope="" itemtype="http://schema.org/QuantitativeValue">/<span itemprop="unitText">lb</span></span></td><td>8,80 $/kg</td><td style="display: none;">2020-02-26</td><td style="display: none;"></td><td style="display: none;"></td><td style="display: none;"></td><td style="display: none;">maigre</td><td style="display: none;"></td><td style="display: none;">grand format</td><td style="display: none;"></td><td style="display: none;"><a class="recipeLink" href="/recipe_ingredient_search_results.php?query=(_QU5E__1__________636__[]_1_1)&amp;sos_l=fr">Recettes avec veau haché</a></td></tr><tr role="row" class="odd"><td tabindex="0"><i class="fas fa-exclamation"></i></td><td class=" not_printable"><div class="addToGL" data-soscuisine-aisle="6" data-soscuisine-sip="3939121"><i class="fa fa-cart-plus" title="Ajouter à ma liste d'épicerie"></i><div></div></div></td><td><img class="storeItemImage" alt="veau, cubes" src="/media/images/store_item/blank.jpg"></td><td>veau, cubes</td><td class="not_printable sorting_1">viandes &amp; volailles</td><td><img style="width:50%;" src="/media/images/logos/marchands/63.png" alt="Marché Adonis"></td><td><span itemprop="price">8,99 $</span><span itemprop="eligibleQuantity" itemscope="" itemtype="http://schema.org/QuantitativeValue">/<span itemprop="unitText">lb</span></span></td><td>19,82 $/kg</td><td style="display: none;">2020-02-26</td><td style="display: none;"></td><td style="display: none;"></td><td style="display: none;"></td><td style="display: none;"></td><td style="display: none;">de lait</td><td style="display: none;"></td><td style="display: none;">extra maigre</td><td style="display: none;"><a class="recipeLink" href="/recipe_ingredient_search_results.php?query=(_QU5E__1__________460__[]_1_1)&amp;sos_l=fr">Recettes avec veau, cubes</a></td></tr><tr role="row" class="even"><td tabindex="0"><i class="fas fa-exclamation"></i></td><td class=" not_printable"><div class="addToGL" data-soscuisine-aisle="6" data-soscuisine-sip="3937951"><i class="fa fa-cart-plus" title="Ajouter à ma liste d'épicerie"></i><div></div></div></td><td><img class="storeItemImage" alt="veau, filet" src="/media/images/store_item/blank.jpg"></td><td>veau, filet</td><td class="not_printable sorting_1">viandes &amp; volailles</td><td><img style="width:50%;" src="/media/images/logos/marchands/1.png" alt="Metro"></td><td><span itemprop="price">15,19 $</span><span itemprop="eligibleQuantity" itemscope="" itemtype="http://schema.org/QuantitativeValue">/<span itemprop="unitText">lb</span></span></td><td>33,49 $/kg</td><td style="display: none;">2020-02-26</td><td style="display: none;">Québec</td><td style="display: none;"></td><td style="display: none;"></td><td style="display: none;"></td><td style="display: none;">de grain</td><td style="display: none;"></td><td style="display: none;">Famille Fontaine</td><td style="display: none;"></td></tr><tr role="row" class="odd"><td tabindex="0"><i class="fa fa-thumbs-down"></i></td><td class=" not_printable"><div class="addToGL" data-soscuisine-aisle="6" data-soscuisine-sip="3939385"><i class="fa fa-cart-plus" title="Ajouter à ma liste d'épicerie"></i><div></div></div></td><td><img class="storeItemImage" alt="veau, foie" src="/media/images/store_item/blank.jpg"></td><td>veau, foie</td><td class="not_printable sorting_1">viandes &amp; volailles</td><td><img style="width:50%;" src="/media/images/logos/marchands/3.png" alt="IGA"></td><td><span itemprop="price">10,99 $</span><span itemprop="eligibleQuantity" itemscope="" itemtype="http://schema.org/QuantitativeValue">/<span itemprop="unitText">lb</span></span></td><td>24,23 $/kg</td><td style="display: none;">2020-02-26</td><td style="display: none;">Québec</td><td style="display: none;"></td><td style="display: none;"></td><td style="display: none;"></td><td style="display: none;"></td><td style="display: none;">frais</td><td style="display: none;"></td><td style="display: none;"><a class="recipeLink" href="/recipe_ingredient_search_results.php?query=(_QU5E__1__________234__[]_1_1)&amp;sos_l=fr">Recettes avec veau, foie</a></td></tr><tr role="row" class="even"><td tabindex="0"><i class="fa fa-thumbs-down"></i></td><td class=" not_printable"><div class="addToGL" data-soscuisine-aisle="6" data-soscuisine-sip="3937705"><i class="fa fa-cart-plus" title="Ajouter à ma liste d'épicerie"></i><div></div></div></td><td><img class="storeItemImage" alt="veau, rôti de palette" src="/media/images/store_item/blank.jpg"></td><td>veau, rôti de palette</td><td class="not_printable sorting_1">viandes &amp; volailles</td><td><img style="width:50%;" src="/media/images/logos/marchands/1.png" alt="Metro"></td><td><span itemprop="price">6,49 $</span><span itemprop="eligibleQuantity" itemscope="" itemtype="http://schema.org/QuantitativeValue">/<span itemprop="unitText">lb</span></span></td><td>14,31 $/kg</td><td style="display: none;">2020-02-26</td><td style="display: none;">Québec</td><td style="display: none;"></td><td style="display: none;"></td><td style="display: none;"></td><td style="display: none;">de grain</td><td style="display: none;"></td><td style="display: none;">Famille Fontaine</td><td style="display: none;"><a class="recipeLink" href="/recipe_ingredient_search_results.php?query=(_QU5E__1__________625__[]_1_1)&amp;sos_l=fr">Recettes avec veau, rôti de palette</a></td></tr><tr role="row" class="odd"><td tabindex="0"><i class="fa fa-thumbs-up"></i><i class="fa fa-thumbs-up"></i></td><td class=" not_printable"><div class="addToGL" data-soscuisine-aisle="7" data-soscuisine-sip="3938691"><i class="fa fa-cart-plus" title="Ajouter à ma liste d'épicerie"></i><div></div></div></td><td><img class="storeItemImage" itemprop="image" alt="aiglefin, filet" src="/media/images/store_item/179.jpg"></td><td>aiglefin, filet</td><td class="not_printable sorting_1">poissons &amp; fruits de mer</td><td><img style="width:50%;" src="/media/images/logos/marchands/69.png" alt="Intermarché (Provincial)"></td><td><span itemprop="price">4,99 $</span><span itemprop="eligibleQuantity" itemscope="" itemtype="http://schema.org/QuantitativeValue">/<span itemprop="unitText">400g</span></span></td><td>12,47 $/kg</td><td style="display: none;">2020-02-26</td><td style="display: none;"></td><td style="display: none;">SeaQuest</td><td style="display: none;"></td><td style="display: none;"></td><td style="display: none;"></td><td style="display: none;">surgelé</td><td style="display: none;"></td><td style="display: none;"><a class="recipeLink" href="/recipe_ingredient_search_results.php?query=(_QU5E__1__________179__[]_1_1)&amp;sos_l=fr">Recettes avec aiglefin, filet</a></td></tr><tr role="row" class="even"><td tabindex="0"><i class="fa fa-thumbs-up"></i><i class="fa fa-thumbs-up"></i></td><td class=" not_printable"><div class="addToGL" data-soscuisine-aisle="7" data-soscuisine-sip="3938177"><i class="fa fa-cart-plus" title="Ajouter à ma liste d'épicerie"></i><div></div></div></td><td><img class="storeItemImage" itemprop="image" alt="aiglefin, filet" src="/media/images/store_item/179.jpg"></td><td>aiglefin, filet</td><td class="not_printable sorting_1">poissons &amp; fruits de mer</td><td><img style="width:50%;" src="/media/images/logos/marchands/7.png" alt="Intermarché (Saveurs intl.)"></td><td><span itemprop="price">4,99 $</span><span itemprop="eligibleQuantity" itemscope="" itemtype="http://schema.org/QuantitativeValue">/<span itemprop="unitText">400g</span></span></td><td>12,47 $/kg</td><td style="display: none;">2020-02-26</td><td style="display: none;"></td><td style="display: none;">SeaQuest</td><td style="display: none;"></td><td style="display: none;"></td><td style="display: none;"></td><td style="display: none;">surgelé</td><td style="display: none;"></td><td style="display: none;"><a class="recipeLink" href="/recipe_ingredient_search_results.php?query=(_QU5E__1__________179__[]_1_1)&amp;sos_l=fr">Recettes avec aiglefin, filet</a></td></tr><tr role="row" class="odd"><td tabindex="0"><i class="fa fa-thumbs-up"></i></td><td class=" not_printable"><div class="addToGL" data-soscuisine-aisle="7" data-soscuisine-sip="3937599"><i class="fa fa-cart-plus" title="Ajouter à ma liste d'épicerie"></i><div></div></div></td><td><img class="storeItemImage" itemprop="image" alt="aiglefin, filet" src="/media/images/store_item/179.jpg"></td><td>aiglefin, filet</td><td class="not_printable sorting_1">poissons &amp; fruits de mer</td><td><img style="width:50%;" src="/media/images/logos/marchands/1.png" alt="Metro"></td><td><span itemprop="price">7,77 $</span><span itemprop="eligibleQuantity" itemscope="" itemtype="http://schema.org/QuantitativeValue">/<span itemprop="unitText">lb</span></span></td><td>17,13 $/kg</td><td style="display: none;">2020-02-26</td><td style="display: none;"></td><td style="display: none;"></td><td style="display: none;"></td><td style="display: none;"></td><td style="display: none;"></td><td style="display: none;"></td><td style="display: none;"></td><td style="display: none;"><a class="recipeLink" href="/recipe_ingredient_search_results.php?query=(_QU5E__1__________179__[]_1_1)&amp;sos_l=fr">Recettes avec aiglefin, filet</a></td></tr><tr role="row" class="even"><td tabindex="0"><i class="fas fa-exclamation"></i></td><td class=" not_printable"><div class="addToGL" data-soscuisine-aisle="7" data-soscuisine-sip="3938921"><i class="fa fa-cart-plus" title="Ajouter à ma liste d'épicerie"></i><div></div></div></td><td><img class="storeItemImage" alt="baccalà (morue séchée)" src="/media/images/store_item/blank.jpg"></td><td>baccalà (morue séchée)</td><td class="not_printable sorting_1">poissons &amp; fruits de mer</td><td><img style="width:50%;" src="/media/images/logos/marchands/64.png" alt="Mourelatos"></td><td><span itemprop="price">8,99 $</span><span itemprop="eligibleQuantity" itemscope="" itemtype="http://schema.org/QuantitativeValue">/<span itemprop="unitText">lb</span></span></td><td>19,82 $/kg</td><td style="display: none;">2020-02-25</td><td style="display: none;"></td><td style="display: none;"></td><td style="display: none;"></td><td style="display: none;"></td><td style="display: none;"></td><td style="display: none;"></td><td style="display: none;"></td><td style="display: none;"></td></tr><tr role="row" class="odd"><td tabindex="0"><i class="fa fa-thumbs-down"></i></td><td class=" not_printable"><div class="addToGL" data-soscuisine-aisle="7" data-soscuisine-sip="3938999"><i class="fa fa-cart-plus" title="Ajouter à ma liste d'épicerie"></i><div></div></div></td><td><img class="storeItemImage" alt="bars entiers" src="/media/images/store_item/blank.jpg"></td><td>bars entiers</td><td class="not_printable sorting_1">poissons &amp; fruits de mer</td><td><img style="width:50%;" src="/media/images/logos/marchands/64.png" alt="Mourelatos"></td><td><span itemprop="price">7,99 $</span><span itemprop="eligibleQuantity" itemscope="" itemtype="http://schema.org/QuantitativeValue">/<span itemprop="unitText">lb</span></span></td><td>17,62 $/kg</td><td style="display: none;">2020-02-25</td><td style="display: none;"></td><td style="display: none;"></td><td style="display: none;"></td><td style="display: none;"></td><td style="display: none;"></td><td style="display: none;"></td><td style="display: none;">méditerranéen</td><td style="display: none;"><a class="recipeLink" href="/recipe_ingredient_search_results.php?query=(_QU5E__1__________579__[]_1_1)&amp;sos_l=fr">Recettes avec bars entiers</a></td></tr><tr role="row" class="even"><td tabindex="0"><i class="fas fa-exclamation"></i></td><td class=" not_printable"><div class="addToGL" data-soscuisine-aisle="7" data-soscuisine-sip="3939141"><i class="fa fa-cart-plus" title="Ajouter à ma liste d'épicerie"></i><div></div></div></td><td><img class="storeItemImage" alt="colin, filet" src="/media/images/store_item/blank.jpg"></td><td>colin, filet</td><td class="not_printable sorting_1">poissons &amp; fruits de mer</td><td><img style="width:50%;" src="/media/images/logos/marchands/63.png" alt="Marché Adonis"></td><td><span itemprop="price">3,99 $</span><span itemprop="eligibleQuantity" itemscope="" itemtype="http://schema.org/QuantitativeValue">/<span itemprop="unitText">400g</span></span></td><td>9,98 $/kg</td><td style="display: none;">2020-02-26</td><td style="display: none;"></td><td style="display: none;">Blue Tide</td><td style="display: none;"></td><td style="display: none;"></td><td style="display: none;"></td><td style="display: none;"></td><td style="display: none;"></td><td style="display: none;"></td></tr><tr role="row" class="odd"><td tabindex="0"><i class="fa fa-thumbs-up"></i><i class="fa fa-thumbs-up"></i></td><td class=" not_printable"><div class="addToGL" data-soscuisine-aisle="7" data-soscuisine-sip="3938895"><i class="fa fa-cart-plus" title="Ajouter à ma liste d'épicerie"></i><div></div></div></td><td><img class="storeItemImage" alt="crevettes grosses, cuites" src="/media/images/store_item/blank.jpg"></td><td>crevettes grosses, cuites</td><td class="not_printable sorting_1">poissons &amp; fruits de mer</td><td><img style="width:50%;" src="/media/images/logos/marchands/64.png" alt="Mourelatos"></td><td><span itemprop="price">5,99 $</span><span itemprop="eligibleQuantity" itemscope="" itemtype="http://schema.org/QuantitativeValue">/<span itemprop="unitText">340g (12oz)</span></span></td><td>17,62 $/kg</td><td style="display: none;">2020-02-25</td><td style="display: none;"></td><td style="display: none;"></td><td style="display: none;">gr.16-20</td><td style="display: none;"></td><td style="display: none;"></td><td style="display: none;"></td><td style="display: none;">décortiquées, Aegean</td><td style="display: none;"><a class="recipeLink" href="/recipe_ingredient_search_results.php?query=(_QU5E__1__________725__[]_1_1)&amp;sos_l=fr">Recettes avec crevettes grosses, cuites</a></td></tr><tr role="row" class="even"><td tabindex="0"><i class="fa fa-thumbs-down"></i></td><td class=" not_printable"><div class="addToGL" data-soscuisine-aisle="7" data-soscuisine-sip="3937765"><i class="fa fa-cart-plus" title="Ajouter à ma liste d'épicerie"></i><div></div></div></td><td><img class="storeItemImage" itemprop="image" alt="crevettes moyennes-grosses, cuites" src="/media/images/store_item/502.jpg"></td><td>crevettes moyennes-grosses, cuites</td><td class="not_printable sorting_1">poissons &amp; fruits de mer</td><td><img style="width:50%;" src="/media/images/logos/marchands/1.png" alt="Metro"></td><td><span itemprop="price">9,99 $</span><span itemprop="eligibleQuantity" itemscope="" itemtype="http://schema.org/QuantitativeValue">/<span itemprop="unitText">340g (12oz)</span></span></td><td>29,38 $/kg</td><td style="display: none;">2020-02-26</td><td style="display: none;"></td><td style="display: none;">Aquastar</td><td style="display: none;">gr.31-40</td><td style="display: none;"></td><td style="display: none;">Bio</td><td style="display: none;">décortiquées, surgelées</td><td style="display: none;"></td><td style="display: none;"><a class="recipeLink" href="/recipe_ingredient_search_results.php?query=(_QU5E__1__________502__[]_1_1)&amp;sos_l=fr">Recettes avec crevettes moyennes-grosses, cuites</a></td></tr><tr role="row" class="odd"><td tabindex="0"><i class="fas fa-hand-rock"></i></td><td class=" not_printable"><div class="addToGL" data-soscuisine-aisle="7" data-soscuisine-sip="3938239"><i class="fa fa-cart-plus" title="Ajouter à ma liste d'épicerie"></i><div></div></div></td><td><img class="storeItemImage" itemprop="image" alt="crevettes moyennes-grosses, cuites" src="/media/images/store_item/502.jpg"></td><td>crevettes moyennes-grosses, cuites</td><td class="not_printable sorting_1">poissons &amp; fruits de mer</td><td><img style="width:50%;" src="/media/images/logos/marchands/2.png" alt="Provigo"></td><td><span itemprop="price">9,99 $</span><span itemprop="eligibleQuantity" itemscope="" itemtype="http://schema.org/QuantitativeValue">/<span itemprop="unitText">400g</span></span></td><td>24,97 $/kg</td><td style="display: none;">2020-02-26</td><td style="display: none;"></td><td style="display: none;">marque maison</td><td style="display: none;">gr.31-40</td><td style="display: none;">Pacifique</td><td style="display: none;"></td><td style="display: none;">décortiquées, surgelées</td><td style="display: none;"></td><td style="display: none;"><a class="recipeLink" href="/recipe_ingredient_search_results.php?query=(_QU5E__1__________502__[]_1_1)&amp;sos_l=fr">Recettes avec crevettes moyennes-grosses, cuites</a></td></tr><tr role="row" class="even"><td tabindex="0"><i class="fas fa-hand-rock"></i></td><td class=" not_printable"><div class="addToGL" data-soscuisine-aisle="7" data-soscuisine-sip="3940627"><i class="fa fa-cart-plus" title="Ajouter à ma liste d'épicerie"></i><div></div></div></td><td><img class="storeItemImage" itemprop="image" alt="crevettes moyennes-grosses, cuites" src="/media/images/store_item/502.jpg"></td><td>crevettes moyennes-grosses, cuites</td><td class="not_printable sorting_1">poissons &amp; fruits de mer</td><td><img style="width:50%;" src="/media/images/logos/marchands/5.png" alt="Super C"></td><td><span itemprop="price">15,00 $</span><span itemprop="eligibleQuantity" itemscope="" itemtype="http://schema.org/QuantitativeValue">/<span itemprop="unitText">600g</span></span></td><td>25,00 $/kg</td><td style="display: none;">2020-02-26</td><td style="display: none;"></td><td style="display: none;"></td><td style="display: none;">gr.41-50</td><td style="display: none;"></td><td style="display: none;"></td><td style="display: none;">surgelé</td><td style="display: none;"></td><td style="display: none;"><a class="recipeLink" href="/recipe_ingredient_search_results.php?query=(_QU5E__1__________502__[]_1_1)&amp;sos_l=fr">Recettes avec crevettes moyennes-grosses, cuites</a></td></tr><tr role="row" class="odd"><td tabindex="0"><i class="fas fa-exclamation"></i></td><td class=" not_printable"><div class="addToGL" data-soscuisine-aisle="7" data-soscuisine-sip="3922899"><i class="fa fa-cart-plus" title="Ajouter à ma liste d'épicerie"></i><div></div></div></td><td><img class="storeItemImage" alt="crevettes, crues, BIO" src="/media/images/store_item/blank.jpg"></td><td>crevettes, crues, BIO</td><td class="not_printable sorting_1">poissons &amp; fruits de mer</td><td><img style="width:50%;" src="/media/images/logos/marchands/94.png" alt="Avril"></td><td><span itemprop="price">12,99 $</span><span itemprop="eligibleQuantity" itemscope="" itemtype="http://schema.org/QuantitativeValue">/<span itemprop="unitText">300g</span></span></td><td>43,30 $/kg</td><td style="display: none;">2020-03-03</td><td style="display: none;"></td><td style="display: none;">Green Ocean</td><td style="display: none;">gr.20-27</td><td style="display: none;"></td><td style="display: none;"></td><td style="display: none;"></td><td style="display: none;"></td><td style="display: none;"><a class="recipeLink" href="/recipe_ingredient_search_results.php?query=(_QU5E__1__________817__[]_1_1)&amp;sos_l=fr">Recettes avec crevettes, crues, BIO</a></td></tr><tr role="row" class="even"><td tabindex="0"><i class="fas fa-exclamation"></i></td><td class=" not_printable"><div class="addToGL" data-soscuisine-aisle="7" data-soscuisine-sip="3922901"><i class="fa fa-cart-plus" title="Ajouter à ma liste d'épicerie"></i><div></div></div></td><td><img class="storeItemImage" alt="crevettes, cuites BIO" src="/media/images/store_item/blank.jpg"></td><td>crevettes, cuites BIO</td><td class="not_printable sorting_1">poissons &amp; fruits de mer</td><td><img style="width:50%;" src="/media/images/logos/marchands/94.png" alt="Avril"></td><td><span itemprop="price">14,99 $</span><span itemprop="eligibleQuantity" itemscope="" itemtype="http://schema.org/QuantitativeValue">/<span itemprop="unitText">300g</span></span></td><td>49,97 $/kg</td><td style="display: none;">2020-03-03</td><td style="display: none;"></td><td style="display: none;">Green Ocean</td><td style="display: none;">gr.20-27</td><td style="display: none;"></td><td style="display: none;"></td><td style="display: none;"></td><td style="display: none;"></td><td style="display: none;"><a class="recipeLink" href="/recipe_ingredient_search_results.php?query=(_QU5E__1__________816__[]_1_1)&amp;sos_l=fr">Recettes avec crevettes, cuites BIO</a></td></tr><tr role="row" class="odd"><td tabindex="0"><i class="fas fa-hand-rock"></i></td><td class=" not_printable"><div class="addToGL" data-soscuisine-aisle="7" data-soscuisine-sip="3937305"><i class="fa fa-cart-plus" title="Ajouter à ma liste d'épicerie"></i><div></div></div></td><td><img class="storeItemImage" itemprop="image" alt="crevettes, grosses" src="/media/images/store_item/571.jpg"></td><td>crevettes, grosses</td><td class="not_printable sorting_1">poissons &amp; fruits de mer</td><td><img style="width:50%;" src="/media/images/logos/marchands/95.png" alt="Marchés Tau"></td><td><span itemprop="price">8,99 $</span><span itemprop="eligibleQuantity" itemscope="" itemtype="http://schema.org/QuantitativeValue">/<span itemprop="unitText">340g (12oz)</span></span></td><td>26,44 $/kg</td><td style="display: none;">2020-03-29</td><td style="display: none;"></td><td style="display: none;"></td><td style="display: none;">gr.26-30</td><td style="display: none;"></td><td style="display: none;"></td><td style="display: none;"></td><td style="display: none;">Toppits</td><td style="display: none;"><a class="recipeLink" href="/recipe_ingredient_search_results.php?query=(_QU5E__1__________571__[]_1_1)&amp;sos_l=fr">Recettes avec crevettes, grosses</a></td></tr><tr role="row" class="even"><td tabindex="0"><i class="fa fa-thumbs-down"></i></td><td class=" not_printable"><div class="addToGL" data-soscuisine-aisle="7" data-soscuisine-sip="3937755"><i class="fa fa-cart-plus" title="Ajouter à ma liste d'épicerie"></i><div></div></div></td><td><img class="storeItemImage" itemprop="image" alt="crevettes, grosses" src="/media/images/store_item/571.jpg"></td><td>crevettes, grosses</td><td class="not_printable sorting_1">poissons &amp; fruits de mer</td><td><img style="width:50%;" src="/media/images/logos/marchands/1.png" alt="Metro"></td><td><span itemprop="price">9,99 $</span><span itemprop="eligibleQuantity" itemscope="" itemtype="http://schema.org/QuantitativeValue">/<span itemprop="unitText">340g (12oz)</span></span></td><td>29,38 $/kg</td><td style="display: none;">2020-02-26</td><td style="display: none;">Argentine</td><td style="display: none;">marque maison</td><td style="display: none;">gr.20-40</td><td style="display: none;"></td><td style="display: none;">sauvage</td><td style="display: none;">surgelé</td><td style="display: none;"></td><td style="display: none;"><a class="recipeLink" href="/recipe_ingredient_search_results.php?query=(_QU5E__1__________571__[]_1_1)&amp;sos_l=fr">Recettes avec crevettes, grosses</a></td></tr><tr role="row" class="odd"><td tabindex="0"><i class="fas fa-hand-rock"></i></td><td class=" not_printable"><div class="addToGL" data-soscuisine-aisle="7" data-soscuisine-sip="3937989"><i class="fa fa-cart-plus" title="Ajouter à ma liste d'épicerie"></i><div></div></div></td><td><img class="storeItemImage" itemprop="image" alt="crevettes, grosses" src="/media/images/store_item/571.jpg"></td><td>crevettes, grosses</td><td class="not_printable sorting_1">poissons &amp; fruits de mer</td><td><img style="width:50%;" src="/media/images/logos/marchands/2.png" alt="Provigo"></td><td><span itemprop="price">8,99 $</span><span itemprop="eligibleQuantity" itemscope="" itemtype="http://schema.org/QuantitativeValue">/<span itemprop="unitText">340g (12oz)</span></span></td><td>26,44 $/kg</td><td style="display: none;">2020-02-26</td><td style="display: none;"></td><td style="display: none;">Green Ocean</td><td style="display: none;">gr.12-15</td><td style="display: none;"></td><td style="display: none;"></td><td style="display: none;"></td><td style="display: none;"></td><td style="display: none;"><a class="recipeLink" href="/recipe_ingredient_search_results.php?query=(_QU5E__1__________571__[]_1_1)&amp;sos_l=fr">Recettes avec crevettes, grosses</a></td></tr><tr role="row" class="even"><td tabindex="0"><i class="fa fa-thumbs-up"></i></td><td class=" not_printable"><div class="addToGL" data-soscuisine-aisle="7" data-soscuisine-sip="3939405"><i class="fa fa-cart-plus" title="Ajouter à ma liste d'épicerie"></i><div></div></div></td><td><img class="storeItemImage" itemprop="image" alt="crevettes, moyennes-grosses" src="/media/images/store_item/468.jpg"></td><td>crevettes, moyennes-grosses</td><td class="not_printable sorting_1">poissons &amp; fruits de mer</td><td><img style="width:50%;" src="/media/images/logos/marchands/3.png" alt="IGA"></td><td><span itemprop="price">5,99 $</span><span itemprop="eligibleQuantity" itemscope="" itemtype="http://schema.org/QuantitativeValue">/<span itemprop="unitText">340g (12oz)</span></span></td><td>17,62 $/kg</td><td style="display: none;">2020-02-26</td><td style="display: none;"></td><td style="display: none;"></td><td style="display: none;">gr.51-60</td><td style="display: none;"></td><td style="display: none;"></td><td style="display: none;">surgelé</td><td style="display: none;"></td><td style="display: none;"><a class="recipeLink" href="/recipe_ingredient_search_results.php?query=(_QU5E__1__________468__[]_1_1)&amp;sos_l=fr">Recettes avec crevettes, moyennes-grosses</a></td></tr><tr role="row" class="odd"><td tabindex="0"><i class="fas fa-hand-rock"></i></td><td class=" not_printable"><div class="addToGL" data-soscuisine-aisle="7" data-soscuisine-sip="3938695"><i class="fa fa-cart-plus" title="Ajouter à ma liste d'épicerie"></i><div></div></div></td><td><img class="storeItemImage" itemprop="image" alt="crevettes, moyennes-grosses" src="/media/images/store_item/468.jpg"></td><td>crevettes, moyennes-grosses</td><td class="not_printable sorting_1">poissons &amp; fruits de mer</td><td><img style="width:50%;" src="/media/images/logos/marchands/69.png" alt="Intermarché (Provincial)"></td><td><span itemprop="price">7,99 $</span><span itemprop="eligibleQuantity" itemscope="" itemtype="http://schema.org/QuantitativeValue">/<span itemprop="unitText">400g</span></span></td><td>19,97 $/kg</td><td style="display: none;">2020-02-26</td><td style="display: none;"></td><td style="display: none;">marque maison</td><td style="display: none;">gr.31-40</td><td style="display: none;">blanches</td><td style="display: none;"></td><td style="display: none;">décortiquées, surgelées</td><td style="display: none;"></td><td style="display: none;"><a class="recipeLink" href="/recipe_ingredient_search_results.php?query=(_QU5E__1__________468__[]_1_1)&amp;sos_l=fr">Recettes avec crevettes, moyennes-grosses</a></td></tr><tr role="row" class="even"><td tabindex="0"><i class="fas fa-hand-rock"></i></td><td class=" not_printable"><div class="addToGL" data-soscuisine-aisle="7" data-soscuisine-sip="3938355"><i class="fa fa-cart-plus" title="Ajouter à ma liste d'épicerie"></i><div></div></div></td><td><img class="storeItemImage" itemprop="image" alt="crevettes, moyennes-grosses" src="/media/images/store_item/468.jpg"></td><td>crevettes, moyennes-grosses</td><td class="not_printable sorting_1">poissons &amp; fruits de mer</td><td><img style="width:50%;" src="/media/images/logos/marchands/7.png" alt="Intermarché (Saveurs intl.)"></td><td><span itemprop="price">7,99 $</span><span itemprop="eligibleQuantity" itemscope="" itemtype="http://schema.org/QuantitativeValue">/<span itemprop="unitText">400g</span></span></td><td>19,97 $/kg</td><td style="display: none;">2020-02-26</td><td style="display: none;"></td><td style="display: none;">marque maison</td><td style="display: none;">gr.31-40</td><td style="display: none;">blanches</td><td style="display: none;"></td><td style="display: none;">décortiquées, surgelées</td><td style="display: none;"></td><td style="display: none;"><a class="recipeLink" href="/recipe_ingredient_search_results.php?query=(_QU5E__1__________468__[]_1_1)&amp;sos_l=fr">Recettes avec crevettes, moyennes-grosses</a></td></tr><tr role="row" class="odd"><td tabindex="0"><i class="fa fa-thumbs-up"></i><i class="fa fa-thumbs-up"></i></td><td class=" not_printable"><div class="addToGL" data-soscuisine-aisle="7" data-soscuisine-sip="3939157"><i class="fa fa-cart-plus" title="Ajouter à ma liste d'épicerie"></i><div></div></div></td><td><img class="storeItemImage" itemprop="image" alt="crevettes, moyennes-grosses" src="/media/images/store_item/468.jpg"></td><td>crevettes, moyennes-grosses</td><td class="not_printable sorting_1">poissons &amp; fruits de mer</td><td><img style="width:50%;" src="/media/images/logos/marchands/63.png" alt="Marché Adonis"></td><td><span itemprop="price">12,99 $</span><span itemprop="eligibleQuantity" itemscope="" itemtype="http://schema.org/QuantitativeValue">/<span itemprop="unitText">2lb (907g)</span></span></td><td>14,32 $/kg</td><td style="display: none;">2020-02-26</td><td style="display: none;"></td><td style="display: none;">Blue Tide</td><td style="display: none;">gr.26-30</td><td style="display: none;"></td><td style="display: none;"></td><td style="display: none;"></td><td style="display: none;">blanches</td><td style="display: none;"><a class="recipeLink" href="/recipe_ingredient_search_results.php?query=(_QU5E__1__________468__[]_1_1)&amp;sos_l=fr">Recettes avec crevettes, moyennes-grosses</a></td></tr><tr role="row" class="even"><td tabindex="0"><i class="fa fa-thumbs-up"></i><i class="fa fa-thumbs-up"></i></td><td class=" not_printable"><div class="addToGL" data-soscuisine-aisle="7" data-soscuisine-sip="3938013"><i class="fa fa-cart-plus" title="Ajouter à ma liste d'épicerie"></i><div></div></div></td><td><img class="storeItemImage" itemprop="image" alt="crevettes, moyennes-grosses" src="/media/images/store_item/468.jpg"></td><td>crevettes, moyennes-grosses</td><td class="not_printable sorting_1">poissons &amp; fruits de mer</td><td><img style="width:50%;" src="/media/images/logos/marchands/2.png" alt="Provigo"></td><td><span itemprop="price">5,44 $</span><span itemprop="eligibleQuantity" itemscope="" itemtype="http://schema.org/QuantitativeValue">/<span itemprop="unitText">400g</span></span></td><td>13,60 $/kg</td><td style="display: none;">2020-02-26</td><td style="display: none;"></td><td style="display: none;">marque maison</td><td style="display: none;">gr.31-40</td><td style="display: none;">Pacifique</td><td style="display: none;"></td><td style="display: none;">décortiquage éclair, surgelées</td><td style="display: none;"></td><td style="display: none;"><a class="recipeLink" href="/recipe_ingredient_search_results.php?query=(_QU5E__1__________468__[]_1_1)&amp;sos_l=fr">Recettes avec crevettes, moyennes-grosses</a></td></tr><tr role="row" class="odd"><td tabindex="0"><i class="fas fa-hand-rock"></i></td><td class=" not_printable"><div class="addToGL" data-soscuisine-aisle="7" data-soscuisine-sip="3940625"><i class="fa fa-cart-plus" title="Ajouter à ma liste d'épicerie"></i><div></div></div></td><td><img class="storeItemImage" itemprop="image" alt="crevettes, moyennes-grosses" src="/media/images/store_item/468.jpg"></td><td>crevettes, moyennes-grosses</td><td class="not_printable sorting_1">poissons &amp; fruits de mer</td><td><img style="width:50%;" src="/media/images/logos/marchands/5.png" alt="Super C"></td><td><span itemprop="price">15,00 $</span><span itemprop="eligibleQuantity" itemscope="" itemtype="http://schema.org/QuantitativeValue">/<span itemprop="unitText">700g</span></span></td><td>21,43 $/kg</td><td style="display: none;">2020-02-26</td><td style="display: none;"></td><td style="display: none;"></td><td style="display: none;">gr.41-50</td><td style="display: none;">Pacifique</td><td style="display: none;"></td><td style="display: none;">surgelé</td><td style="display: none;"></td><td style="display: none;"><a class="recipeLink" href="/recipe_ingredient_search_results.php?query=(_QU5E__1__________468__[]_1_1)&amp;sos_l=fr">Recettes avec crevettes, moyennes-grosses</a></td></tr><tr role="row" class="even"><td tabindex="0"><i class="fa fa-thumbs-up"></i><i class="fa fa-thumbs-up"></i></td><td class=" not_printable"><div class="addToGL" data-soscuisine-aisle="7" data-soscuisine-sip="3935913"><i class="fa fa-cart-plus" title="Ajouter à ma liste d'épicerie"></i><div></div></div></td><td><img class="storeItemImage" itemprop="image" alt="crevettes, moyennes-grosses" src="/media/images/store_item/468.jpg"></td><td>crevettes, moyennes-grosses</td><td class="not_printable sorting_1">poissons &amp; fruits de mer</td><td><img style="width:50%;" src="/media/images/logos/marchands/62.png" alt="Supermarché PA"></td><td><span itemprop="price">10,99 $</span><span itemprop="eligibleQuantity" itemscope="" itemtype="http://schema.org/QuantitativeValue">/<span itemprop="unitText">2lb (907g)</span></span></td><td>12,11 $/kg</td><td style="display: none;">2020-02-23</td><td style="display: none;">Mexique</td><td style="display: none;"></td><td style="display: none;">gr.26-30</td><td style="display: none;"></td><td style="display: none;"></td><td style="display: none;"></td><td style="display: none;"></td><td style="display: none;"><a class="recipeLink" href="/recipe_ingredient_search_results.php?query=(_QU5E__1__________468__[]_1_1)&amp;sos_l=fr">Recettes avec crevettes, moyennes-grosses</a></td></tr><tr role="row" class="odd"><td tabindex="0"><i class="fa fa-thumbs-down"></i></td><td class=" not_printable"><div class="addToGL" data-soscuisine-aisle="7" data-soscuisine-sip="3940741"><i class="fa fa-cart-plus" title="Ajouter à ma liste d'épicerie"></i><div></div></div></td><td><img class="storeItemImage" itemprop="image" alt="crevettes, moyennes-grosses" src="/media/images/store_item/468.jpg"></td><td>crevettes, moyennes-grosses</td><td class="not_printable sorting_1">poissons &amp; fruits de mer</td><td><img style="width:50%;" src="/media/images/logos/marchands/11.png" alt="Tradition"></td><td><span itemprop="price">8,99 $</span><span itemprop="eligibleQuantity" itemscope="" itemtype="http://schema.org/QuantitativeValue">/<span itemprop="unitText">340g (12oz)</span></span></td><td>26,44 $/kg</td><td style="display: none;">2020-02-26</td><td style="display: none;"></td><td style="display: none;">marque maison</td><td style="display: none;">gr.31-40</td><td style="display: none;"></td><td style="display: none;"></td><td style="display: none;">surgelé</td><td style="display: none;">ou Ocean Jewel</td><td style="display: none;"><a class="recipeLink" href="/recipe_ingredient_search_results.php?query=(_QU5E__1__________468__[]_1_1)&amp;sos_l=fr">Recettes avec crevettes, moyennes-grosses</a></td></tr><tr role="row" class="even"><td tabindex="0"><i class="fa fa-thumbs-up"></i></td><td class=" not_printable"><div class="addToGL" data-soscuisine-aisle="7" data-soscuisine-sip="3939403"><i class="fa fa-cart-plus" title="Ajouter à ma liste d'épicerie"></i><div></div></div></td><td><img class="storeItemImage" itemprop="image" alt="crevettes, petites, cuites" src="/media/images/store_item/541.jpg"></td><td>crevettes, petites, cuites</td><td class="not_printable sorting_1">poissons &amp; fruits de mer</td><td><img style="width:50%;" src="/media/images/logos/marchands/3.png" alt="IGA"></td><td><span itemprop="price">8,99 $</span><span itemprop="eligibleQuantity" itemscope="" itemtype="http://schema.org/QuantitativeValue">/<span itemprop="unitText">454g (1lb)</span></span></td><td>19,82 $/kg</td><td style="display: none;">2020-02-26</td><td style="display: none;"></td><td style="display: none;"></td><td style="display: none;">gr.71-90</td><td style="display: none;"></td><td style="display: none;"></td><td style="display: none;">surgelé</td><td style="display: none;"></td><td style="display: none;"><a class="recipeLink" href="/recipe_ingredient_search_results.php?query=(_QU5E__1__________541__[]_1_1)&amp;sos_l=fr">Recettes avec crevettes, petites, cuites</a></td></tr><tr role="row" class="odd"><td tabindex="0"><i class="fa fa-thumbs-up"></i><i class="fa fa-thumbs-up"></i></td><td class=" not_printable"><div class="addToGL" data-soscuisine-aisle="7" data-soscuisine-sip="3939149"><i class="fa fa-cart-plus" title="Ajouter à ma liste d'épicerie"></i><div></div></div></td><td><img class="storeItemImage" itemprop="image" alt="crevettes, petites, cuites" src="/media/images/store_item/541.jpg"></td><td>crevettes, petites, cuites</td><td class="not_printable sorting_1">poissons &amp; fruits de mer</td><td><img style="width:50%;" src="/media/images/logos/marchands/63.png" alt="Marché Adonis"></td><td><span itemprop="price">12,99 $</span><span itemprop="eligibleQuantity" itemscope="" itemtype="http://schema.org/QuantitativeValue">/<span itemprop="unitText">2lb (907g)</span></span></td><td>14,32 $/kg</td><td style="display: none;">2020-02-26</td><td style="display: none;"></td><td style="display: none;">Blue Tide</td><td style="display: none;">gr.91-110</td><td style="display: none;"></td><td style="display: none;"></td><td style="display: none;"></td><td style="display: none;">décortiquées, Blanches</td><td style="display: none;"><a class="recipeLink" href="/recipe_ingredient_search_results.php?query=(_QU5E__1__________541__[]_1_1)&amp;sos_l=fr">Recettes avec crevettes, petites, cuites</a></td></tr><tr role="row" class="even"><td tabindex="0"><i class="fa fa-thumbs-up"></i></td><td class=" not_printable"><div class="addToGL" data-soscuisine-aisle="7" data-soscuisine-sip="3938245"><i class="fa fa-cart-plus" title="Ajouter à ma liste d'épicerie"></i><div></div></div></td><td><img class="storeItemImage" itemprop="image" alt="crevettes, petites, cuites" src="/media/images/store_item/541.jpg"></td><td>crevettes, petites, cuites</td><td class="not_printable sorting_1">poissons &amp; fruits de mer</td><td><img style="width:50%;" src="/media/images/logos/marchands/2.png" alt="Provigo"></td><td><span itemprop="price">8,99 $</span><span itemprop="eligibleQuantity" itemscope="" itemtype="http://schema.org/QuantitativeValue">/<span itemprop="unitText">454g (1lb)</span></span></td><td>19,82 $/kg</td><td style="display: none;">2020-02-26</td><td style="display: none;"></td><td style="display: none;">SeaQuest</td><td style="display: none;">gr.125-175</td><td style="display: none;"></td><td style="display: none;"></td><td style="display: none;">surgelé</td><td style="display: none;"></td><td style="display: none;"><a class="recipeLink" href="/recipe_ingredient_search_results.php?query=(_QU5E__1__________541__[]_1_1)&amp;sos_l=fr">Recettes avec crevettes, petites, cuites</a></td></tr><tr role="row" class="odd"><td tabindex="0"><i class="fas fa-hand-rock"></i></td><td class=" not_printable"><div class="addToGL" data-soscuisine-aisle="7" data-soscuisine-sip="3939107"><i class="fa fa-cart-plus" title="Ajouter à ma liste d'épicerie"></i><div></div></div></td><td><img class="storeItemImage" alt="dorade, entière" src="/media/images/store_item/blank.jpg"></td><td>dorade, entière</td><td class="not_printable sorting_1">poissons &amp; fruits de mer</td><td><img style="width:50%;" src="/media/images/logos/marchands/63.png" alt="Marché Adonis"></td><td><span itemprop="price">5,99 $</span><span itemprop="eligibleQuantity" itemscope="" itemtype="http://schema.org/QuantitativeValue">/<span itemprop="unitText">lb</span></span></td><td>13,21 $/kg</td><td style="display: none;">2020-02-26</td><td style="display: none;"></td><td style="display: none;"></td><td style="display: none;"></td><td style="display: none;"></td><td style="display: none;"></td><td style="display: none;"></td><td style="display: none;">royale</td><td style="display: none;"></td></tr><tr role="row" class="even"><td tabindex="0"><i class="fas fa-hand-rock"></i></td><td class=" not_printable"><div class="addToGL" data-soscuisine-aisle="7" data-soscuisine-sip="3939415"><i class="fa fa-cart-plus" title="Ajouter à ma liste d'épicerie"></i><div></div></div></td><td><img class="storeItemImage" itemprop="image" alt="goberge (imitation de chair de crabe)" src="/media/images/store_item/638.jpg"></td><td>goberge (imitation de chair de crabe)</td><td class="not_printable sorting_1">poissons &amp; fruits de mer</td><td><img style="width:50%;" src="/media/images/logos/marchands/3.png" alt="IGA"></td><td><span itemprop="price">5,00 $</span><span itemprop="eligibleQuantity" itemscope="" itemtype="http://schema.org/QuantitativeValue">/<span itemprop="value">2</span>x<span itemprop="unitText">227g (8oz)</span></span></td><td>1,10 $/100g</td><td style="display: none;">2020-02-26</td><td style="display: none;"></td><td style="display: none;">marque maison</td><td style="display: none;"></td><td style="display: none;"></td><td style="display: none;"></td><td style="display: none;"></td><td style="display: none;"></td><td style="display: none;"><a class="recipeLink" href="/recipe_ingredient_search_results.php?query=(_QU5E__1__________638__[]_1_1)&amp;sos_l=fr">Recettes avec goberge (imitation de chair de crabe)</a></td></tr><tr role="row" class="odd"><td tabindex="0"><i class="fa fa-thumbs-up"></i></td><td class=" not_printable"><div class="addToGL" data-soscuisine-aisle="7" data-soscuisine-sip="3937509"><i class="fa fa-cart-plus" title="Ajouter à ma liste d'épicerie"></i><div></div></div></td><td><img class="storeItemImage" itemprop="image" alt="goberge (imitation de chair de crabe)" src="/media/images/store_item/638.jpg"></td><td>goberge (imitation de chair de crabe)</td><td class="not_printable sorting_1">poissons &amp; fruits de mer</td><td><img style="width:50%;" src="/media/images/logos/marchands/6.png" alt="Maxi"></td><td><span itemprop="price">2,00 $</span><span itemprop="eligibleQuantity" itemscope="" itemtype="http://schema.org/QuantitativeValue">/<span itemprop="unitText">227g (8oz)</span></span></td><td>0,88 $/100g</td><td style="display: none;">2020-02-26</td><td style="display: none;"></td><td style="display: none;">SeaQuest</td><td style="display: none;"></td><td style="display: none;"></td><td style="display: none;"></td><td style="display: none;"></td><td style="display: none;">ou saveur homard</td><td style="display: none;"><a class="recipeLink" href="/recipe_ingredient_search_results.php?query=(_QU5E__1__________638__[]_1_1)&amp;sos_l=fr">Recettes avec goberge (imitation de chair de crabe)</a></td></tr><tr role="row" class="even"><td tabindex="0"><i class="fas fa-hand-rock"></i></td><td class=" not_printable"><div class="addToGL" data-soscuisine-aisle="7" data-soscuisine-sip="3937613"><i class="fa fa-cart-plus" title="Ajouter à ma liste d'épicerie"></i><div></div></div></td><td><img class="storeItemImage" itemprop="image" alt="goberge (imitation de chair de crabe)" src="/media/images/store_item/638.jpg"></td><td>goberge (imitation de chair de crabe)</td><td class="not_printable sorting_1">poissons &amp; fruits de mer</td><td><img style="width:50%;" src="/media/images/logos/marchands/1.png" alt="Metro"></td><td><span itemprop="price">7,99 $</span><span itemprop="eligibleQuantity" itemscope="" itemtype="http://schema.org/QuantitativeValue">/<span itemprop="unitText">700g</span></span></td><td>1,14 $/100g</td><td style="display: none;">2020-02-26</td><td style="display: none;"></td><td style="display: none;">marque maison</td><td style="display: none;"></td><td style="display: none;"></td><td style="display: none;"></td><td style="display: none;">surgelé</td><td style="display: none;"></td><td style="display: none;"><a class="recipeLink" href="/recipe_ingredient_search_results.php?query=(_QU5E__1__________638__[]_1_1)&amp;sos_l=fr">Recettes avec goberge (imitation de chair de crabe)</a></td></tr><tr role="row" class="odd"><td tabindex="0"><i class="fa fa-thumbs-up"></i><i class="fa fa-thumbs-up"></i></td><td class=" not_printable"><div class="addToGL" data-soscuisine-aisle="7" data-soscuisine-sip="3939005"><i class="fa fa-cart-plus" title="Ajouter à ma liste d'épicerie"></i><div></div></div></td><td><img class="storeItemImage" itemprop="image" alt="goberge (imitation de chair de crabe)" src="/media/images/store_item/638.jpg"></td><td>goberge (imitation de chair de crabe)</td><td class="not_printable sorting_1">poissons &amp; fruits de mer</td><td><img style="width:50%;" src="/media/images/logos/marchands/64.png" alt="Mourelatos"></td><td><span itemprop="price">2,99 $</span><span itemprop="eligibleQuantity" itemscope="" itemtype="http://schema.org/QuantitativeValue">/<span itemprop="unitText">lb</span></span></td><td>0,66 $/100g</td><td style="display: none;">2020-02-25</td><td style="display: none;"></td><td style="display: none;"></td><td style="display: none;"></td><td style="display: none;"></td><td style="display: none;"></td><td style="display: none;"></td><td style="display: none;"></td><td style="display: none;"><a class="recipeLink" href="/recipe_ingredient_search_results.php?query=(_QU5E__1__________638__[]_1_1)&amp;sos_l=fr">Recettes avec goberge (imitation de chair de crabe)</a></td></tr><tr role="row" class="even"><td tabindex="0"><i class="fa fa-thumbs-down"></i></td><td class=" not_printable"><div class="addToGL" data-soscuisine-aisle="7" data-soscuisine-sip="3940885"><i class="fa fa-cart-plus" title="Ajouter à ma liste d'épicerie"></i><div></div></div></td><td><img class="storeItemImage" itemprop="image" alt="goberge (imitation de chair de crabe)" src="/media/images/store_item/638.jpg"></td><td>goberge (imitation de chair de crabe)</td><td class="not_printable sorting_1">poissons &amp; fruits de mer</td><td><img style="width:50%;" src="/media/images/logos/marchands/12.png" alt="Richelieu"></td><td><span itemprop="price">9,99 $</span><span itemprop="eligibleQuantity" itemscope="" itemtype="http://schema.org/QuantitativeValue">/<span itemprop="unitText">700g</span></span></td><td>1,43 $/100g</td><td style="display: none;">2020-02-26</td><td style="display: none;"></td><td style="display: none;">marque maison</td><td style="display: none;"></td><td style="display: none;"></td><td style="display: none;"></td><td style="display: none;"></td><td style="display: none;"></td><td style="display: none;"><a class="recipeLink" href="/recipe_ingredient_search_results.php?query=(_QU5E__1__________638__[]_1_1)&amp;sos_l=fr">Recettes avec goberge (imitation de chair de crabe)</a></td></tr><tr role="row" class="odd"><td tabindex="0"><i class="fa fa-thumbs-up"></i><i class="fa fa-thumbs-up"></i></td><td class=" not_printable"><div class="addToGL" data-soscuisine-aisle="7" data-soscuisine-sip="3937517"><i class="fa fa-cart-plus" title="Ajouter à ma liste d'épicerie"></i><div></div></div></td><td><img class="storeItemImage" itemprop="image" alt="goberge, filets" src="/media/images/store_item/703.jpg"></td><td>goberge, filets</td><td class="not_printable sorting_1">poissons &amp; fruits de mer</td><td><img style="width:50%;" src="/media/images/logos/marchands/6.png" alt="Maxi"></td><td><span itemprop="price">2,00 $</span><span itemprop="eligibleQuantity" itemscope="" itemtype="http://schema.org/QuantitativeValue">/<span itemprop="unitText">400g</span></span></td><td>5,00 $/kg</td><td style="display: none;">2020-02-26</td><td style="display: none;"></td><td style="display: none;">Anchor's Bay</td><td style="display: none;"></td><td style="display: none;"></td><td style="display: none;"></td><td style="display: none;">surgelé</td><td style="display: none;"></td><td style="display: none;"><a class="recipeLink" href="/recipe_ingredient_search_results.php?query=(_QU5E__1__________703__[]_1_1)&amp;sos_l=fr">Recettes avec goberge, filets</a></td></tr><tr role="row" class="even"><td tabindex="0"><i class="fa fa-thumbs-up"></i><i class="fa fa-thumbs-up"></i></td><td class=" not_printable"><div class="addToGL" data-soscuisine-aisle="7" data-soscuisine-sip="3940887"><i class="fa fa-cart-plus" title="Ajouter à ma liste d'épicerie"></i><div></div></div></td><td><img class="storeItemImage" itemprop="image" alt="huîtres" src="/media/images/store_item/5.jpg"></td><td>huîtres</td><td class="not_printable sorting_1">poissons &amp; fruits de mer</td><td><img style="width:50%;" src="/media/images/logos/marchands/12.png" alt="Richelieu"></td><td><span itemprop="price">4,99 $</span><span itemprop="eligibleQuantity" itemscope="" itemtype="http://schema.org/QuantitativeValue">/<span itemprop="unitText">douzaine</span></span></td><td>8,32 $/kg</td><td style="display: none;">2020-02-26</td><td style="display: none;"></td><td style="display: none;"></td><td style="display: none;">standard</td><td style="display: none;">Malpèque standard</td><td style="display: none;"></td><td style="display: none;"></td><td style="display: none;"></td><td style="display: none;"><a class="recipeLink" href="/recipe_ingredient_search_results.php?query=(_QU5E__1__________5__[]_1_1)&amp;sos_l=fr">Recettes avec huîtres</a></td></tr><tr role="row" class="odd"><td tabindex="0"><i class="fa fa-thumbs-up"></i><i class="fa fa-thumbs-up"></i></td><td class=" not_printable"><div class="addToGL" data-soscuisine-aisle="7" data-soscuisine-sip="3939007"><i class="fa fa-cart-plus" title="Ajouter à ma liste d'épicerie"></i><div></div></div></td><td><img class="storeItemImage" alt="maquereaux, entiers" src="/media/images/store_item/blank.jpg"></td><td>maquereaux, entiers</td><td class="not_printable sorting_1">poissons &amp; fruits de mer</td><td><img style="width:50%;" src="/media/images/logos/marchands/64.png" alt="Mourelatos"></td><td><span itemprop="price">2,59 $</span><span itemprop="eligibleQuantity" itemscope="" itemtype="http://schema.org/QuantitativeValue">/<span itemprop="unitText">lb</span></span></td><td>5,71 $/kg</td><td style="display: none;">2020-02-25</td><td style="display: none;"></td><td style="display: none;"></td><td style="display: none;"></td><td style="display: none;"></td><td style="display: none;"></td><td style="display: none;"></td><td style="display: none;"></td><td style="display: none;"><a class="recipeLink" href="/recipe_ingredient_search_results.php?query=(_QU5E__1__________183__[]_1_1)&amp;sos_l=fr">Recettes avec maquereaux, entiers</a></td></tr><tr role="row" class="even"><td tabindex="0"><i class="fa fa-thumbs-up"></i></td><td class=" not_printable"><div class="addToGL" data-soscuisine-aisle="7" data-soscuisine-sip="3935981"><i class="fa fa-cart-plus" title="Ajouter à ma liste d'épicerie"></i><div></div></div></td><td><img class="storeItemImage" alt="merlan, entier" src="/media/images/store_item/blank.jpg"></td><td>merlan, entier</td><td class="not_printable sorting_1">poissons &amp; fruits de mer</td><td><img style="width:50%;" src="/media/images/logos/marchands/62.png" alt="Supermarché PA"></td><td><span itemprop="price">2,49 $</span><span itemprop="eligibleQuantity" itemscope="" itemtype="http://schema.org/QuantitativeValue">/<span itemprop="unitText">lb</span></span></td><td>5,49 $/kg</td><td style="display: none;">2020-02-23</td><td style="display: none;"></td><td style="display: none;"></td><td style="display: none;"></td><td style="display: none;"></td><td style="display: none;"></td><td style="display: none;">frais</td><td style="display: none;"></td><td style="display: none;"></td></tr><tr role="row" class="odd"><td tabindex="0"><i class="fas fa-hand-rock"></i></td><td class=" not_printable"><div class="addToGL" data-soscuisine-aisle="7" data-soscuisine-sip="3935983"><i class="fa fa-cart-plus" title="Ajouter à ma liste d'épicerie"></i><div></div></div></td><td><img class="storeItemImage" alt="merlan, entier" src="/media/images/store_item/blank.jpg"></td><td>merlan, entier</td><td class="not_printable sorting_1">poissons &amp; fruits de mer</td><td><img style="width:50%;" src="/media/images/logos/marchands/62.png" alt="Supermarché PA"></td><td><span itemprop="price">3,49 $</span><span itemprop="eligibleQuantity" itemscope="" itemtype="http://schema.org/QuantitativeValue">/<span itemprop="unitText">lb</span></span></td><td>7,69 $/kg</td><td style="display: none;">2020-02-23</td><td style="display: none;"></td><td style="display: none;"></td><td style="display: none;"></td><td style="display: none;"></td><td style="display: none;"></td><td style="display: none;">frais, nettoyé</td><td style="display: none;"></td><td style="display: none;"></td></tr><tr role="row" class="even"><td tabindex="0"><i class="fa fa-thumbs-up"></i></td><td class=" not_printable"><div class="addToGL" data-soscuisine-aisle="7" data-soscuisine-sip="3939563"><i class="fa fa-cart-plus" title="Ajouter à ma liste d'épicerie"></i><div></div></div></td><td><img class="storeItemImage" itemprop="image" alt="morue, filet" src="/media/images/store_item/172.jpg"></td><td>morue, filet</td><td class="not_printable sorting_1">poissons &amp; fruits de mer</td><td><img style="width:50%;" src="/media/images/logos/marchands/10.png" alt="Bonichoix "></td><td><span itemprop="price">6,49 $</span><span itemprop="eligibleQuantity" itemscope="" itemtype="http://schema.org/QuantitativeValue">/<span itemprop="unitText">400g</span></span></td><td>16,22 $/kg</td><td style="display: none;">2020-02-26</td><td style="display: none;"></td><td style="display: none;">marque maison</td><td style="display: none;"></td><td style="display: none;"></td><td style="display: none;">sauvage</td><td style="display: none;">surgelé</td><td style="display: none;"></td><td style="display: none;"><a class="recipeLink" href="/recipe_ingredient_search_results.php?query=(_QU5E__1__________172__[]_1_1)&amp;sos_l=fr">Recettes avec morue, filet</a></td></tr><tr role="row" class="odd"><td tabindex="0"><i class="fas fa-hand-rock"></i></td><td class=" not_printable"><div class="addToGL" data-soscuisine-aisle="7" data-soscuisine-sip="3939565"><i class="fa fa-cart-plus" title="Ajouter à ma liste d'épicerie"></i><div></div></div></td><td><img class="storeItemImage" itemprop="image" alt="morue, filet" src="/media/images/store_item/172.jpg"></td><td>morue, filet</td><td class="not_printable sorting_1">poissons &amp; fruits de mer</td><td><img style="width:50%;" src="/media/images/logos/marchands/10.png" alt="Bonichoix "></td><td><span itemprop="price">9,99 $</span><span itemprop="eligibleQuantity" itemscope="" itemtype="http://schema.org/QuantitativeValue">/<span itemprop="unitText">lb</span></span></td><td>22,02 $/kg</td><td style="display: none;">2020-02-26</td><td style="display: none;"></td><td style="display: none;"></td><td style="display: none;"></td><td style="display: none;"></td><td style="display: none;"></td><td style="display: none;">frais ou décongelé</td><td style="display: none;"></td><td style="display: none;"><a class="recipeLink" href="/recipe_ingredient_search_results.php?query=(_QU5E__1__________172__[]_1_1)&amp;sos_l=fr">Recettes avec morue, filet</a></td></tr><tr role="row" class="even"><td tabindex="0"><i class="fa fa-thumbs-up"></i><i class="fa fa-thumbs-up"></i></td><td class=" not_printable"><div class="addToGL" data-soscuisine-aisle="7" data-soscuisine-sip="3939413"><i class="fa fa-cart-plus" title="Ajouter à ma liste d'épicerie"></i><div></div></div></td><td><img class="storeItemImage" itemprop="image" alt="morue, filet" src="/media/images/store_item/172.jpg"></td><td>morue, filet</td><td class="not_printable sorting_1">poissons &amp; fruits de mer</td><td><img style="width:50%;" src="/media/images/logos/marchands/3.png" alt="IGA"></td><td><span itemprop="price">5,99 $</span><span itemprop="eligibleQuantity" itemscope="" itemtype="http://schema.org/QuantitativeValue">/<span itemprop="unitText">400g</span></span></td><td>14,97 $/kg</td><td style="display: none;">2020-02-26</td><td style="display: none;"></td><td style="display: none;">marque maison</td><td style="display: none;"></td><td style="display: none;"></td><td style="display: none;">sauvage</td><td style="display: none;">surgelé</td><td style="display: none;"></td><td style="display: none;"><a class="recipeLink" href="/recipe_ingredient_search_results.php?query=(_QU5E__1__________172__[]_1_1)&amp;sos_l=fr">Recettes avec morue, filet</a></td></tr><tr role="row" class="odd"><td tabindex="0"><i class="fas fa-hand-rock"></i></td><td class=" not_printable"><div class="addToGL" data-soscuisine-aisle="7" data-soscuisine-sip="3939397"><i class="fa fa-cart-plus" title="Ajouter à ma liste d'épicerie"></i><div></div></div></td><td><img class="storeItemImage" itemprop="image" alt="morue, filet" src="/media/images/store_item/172.jpg"></td><td>morue, filet</td><td class="not_printable sorting_1">poissons &amp; fruits de mer</td><td><img style="width:50%;" src="/media/images/logos/marchands/3.png" alt="IGA"></td><td><span itemprop="price">9,99 $</span><span itemprop="eligibleQuantity" itemscope="" itemtype="http://schema.org/QuantitativeValue">/<span itemprop="unitText">lb</span></span></td><td>22,02 $/kg</td><td style="display: none;">2020-02-26</td><td style="display: none;"></td><td style="display: none;"></td><td style="display: none;"></td><td style="display: none;"></td><td style="display: none;">Ocean Wise</td><td style="display: none;"></td><td style="display: none;"></td><td style="display: none;"><a class="recipeLink" href="/recipe_ingredient_search_results.php?query=(_QU5E__1__________172__[]_1_1)&amp;sos_l=fr">Recettes avec morue, filet</a></td></tr><tr role="row" class="even"><td tabindex="0"><i class="fa fa-thumbs-up"></i><i class="fa fa-thumbs-up"></i></td><td class=" not_printable"><div class="addToGL" data-soscuisine-aisle="7" data-soscuisine-sip="3938687"><i class="fa fa-cart-plus" title="Ajouter à ma liste d'épicerie"></i><div></div></div></td><td><img class="storeItemImage" itemprop="image" alt="morue, filet" src="/media/images/store_item/172.jpg"></td><td>morue, filet</td><td class="not_printable sorting_1">poissons &amp; fruits de mer</td><td><img style="width:50%;" src="/media/images/logos/marchands/69.png" alt="Intermarché (Provincial)"></td><td><span itemprop="price">4,99 $</span><span itemprop="eligibleQuantity" itemscope="" itemtype="http://schema.org/QuantitativeValue">/<span itemprop="unitText">400g</span></span></td><td>12,47 $/kg</td><td style="display: none;">2020-02-26</td><td style="display: none;"></td><td style="display: none;">SeaQuest</td><td style="display: none;"></td><td style="display: none;"></td><td style="display: none;"></td><td style="display: none;">surgelé</td><td style="display: none;"></td><td style="display: none;"><a class="recipeLink" href="/recipe_ingredient_search_results.php?query=(_QU5E__1__________172__[]_1_1)&amp;sos_l=fr">Recettes avec morue, filet</a></td></tr><tr role="row" class="odd"><td tabindex="0"><i class="fa fa-thumbs-up"></i><i class="fa fa-thumbs-up"></i></td><td class=" not_printable"><div class="addToGL" data-soscuisine-aisle="7" data-soscuisine-sip="3938173"><i class="fa fa-cart-plus" title="Ajouter à ma liste d'épicerie"></i><div></div></div></td><td><img class="storeItemImage" itemprop="image" alt="morue, filet" src="/media/images/store_item/172.jpg"></td><td>morue, filet</td><td class="not_printable sorting_1">poissons &amp; fruits de mer</td><td><img style="width:50%;" src="/media/images/logos/marchands/7.png" alt="Intermarché (Saveurs intl.)"></td><td><span itemprop="price">4,99 $</span><span itemprop="eligibleQuantity" itemscope="" itemtype="http://schema.org/QuantitativeValue">/<span itemprop="unitText">400g</span></span></td><td>12,47 $/kg</td><td style="display: none;">2020-02-26</td><td style="display: none;"></td><td style="display: none;">SeaQuest</td><td style="display: none;"></td><td style="display: none;"></td><td style="display: none;"></td><td style="display: none;">surgelé</td><td style="display: none;"></td><td style="display: none;"><a class="recipeLink" href="/recipe_ingredient_search_results.php?query=(_QU5E__1__________172__[]_1_1)&amp;sos_l=fr">Recettes avec morue, filet</a></td></tr><tr role="row" class="even"><td tabindex="0"><i class="fa fa-thumbs-up"></i><i class="fa fa-thumbs-up"></i></td><td class=" not_printable"><div class="addToGL" data-soscuisine-aisle="7" data-soscuisine-sip="3938015"><i class="fa fa-cart-plus" title="Ajouter à ma liste d'épicerie"></i><div></div></div></td><td><img class="storeItemImage" itemprop="image" alt="morue, filet" src="/media/images/store_item/172.jpg"></td><td>morue, filet</td><td class="not_printable sorting_1">poissons &amp; fruits de mer</td><td><img style="width:50%;" src="/media/images/logos/marchands/2.png" alt="Provigo"></td><td><span itemprop="price">5,44 $</span><span itemprop="eligibleQuantity" itemscope="" itemtype="http://schema.org/QuantitativeValue">/<span itemprop="unitText">400g</span></span></td><td>13,60 $/kg</td><td style="display: none;">2020-02-26</td><td style="display: none;"></td><td style="display: none;">SeaQuest</td><td style="display: none;"></td><td style="display: none;"></td><td style="display: none;"></td><td style="display: none;">surgelé</td><td style="display: none;"></td><td style="display: none;"><a class="recipeLink" href="/recipe_ingredient_search_results.php?query=(_QU5E__1__________172__[]_1_1)&amp;sos_l=fr">Recettes avec morue, filet</a></td></tr><tr role="row" class="odd"><td tabindex="0"><i class="fas fa-hand-rock"></i></td><td class=" not_printable"><div class="addToGL" data-soscuisine-aisle="7" data-soscuisine-sip="3938237"><i class="fa fa-cart-plus" title="Ajouter à ma liste d'épicerie"></i><div></div></div></td><td><img class="storeItemImage" itemprop="image" alt="morue, filet" src="/media/images/store_item/172.jpg"></td><td>morue, filet</td><td class="not_printable sorting_1">poissons &amp; fruits de mer</td><td><img style="width:50%;" src="/media/images/logos/marchands/2.png" alt="Provigo"></td><td><span itemprop="price">10,99 $</span><span itemprop="eligibleQuantity" itemscope="" itemtype="http://schema.org/QuantitativeValue">/<span itemprop="unitText">lb</span></span></td><td>24,23 $/kg</td><td style="display: none;">2020-02-26</td><td style="display: none;"></td><td style="display: none;"></td><td style="display: none;"></td><td style="display: none;"></td><td style="display: none;"></td><td style="display: none;">décongelé</td><td style="display: none;"></td><td style="display: none;"><a class="recipeLink" href="/recipe_ingredient_search_results.php?query=(_QU5E__1__________172__[]_1_1)&amp;sos_l=fr">Recettes avec morue, filet</a></td></tr><tr role="row" class="even"><td tabindex="0"><i class="fa fa-thumbs-down"></i></td><td class=" not_printable"><div class="addToGL" data-soscuisine-aisle="7" data-soscuisine-sip="3938825"><i class="fa fa-cart-plus" title="Ajouter à ma liste d'épicerie"></i><div></div></div></td><td><img class="storeItemImage" itemprop="image" alt="morue, filet" src="/media/images/store_item/172.jpg"></td><td>morue, filet</td><td class="not_printable sorting_1">poissons &amp; fruits de mer</td><td><img style="width:50%;" src="/media/images/logos/marchands/93.png" alt="Rachelle Béry"></td><td><span itemprop="price">11,99 $</span><span itemprop="eligibleQuantity" itemscope="" itemtype="http://schema.org/QuantitativeValue">/<span itemprop="unitText">340g (12oz)</span></span></td><td>35,26 $/kg</td><td style="display: none;">2020-03-04</td><td style="display: none;">Québec</td><td style="display: none;"></td><td style="display: none;"></td><td style="display: none;"></td><td style="display: none;"></td><td style="display: none;">surgelé</td><td style="display: none;">Fruits De Mer</td><td style="display: none;"><a class="recipeLink" href="/recipe_ingredient_search_results.php?query=(_QU5E__1__________172__[]_1_1)&amp;sos_l=fr">Recettes avec morue, filet</a></td></tr><tr role="row" class="odd"><td tabindex="0"><i class="fas fa-hand-rock"></i></td><td class=" not_printable"><div class="addToGL" data-soscuisine-aisle="7" data-soscuisine-sip="3940615"><i class="fa fa-cart-plus" title="Ajouter à ma liste d'épicerie"></i><div></div></div></td><td><img class="storeItemImage" itemprop="image" alt="morue, filet, frais" src="/media/images/store_item/1034.jpg"></td><td>morue, filet, frais</td><td class="not_printable sorting_1">poissons &amp; fruits de mer</td><td><img style="width:50%;" src="/media/images/logos/marchands/5.png" alt="Super C"></td><td><span itemprop="price">9,99 $</span><span itemprop="eligibleQuantity" itemscope="" itemtype="http://schema.org/QuantitativeValue">/<span itemprop="unitText">lb</span></span></td><td>22,02 $/kg</td><td style="display: none;">2020-02-26</td><td style="display: none;"></td><td style="display: none;"></td><td style="display: none;"></td><td style="display: none;">Pacifique</td><td style="display: none;"></td><td style="display: none;"></td><td style="display: none;"></td><td style="display: none;"><a class="recipeLink" href="/recipe_ingredient_search_results.php?query=(_QU5E__1__________1034__[]_1_1)&amp;sos_l=fr">Recettes avec morue, filet, frais</a></td></tr><tr role="row" class="even"><td tabindex="0"><i class="fa fa-thumbs-up"></i></td><td class=" not_printable"><div class="addToGL" data-soscuisine-aisle="7" data-soscuisine-sip="3935941"><i class="fa fa-cart-plus" title="Ajouter à ma liste d'épicerie"></i><div></div></div></td><td><img class="storeItemImage" itemprop="image" alt="morue, filet, frais" src="/media/images/store_item/1034.jpg"></td><td>morue, filet, frais</td><td class="not_printable sorting_1">poissons &amp; fruits de mer</td><td><img style="width:50%;" src="/media/images/logos/marchands/62.png" alt="Supermarché PA"></td><td><span itemprop="price">6,99 $</span><span itemprop="eligibleQuantity" itemscope="" itemtype="http://schema.org/QuantitativeValue">/<span itemprop="unitText">lb</span></span></td><td>15,41 $/kg</td><td style="display: none;">2020-02-23</td><td style="display: none;"></td><td style="display: none;"></td><td style="display: none;"></td><td style="display: none;"></td><td style="display: none;"></td><td style="display: none;"></td><td style="display: none;"></td><td style="display: none;"><a class="recipeLink" href="/recipe_ingredient_search_results.php?query=(_QU5E__1__________1034__[]_1_1)&amp;sos_l=fr">Recettes avec morue, filet, frais</a></td></tr><tr role="row" class="odd"><td tabindex="0"><i class="fa fa-thumbs-down"></i></td><td class=" not_printable"><div class="addToGL" data-soscuisine-aisle="7" data-soscuisine-sip="3937763"><i class="fa fa-cart-plus" title="Ajouter à ma liste d'épicerie"></i><div></div></div></td><td><img class="storeItemImage" itemprop="image" alt="moules" src="/media/images/store_item/4.jpg"></td><td>moules</td><td class="not_printable sorting_1">poissons &amp; fruits de mer</td><td><img style="width:50%;" src="/media/images/logos/marchands/1.png" alt="Metro"></td><td><span itemprop="price">5,99 $</span><span itemprop="eligibleQuantity" itemscope="" itemtype="http://schema.org/QuantitativeValue">/<span itemprop="unitText">2lb (907g)</span></span></td><td>6,60 $/kg</td><td style="display: none;">2020-02-26</td><td style="display: none;">Île du P.E.</td><td style="display: none;"></td><td style="display: none;"></td><td style="display: none;"></td><td style="display: none;">Bio</td><td style="display: none;">frais</td><td style="display: none;"></td><td style="display: none;"><a class="recipeLink" href="/recipe_ingredient_search_results.php?query=(_QU5E__1__________4__[]_1_1)&amp;sos_l=fr">Recettes avec moules</a></td></tr><tr role="row" class="even"><td tabindex="0"><i class="fas fa-exclamation"></i></td><td class=" not_printable"><div class="addToGL" data-soscuisine-aisle="7" data-soscuisine-sip="3939401"><i class="fa fa-cart-plus" title="Ajouter à ma liste d'épicerie"></i><div></div></div></td><td><img class="storeItemImage" itemprop="image" alt="omble de l'Arctique, chevalier, fontaine, filets" src="/media/images/store_item/615.jpg"></td><td>omble de l'Arctique, chevalier, fontaine, filets</td><td class="not_printable sorting_1">poissons &amp; fruits de mer</td><td><img style="width:50%;" src="/media/images/logos/marchands/3.png" alt="IGA"></td><td><span itemprop="price">14,99 $</span><span itemprop="eligibleQuantity" itemscope="" itemtype="http://schema.org/QuantitativeValue">/<span itemprop="unitText">lb</span></span></td><td>33,05 $/kg</td><td style="display: none;">2020-02-26</td><td style="display: none;"></td><td style="display: none;"></td><td style="display: none;"></td><td style="display: none;"></td><td style="display: none;">Ocean Wise</td><td style="display: none;">frais</td><td style="display: none;"></td><td style="display: none;"><a class="recipeLink" href="/recipe_ingredient_search_results.php?query=(_QU5E__1__________615__[]_1_1)&amp;sos_l=fr">Recettes avec omble de l'Arctique, chevalier, fontaine, filets</a></td></tr><tr role="row" class="odd"><td tabindex="0"><i class="fa fa-thumbs-up"></i><i class="fa fa-thumbs-up"></i></td><td class=" not_printable"><div class="addToGL" data-soscuisine-aisle="7" data-soscuisine-sip="3937513"><i class="fa fa-cart-plus" title="Ajouter à ma liste d'épicerie"></i><div></div></div></td><td><img class="storeItemImage" itemprop="image" alt="pangasius, filet" src="/media/images/store_item/588.jpg"></td><td>pangasius, filet</td><td class="not_printable sorting_1">poissons &amp; fruits de mer</td><td><img style="width:50%;" src="/media/images/logos/marchands/6.png" alt="Maxi"></td><td><span itemprop="price">2,00 $</span><span itemprop="eligibleQuantity" itemscope="" itemtype="http://schema.org/QuantitativeValue">/<span itemprop="unitText">400g</span></span></td><td>5,00 $/kg</td><td style="display: none;">2020-02-26</td><td style="display: none;"></td><td style="display: none;">Anchor's Bay</td><td style="display: none;"></td><td style="display: none;"></td><td style="display: none;"></td><td style="display: none;">surgelé</td><td style="display: none;"></td><td style="display: none;"></td></tr><tr role="row" class="even"><td tabindex="0"><i class="fas fa-hand-rock"></i></td><td class=" not_printable"><div class="addToGL" data-soscuisine-aisle="7" data-soscuisine-sip="3939409"><i class="fa fa-cart-plus" title="Ajouter à ma liste d'épicerie"></i><div></div></div></td><td><img class="storeItemImage" itemprop="image" alt="pétoncles, gros" src="/media/images/store_item/168.jpg"></td><td>pétoncles, gros</td><td class="not_printable sorting_1">poissons &amp; fruits de mer</td><td><img style="width:50%;" src="/media/images/logos/marchands/3.png" alt="IGA"></td><td><span itemprop="price">14,99 $</span><span itemprop="eligibleQuantity" itemscope="" itemtype="http://schema.org/QuantitativeValue">/<span itemprop="unitText">200g</span></span></td><td>74,95 $/kg</td><td style="display: none;">2020-02-26</td><td style="display: none;">Québec</td><td style="display: none;"></td><td style="display: none;">gr.10-20</td><td style="display: none;"></td><td style="display: none;"></td><td style="display: none;"></td><td style="display: none;">Fruits de Mer du Québec</td><td style="display: none;"><a class="recipeLink" href="/recipe_ingredient_search_results.php?query=(_QU5E__1__________168__[]_1_1)&amp;sos_l=fr">Recettes avec pétoncles, gros</a></td></tr><tr role="row" class="odd"><td tabindex="0"><i class="fas fa-hand-rock"></i></td><td class=" not_printable"><div class="addToGL" data-soscuisine-aisle="7" data-soscuisine-sip="3938241"><i class="fa fa-cart-plus" title="Ajouter à ma liste d'épicerie"></i><div></div></div></td><td><img class="storeItemImage" itemprop="image" alt="pétoncles, moyens" src="/media/images/store_item/473.jpg"></td><td>pétoncles, moyens</td><td class="not_printable sorting_1">poissons &amp; fruits de mer</td><td><img style="width:50%;" src="/media/images/logos/marchands/2.png" alt="Provigo"></td><td><span itemprop="price">14,99 $</span><span itemprop="eligibleQuantity" itemscope="" itemtype="http://schema.org/QuantitativeValue">/<span itemprop="unitText">300g</span></span></td><td>49,97 $/kg</td><td style="display: none;">2020-02-26</td><td style="display: none;">Islande</td><td style="display: none;">Marina Del Rey</td><td style="display: none;">gr.30-50</td><td style="display: none;"></td><td style="display: none;">sauvage</td><td style="display: none;">surgelé</td><td style="display: none;"></td><td style="display: none;"><a class="recipeLink" href="/recipe_ingredient_search_results.php?query=(_QU5E__1__________473__[]_1_1)&amp;sos_l=fr">Recettes avec pétoncles, moyens</a></td></tr><tr role="row" class="even"><td tabindex="0"><i class="fa fa-thumbs-down"></i></td><td class=" not_printable"><div class="addToGL" data-soscuisine-aisle="7" data-soscuisine-sip="3939399"><i class="fa fa-cart-plus" title="Ajouter à ma liste d'épicerie"></i><div></div></div></td><td><img class="storeItemImage" itemprop="image" alt="pétoncles, petits" src="/media/images/store_item/772.jpg"></td><td>pétoncles, petits</td><td class="not_printable sorting_1">poissons &amp; fruits de mer</td><td><img style="width:50%;" src="/media/images/logos/marchands/3.png" alt="IGA"></td><td><span itemprop="price">11,99 $</span><span itemprop="eligibleQuantity" itemscope="" itemtype="http://schema.org/QuantitativeValue">/<span itemprop="unitText">340g (12oz)</span></span></td><td>35,26 $/kg</td><td style="display: none;">2020-02-26</td><td style="display: none;">Pérou</td><td style="display: none;"></td><td style="display: none;">gr.40-60</td><td style="display: none;"></td><td style="display: none;"></td><td style="display: none;">surgelé</td><td style="display: none;"></td><td style="display: none;"><a class="recipeLink" href="/recipe_ingredient_search_results.php?query=(_QU5E__1__________772__[]_1_1)&amp;sos_l=fr">Recettes avec pétoncles, petits</a></td></tr><tr role="row" class="odd"><td tabindex="0"><i class="fas fa-hand-rock"></i></td><td class=" not_printable"><div class="addToGL" data-soscuisine-aisle="7" data-soscuisine-sip="3937615"><i class="fa fa-cart-plus" title="Ajouter à ma liste d'épicerie"></i><div></div></div></td><td><img class="storeItemImage" itemprop="image" alt="pétoncles, petits" src="/media/images/store_item/772.jpg"></td><td>pétoncles, petits</td><td class="not_printable sorting_1">poissons &amp; fruits de mer</td><td><img style="width:50%;" src="/media/images/logos/marchands/1.png" alt="Metro"></td><td><span itemprop="price">7,99 $</span><span itemprop="eligibleQuantity" itemscope="" itemtype="http://schema.org/QuantitativeValue">/<span itemprop="unitText">400g</span></span></td><td>19,97 $/kg</td><td style="display: none;">2020-02-26</td><td style="display: none;"></td><td style="display: none;">marque maison</td><td style="display: none;">gr.80-120</td><td style="display: none;"></td><td style="display: none;"></td><td style="display: none;">surgelé</td><td style="display: none;"></td><td style="display: none;"><a class="recipeLink" href="/recipe_ingredient_search_results.php?query=(_QU5E__1__________772__[]_1_1)&amp;sos_l=fr">Recettes avec pétoncles, petits</a></td></tr><tr role="row" class="even"><td tabindex="0"><i class="fas fa-hand-rock"></i></td><td class=" not_printable"><div class="addToGL" data-soscuisine-aisle="7" data-soscuisine-sip="3940633"><i class="fa fa-cart-plus" title="Ajouter à ma liste d'épicerie"></i><div></div></div></td><td><img class="storeItemImage" itemprop="image" alt="pétoncles, petits" src="/media/images/store_item/772.jpg"></td><td>pétoncles, petits</td><td class="not_printable sorting_1">poissons &amp; fruits de mer</td><td><img style="width:50%;" src="/media/images/logos/marchands/5.png" alt="Super C"></td><td><span itemprop="price">15,00 $</span><span itemprop="eligibleQuantity" itemscope="" itemtype="http://schema.org/QuantitativeValue">/<span itemprop="unitText">700g</span></span></td><td>21,43 $/kg</td><td style="display: none;">2020-02-26</td><td style="display: none;"></td><td style="display: none;"></td><td style="display: none;">gr.80-120</td><td style="display: none;"></td><td style="display: none;"></td><td style="display: none;">surgelé</td><td style="display: none;"></td><td style="display: none;"><a class="recipeLink" href="/recipe_ingredient_search_results.php?query=(_QU5E__1__________772__[]_1_1)&amp;sos_l=fr">Recettes avec pétoncles, petits</a></td></tr><tr role="row" class="odd"><td tabindex="0"><i class="fas fa-exclamation"></i></td><td class=" not_printable"><div class="addToGL" data-soscuisine-aisle="7" data-soscuisine-sip="3935947"><i class="fa fa-cart-plus" title="Ajouter à ma liste d'épicerie"></i><div></div></div></td><td><img class="storeItemImage" alt="requin, darnes" src="/media/images/store_item/blank.jpg"></td><td>requin, darnes</td><td class="not_printable sorting_1">poissons &amp; fruits de mer</td><td><img style="width:50%;" src="/media/images/logos/marchands/62.png" alt="Supermarché PA"></td><td><span itemprop="price">5,49 $</span><span itemprop="eligibleQuantity" itemscope="" itemtype="http://schema.org/QuantitativeValue">/<span itemprop="unitText">lb</span></span></td><td>12,10 $/kg</td><td style="display: none;">2020-02-23</td><td style="display: none;"></td><td style="display: none;"></td><td style="display: none;"></td><td style="display: none;"></td><td style="display: none;"></td><td style="display: none;">frais</td><td style="display: none;"></td><td style="display: none;"><a class="recipeLink" href="/recipe_ingredient_search_results.php?query=(_QU5E__1__________612__[]_1_1)&amp;sos_l=fr">Recettes avec requin, darnes</a></td></tr><tr role="row" class="even"><td tabindex="0"><i class="fas fa-hand-rock"></i></td><td class=" not_printable"><div class="addToGL" data-soscuisine-aisle="7" data-soscuisine-sip="3939407"><i class="fa fa-cart-plus" title="Ajouter à ma liste d'épicerie"></i><div></div></div></td><td><img class="storeItemImage" itemprop="image" alt="saumon fumé" src="/media/images/store_item/174.jpg"></td><td>saumon fumé</td><td class="not_printable sorting_1">poissons &amp; fruits de mer</td><td><img style="width:50%;" src="/media/images/logos/marchands/3.png" alt="IGA"></td><td><span itemprop="price">6,99 $</span><span itemprop="eligibleQuantity" itemscope="" itemtype="http://schema.org/QuantitativeValue">/<span itemprop="unitText">113g (4oz)</span></span></td><td>61,86 $/kg</td><td style="display: none;">2020-02-26</td><td style="display: none;">Québec</td><td style="display: none;">Bleumer</td><td style="display: none;"></td><td style="display: none;">arc-en-ciel</td><td style="display: none;"></td><td style="display: none;"></td><td style="display: none;"></td><td style="display: none;"><a class="recipeLink" href="/recipe_ingredient_search_results.php?query=(_QU5E__1__________174__[]_1_1)&amp;sos_l=fr">Recettes avec saumon fumé</a></td></tr><tr role="row" class="odd"><td tabindex="0"><i class="fa fa-thumbs-up"></i><i class="fa fa-thumbs-up"></i></td><td class=" not_printable"><div class="addToGL" data-soscuisine-aisle="7" data-soscuisine-sip="3938619"><i class="fa fa-cart-plus" title="Ajouter à ma liste d'épicerie"></i><div></div></div></td><td><img class="storeItemImage" itemprop="image" alt="saumon fumé" src="/media/images/store_item/174.jpg"></td><td>saumon fumé</td><td class="not_printable sorting_1">poissons &amp; fruits de mer</td><td><img style="width:50%;" src="/media/images/logos/marchands/69.png" alt="Intermarché (Provincial)"></td><td><span itemprop="price">10,00 $</span><span itemprop="eligibleQuantity" itemscope="" itemtype="http://schema.org/QuantitativeValue">/<span itemprop="unitText">255g</span></span></td><td>39,22 $/kg</td><td style="display: none;">2020-02-26</td><td style="display: none;"></td><td style="display: none;"></td><td style="display: none;"></td><td style="display: none;">Sockeye</td><td style="display: none;">sauvage</td><td style="display: none;">surgelé</td><td style="display: none;"></td><td style="display: none;"><a class="recipeLink" href="/recipe_ingredient_search_results.php?query=(_QU5E__1__________174__[]_1_1)&amp;sos_l=fr">Recettes avec saumon fumé</a></td></tr><tr role="row" class="even"><td tabindex="0"><i class="fa fa-thumbs-up"></i><i class="fa fa-thumbs-up"></i></td><td class=" not_printable"><div class="addToGL" data-soscuisine-aisle="7" data-soscuisine-sip="3938157"><i class="fa fa-cart-plus" title="Ajouter à ma liste d'épicerie"></i><div></div></div></td><td><img class="storeItemImage" itemprop="image" alt="saumon fumé" src="/media/images/store_item/174.jpg"></td><td>saumon fumé</td><td class="not_printable sorting_1">poissons &amp; fruits de mer</td><td><img style="width:50%;" src="/media/images/logos/marchands/7.png" alt="Intermarché (Saveurs intl.)"></td><td><span itemprop="price">10,00 $</span><span itemprop="eligibleQuantity" itemscope="" itemtype="http://schema.org/QuantitativeValue">/<span itemprop="unitText">255g</span></span></td><td>39,22 $/kg</td><td style="display: none;">2020-02-26</td><td style="display: none;"></td><td style="display: none;"></td><td style="display: none;"></td><td style="display: none;">Sockeye</td><td style="display: none;">sauvage</td><td style="display: none;">surgelé</td><td style="display: none;"></td><td style="display: none;"><a class="recipeLink" href="/recipe_ingredient_search_results.php?query=(_QU5E__1__________174__[]_1_1)&amp;sos_l=fr">Recettes avec saumon fumé</a></td></tr><tr role="row" class="odd"><td tabindex="0"><i class="fas fa-hand-rock"></i></td><td class=" not_printable"><div class="addToGL" data-soscuisine-aisle="7" data-soscuisine-sip="3937945"><i class="fa fa-cart-plus" title="Ajouter à ma liste d'épicerie"></i><div></div></div></td><td><img class="storeItemImage" itemprop="image" alt="saumon fumé" src="/media/images/store_item/174.jpg"></td><td>saumon fumé</td><td class="not_printable sorting_1">poissons &amp; fruits de mer</td><td><img style="width:50%;" src="/media/images/logos/marchands/1.png" alt="Metro"></td><td><span itemprop="price">17,99 $</span><span itemprop="eligibleQuantity" itemscope="" itemtype="http://schema.org/QuantitativeValue">/<span itemprop="unitText">300g</span></span></td><td>59,97 $/kg</td><td style="display: none;">2020-02-26</td><td style="display: none;"></td><td style="display: none;">marque maison</td><td style="display: none;"></td><td style="display: none;">Atlantique</td><td style="display: none;"></td><td style="display: none;">surgelé</td><td style="display: none;"></td><td style="display: none;"><a class="recipeLink" href="/recipe_ingredient_search_results.php?query=(_QU5E__1__________174__[]_1_1)&amp;sos_l=fr">Recettes avec saumon fumé</a></td></tr><tr role="row" class="even"><td tabindex="0"><i class="fa fa-thumbs-down"></i></td><td class=" not_printable"><div class="addToGL" data-soscuisine-aisle="7" data-soscuisine-sip="3937769"><i class="fa fa-cart-plus" title="Ajouter à ma liste d'épicerie"></i><div></div></div></td><td><img class="storeItemImage" itemprop="image" alt="saumon fumé" src="/media/images/store_item/174.jpg"></td><td>saumon fumé</td><td class="not_printable sorting_1">poissons &amp; fruits de mer</td><td><img style="width:50%;" src="/media/images/logos/marchands/1.png" alt="Metro"></td><td><span itemprop="price">10,99 $</span><span itemprop="eligibleQuantity" itemscope="" itemtype="http://schema.org/QuantitativeValue">/<span itemprop="unitText">100g</span></span></td><td>109,90 $/kg</td><td style="display: none;">2020-02-26</td><td style="display: none;"></td><td style="display: none;">marque maison</td><td style="display: none;"></td><td style="display: none;"></td><td style="display: none;">Bio</td><td style="display: none;"></td><td style="display: none;"></td><td style="display: none;"><a class="recipeLink" href="/recipe_ingredient_search_results.php?query=(_QU5E__1__________174__[]_1_1)&amp;sos_l=fr">Recettes avec saumon fumé</a></td></tr><tr role="row" class="odd"><td tabindex="0"><i class="fas fa-hand-rock"></i></td><td class=" not_printable"><div class="addToGL" data-soscuisine-aisle="7" data-soscuisine-sip="3938243"><i class="fa fa-cart-plus" title="Ajouter à ma liste d'épicerie"></i><div></div></div></td><td><img class="storeItemImage" itemprop="image" alt="saumon fumé" src="/media/images/store_item/174.jpg"></td><td>saumon fumé</td><td class="not_printable sorting_1">poissons &amp; fruits de mer</td><td><img style="width:50%;" src="/media/images/logos/marchands/2.png" alt="Provigo"></td><td><span itemprop="price">15,99 $</span><span itemprop="eligibleQuantity" itemscope="" itemtype="http://schema.org/QuantitativeValue">/<span itemprop="unitText">300g</span></span></td><td>53,30 $/kg</td><td style="display: none;">2020-02-26</td><td style="display: none;"></td><td style="display: none;">marque maison</td><td style="display: none;"></td><td style="display: none;"></td><td style="display: none;"></td><td style="display: none;">surgelé</td><td style="display: none;"></td><td style="display: none;"><a class="recipeLink" href="/recipe_ingredient_search_results.php?query=(_QU5E__1__________174__[]_1_1)&amp;sos_l=fr">Recettes avec saumon fumé</a></td></tr><tr role="row" class="even"><td tabindex="0"><i class="fa fa-thumbs-down"></i></td><td class=" not_printable"><div class="addToGL" data-soscuisine-aisle="7" data-soscuisine-sip="3940727"><i class="fa fa-cart-plus" title="Ajouter à ma liste d'épicerie"></i><div></div></div></td><td><img class="storeItemImage" itemprop="image" alt="saumon fumé" src="/media/images/store_item/174.jpg"></td><td>saumon fumé</td><td class="not_printable sorting_1">poissons &amp; fruits de mer</td><td><img style="width:50%;" src="/media/images/logos/marchands/11.png" alt="Tradition"></td><td><span itemprop="price">9,49 $</span><span itemprop="eligibleQuantity" itemscope="" itemtype="http://schema.org/QuantitativeValue">/<span itemprop="unitText">120g</span></span></td><td>79,08 $/kg</td><td style="display: none;">2020-02-26</td><td style="display: none;"></td><td style="display: none;">Grizzly</td><td style="display: none;"></td><td style="display: none;">Coho</td><td style="display: none;"></td><td style="display: none;"></td><td style="display: none;"></td><td style="display: none;"><a class="recipeLink" href="/recipe_ingredient_search_results.php?query=(_QU5E__1__________174__[]_1_1)&amp;sos_l=fr">Recettes avec saumon fumé</a></td></tr><tr role="row" class="odd"><td tabindex="0"><i class="fa fa-thumbs-down"></i></td><td class=" not_printable"><div class="addToGL" data-soscuisine-aisle="7" data-soscuisine-sip="3939395"><i class="fa fa-cart-plus" title="Ajouter à ma liste d'épicerie"></i><div></div></div></td><td><img class="storeItemImage" itemprop="image" alt="saumon, filet" src="/media/images/store_item/166.jpg"></td><td>saumon, filet</td><td class="not_printable sorting_1">poissons &amp; fruits de mer</td><td><img style="width:50%;" src="/media/images/logos/marchands/3.png" alt="IGA"></td><td><span itemprop="price">12,99 $</span><span itemprop="eligibleQuantity" itemscope="" itemtype="http://schema.org/QuantitativeValue">/<span itemprop="unitText">lb</span></span></td><td>28,64 $/kg</td><td style="display: none;">2020-02-26</td><td style="display: none;"></td><td style="display: none;"></td><td style="display: none;"></td><td style="display: none;"></td><td style="display: none;"></td><td style="display: none;"></td><td style="display: none;"></td><td style="display: none;"><a class="recipeLink" href="/recipe_ingredient_search_results.php?query=(_QU5E__1__________166__[]_1_1)&amp;sos_l=fr">Recettes avec saumon, filet</a></td></tr><tr role="row" class="even"><td tabindex="0"><i class="fa fa-thumbs-down"></i></td><td class=" not_printable"><div class="addToGL" data-soscuisine-aisle="7" data-soscuisine-sip="3937761"><i class="fa fa-cart-plus" title="Ajouter à ma liste d'épicerie"></i><div></div></div></td><td><img class="storeItemImage" itemprop="image" alt="saumon, filet" src="/media/images/store_item/166.jpg"></td><td>saumon, filet</td><td class="not_printable sorting_1">poissons &amp; fruits de mer</td><td><img style="width:50%;" src="/media/images/logos/marchands/1.png" alt="Metro"></td><td><span itemprop="price">14,99 $</span><span itemprop="eligibleQuantity" itemscope="" itemtype="http://schema.org/QuantitativeValue">/<span itemprop="unitText">227g (8oz)</span></span></td><td>66,04 $/kg</td><td style="display: none;">2020-02-26</td><td style="display: none;"></td><td style="display: none;">Dom</td><td style="display: none;"></td><td style="display: none;">Atlantique</td><td style="display: none;">Bio</td><td style="display: none;"></td><td style="display: none;"></td><td style="display: none;"><a class="recipeLink" href="/recipe_ingredient_search_results.php?query=(_QU5E__1__________166__[]_1_1)&amp;sos_l=fr">Recettes avec saumon, filet</a></td></tr><tr role="row" class="odd"><td tabindex="0"><i class="fas fa-hand-rock"></i></td><td class=" not_printable"><div class="addToGL" data-soscuisine-aisle="7" data-soscuisine-sip="3938997"><i class="fa fa-cart-plus" title="Ajouter à ma liste d'épicerie"></i><div></div></div></td><td><img class="storeItemImage" itemprop="image" alt="saumon, filet" src="/media/images/store_item/166.jpg"></td><td>saumon, filet</td><td class="not_printable sorting_1">poissons &amp; fruits de mer</td><td><img style="width:50%;" src="/media/images/logos/marchands/64.png" alt="Mourelatos"></td><td><span itemprop="price">8,99 $</span><span itemprop="eligibleQuantity" itemscope="" itemtype="http://schema.org/QuantitativeValue">/<span itemprop="unitText">lb</span></span></td><td>19,82 $/kg</td><td style="display: none;">2020-02-25</td><td style="display: none;"></td><td style="display: none;"></td><td style="display: none;"></td><td style="display: none;"></td><td style="display: none;"></td><td style="display: none;"></td><td style="display: none;"></td><td style="display: none;"><a class="recipeLink" href="/recipe_ingredient_search_results.php?query=(_QU5E__1__________166__[]_1_1)&amp;sos_l=fr">Recettes avec saumon, filet</a></td></tr><tr role="row" class="even"><td tabindex="0"><i class="fa fa-thumbs-down"></i></td><td class=" not_printable"><div class="addToGL" data-soscuisine-aisle="7" data-soscuisine-sip="3938815"><i class="fa fa-cart-plus" title="Ajouter à ma liste d'épicerie"></i><div></div></div></td><td><img class="storeItemImage" itemprop="image" alt="saumon, filet" src="/media/images/store_item/166.jpg"></td><td>saumon, filet</td><td class="not_printable sorting_1">poissons &amp; fruits de mer</td><td><img style="width:50%;" src="/media/images/logos/marchands/93.png" alt="Rachelle Béry"></td><td><span itemprop="price">14,99 $</span><span itemprop="eligibleQuantity" itemscope="" itemtype="http://schema.org/QuantitativeValue">/<span itemprop="unitText">454g (1lb)</span></span></td><td>33,05 $/kg</td><td style="display: none;">2020-03-04</td><td style="display: none;"></td><td style="display: none;">Simply West Coast</td><td style="display: none;"></td><td style="display: none;">Sockeye</td><td style="display: none;">sauvage</td><td style="display: none;">surgelé</td><td style="display: none;">Ocean Wise</td><td style="display: none;"><a class="recipeLink" href="/recipe_ingredient_search_results.php?query=(_QU5E__1__________166__[]_1_1)&amp;sos_l=fr">Recettes avec saumon, filet</a></td></tr><tr role="row" class="odd"><td tabindex="0"><i class="fa fa-thumbs-down"></i></td><td class=" not_printable"><div class="addToGL" data-soscuisine-aisle="7" data-soscuisine-sip="3938681"><i class="fa fa-cart-plus" title="Ajouter à ma liste d'épicerie"></i><div></div></div></td><td><img class="storeItemImage" itemprop="image" alt="saumon, filet, frais" src="/media/images/store_item/1032.jpg"></td><td>saumon, filet, frais</td><td class="not_printable sorting_1">poissons &amp; fruits de mer</td><td><img style="width:50%;" src="/media/images/logos/marchands/69.png" alt="Intermarché (Provincial)"></td><td><span itemprop="price">12,99 $</span><span itemprop="eligibleQuantity" itemscope="" itemtype="http://schema.org/QuantitativeValue">/<span itemprop="unitText">lb</span></span></td><td>28,64 $/kg</td><td style="display: none;">2020-02-26</td><td style="display: none;"></td><td style="display: none;"></td><td style="display: none;"></td><td style="display: none;">Atlantique</td><td style="display: none;"></td><td style="display: none;"></td><td style="display: none;"></td><td style="display: none;"><a class="recipeLink" href="/recipe_ingredient_search_results.php?query=(_QU5E__1__________1032__[]_1_1)&amp;sos_l=fr">Recettes avec saumon, filet, frais</a></td></tr><tr role="row" class="even"><td tabindex="0"><i class="fa fa-thumbs-down"></i></td><td class=" not_printable"><div class="addToGL" data-soscuisine-aisle="7" data-soscuisine-sip="3938165"><i class="fa fa-cart-plus" title="Ajouter à ma liste d'épicerie"></i><div></div></div></td><td><img class="storeItemImage" itemprop="image" alt="saumon, filet, frais" src="/media/images/store_item/1032.jpg"></td><td>saumon, filet, frais</td><td class="not_printable sorting_1">poissons &amp; fruits de mer</td><td><img style="width:50%;" src="/media/images/logos/marchands/7.png" alt="Intermarché (Saveurs intl.)"></td><td><span itemprop="price">12,99 $</span><span itemprop="eligibleQuantity" itemscope="" itemtype="http://schema.org/QuantitativeValue">/<span itemprop="unitText">lb</span></span></td><td>28,64 $/kg</td><td style="display: none;">2020-02-26</td><td style="display: none;"></td><td style="display: none;"></td><td style="display: none;"></td><td style="display: none;">Atlantique</td><td style="display: none;"></td><td style="display: none;"></td><td style="display: none;"></td><td style="display: none;"><a class="recipeLink" href="/recipe_ingredient_search_results.php?query=(_QU5E__1__________1032__[]_1_1)&amp;sos_l=fr">Recettes avec saumon, filet, frais</a></td></tr><tr role="row" class="odd"><td tabindex="0"><i class="fas fa-hand-rock"></i></td><td class=" not_printable"><div class="addToGL" data-soscuisine-aisle="7" data-soscuisine-sip="3938235"><i class="fa fa-cart-plus" title="Ajouter à ma liste d'épicerie"></i><div></div></div></td><td><img class="storeItemImage" itemprop="image" alt="saumon, filet, frais" src="/media/images/store_item/1032.jpg"></td><td>saumon, filet, frais</td><td class="not_printable sorting_1">poissons &amp; fruits de mer</td><td><img style="width:50%;" src="/media/images/logos/marchands/2.png" alt="Provigo"></td><td><span itemprop="price">9,99 $</span><span itemprop="eligibleQuantity" itemscope="" itemtype="http://schema.org/QuantitativeValue">/<span itemprop="unitText">lb</span></span></td><td>22,02 $/kg</td><td style="display: none;">2020-02-26</td><td style="display: none;"></td><td style="display: none;"></td><td style="display: none;"></td><td style="display: none;">Atlantique</td><td style="display: none;"></td><td style="display: none;">grand format</td><td style="display: none;"></td><td style="display: none;"><a class="recipeLink" href="/recipe_ingredient_search_results.php?query=(_QU5E__1__________1032__[]_1_1)&amp;sos_l=fr">Recettes avec saumon, filet, frais</a></td></tr><tr role="row" class="even"><td tabindex="0"><i class="fa fa-thumbs-down"></i></td><td class=" not_printable"><div class="addToGL" data-soscuisine-aisle="7" data-soscuisine-sip="3940891"><i class="fa fa-cart-plus" title="Ajouter à ma liste d'épicerie"></i><div></div></div></td><td><img class="storeItemImage" itemprop="image" alt="saumon, filet, frais" src="/media/images/store_item/1032.jpg"></td><td>saumon, filet, frais</td><td class="not_printable sorting_1">poissons &amp; fruits de mer</td><td><img style="width:50%;" src="/media/images/logos/marchands/12.png" alt="Richelieu"></td><td><span itemprop="price">4,49 $</span><span itemprop="eligibleQuantity" itemscope="" itemtype="http://schema.org/QuantitativeValue">/<span itemprop="unitText">113g (4oz)</span></span></td><td>39,73 $/kg</td><td style="display: none;">2020-02-26</td><td style="display: none;">Canada</td><td style="display: none;"></td><td style="display: none;"></td><td style="display: none;"></td><td style="display: none;"></td><td style="display: none;"></td><td style="display: none;"></td><td style="display: none;"><a class="recipeLink" href="/recipe_ingredient_search_results.php?query=(_QU5E__1__________1032__[]_1_1)&amp;sos_l=fr">Recettes avec saumon, filet, frais</a></td></tr><tr role="row" class="odd"><td tabindex="0"><i class="fas fa-hand-rock"></i></td><td class=" not_printable"><div class="addToGL" data-soscuisine-aisle="7" data-soscuisine-sip="3940619"><i class="fa fa-cart-plus" title="Ajouter à ma liste d'épicerie"></i><div></div></div></td><td><img class="storeItemImage" itemprop="image" alt="saumon, filet, frais" src="/media/images/store_item/1032.jpg"></td><td>saumon, filet, frais</td><td class="not_printable sorting_1">poissons &amp; fruits de mer</td><td><img style="width:50%;" src="/media/images/logos/marchands/5.png" alt="Super C"></td><td><span itemprop="price">11,99 $</span><span itemprop="eligibleQuantity" itemscope="" itemtype="http://schema.org/QuantitativeValue">/<span itemprop="unitText">lb</span></span></td><td>26,43 $/kg</td><td style="display: none;">2020-02-26</td><td style="display: none;"></td><td style="display: none;"></td><td style="display: none;"></td><td style="display: none;">Atlantique</td><td style="display: none;"></td><td style="display: none;">grand format</td><td style="display: none;"></td><td style="display: none;"><a class="recipeLink" href="/recipe_ingredient_search_results.php?query=(_QU5E__1__________1032__[]_1_1)&amp;sos_l=fr">Recettes avec saumon, filet, frais</a></td></tr><tr role="row" class="even"><td tabindex="0"><i class="fas fa-hand-rock"></i></td><td class=" not_printable"><div class="addToGL" data-soscuisine-aisle="7" data-soscuisine-sip="3940735"><i class="fa fa-cart-plus" title="Ajouter à ma liste d'épicerie"></i><div></div></div></td><td><img class="storeItemImage" itemprop="image" alt="saumon, filet, frais" src="/media/images/store_item/1032.jpg"></td><td>saumon, filet, frais</td><td class="not_printable sorting_1">poissons &amp; fruits de mer</td><td><img style="width:50%;" src="/media/images/logos/marchands/11.png" alt="Tradition"></td><td><span itemprop="price">11,99 $</span><span itemprop="eligibleQuantity" itemscope="" itemtype="http://schema.org/QuantitativeValue">/<span itemprop="unitText">lb</span></span></td><td>26,43 $/kg</td><td style="display: none;">2020-02-26</td><td style="display: none;"></td><td style="display: none;"></td><td style="display: none;"></td><td style="display: none;">Atlantique</td><td style="display: none;"></td><td style="display: none;"></td><td style="display: none;"></td><td style="display: none;"><a class="recipeLink" href="/recipe_ingredient_search_results.php?query=(_QU5E__1__________1032__[]_1_1)&amp;sos_l=fr">Recettes avec saumon, filet, frais</a></td></tr><tr role="row" class="odd"><td tabindex="0"><i class="fa fa-thumbs-up"></i><i class="fa fa-thumbs-up"></i></td><td class=" not_printable"><div class="addToGL" data-soscuisine-aisle="7" data-soscuisine-sip="3938693"><i class="fa fa-cart-plus" title="Ajouter à ma liste d'épicerie"></i><div></div></div></td><td><img class="storeItemImage" itemprop="image" alt="sole, filets" src="/media/images/store_item/339.jpg"></td><td>sole, filets</td><td class="not_printable sorting_1">poissons &amp; fruits de mer</td><td><img style="width:50%;" src="/media/images/logos/marchands/69.png" alt="Intermarché (Provincial)"></td><td><span itemprop="price">4,99 $</span><span itemprop="eligibleQuantity" itemscope="" itemtype="http://schema.org/QuantitativeValue">/<span itemprop="unitText">400g</span></span></td><td>12,47 $/kg</td><td style="display: none;">2020-02-26</td><td style="display: none;"></td><td style="display: none;">SeaQuest</td><td style="display: none;"></td><td style="display: none;"></td><td style="display: none;"></td><td style="display: none;">surgelé</td><td style="display: none;"></td><td style="display: none;"><a class="recipeLink" href="/recipe_ingredient_search_results.php?query=(_QU5E__1__________339__[]_1_1)&amp;sos_l=fr">Recettes avec sole, filets</a></td></tr><tr role="row" class="even"><td tabindex="0"><i class="fa fa-thumbs-up"></i><i class="fa fa-thumbs-up"></i></td><td class=" not_printable"><div class="addToGL" data-soscuisine-aisle="7" data-soscuisine-sip="3938179"><i class="fa fa-cart-plus" title="Ajouter à ma liste d'épicerie"></i><div></div></div></td><td><img class="storeItemImage" itemprop="image" alt="sole, filets" src="/media/images/store_item/339.jpg"></td><td>sole, filets</td><td class="not_printable sorting_1">poissons &amp; fruits de mer</td><td><img style="width:50%;" src="/media/images/logos/marchands/7.png" alt="Intermarché (Saveurs intl.)"></td><td><span itemprop="price">4,99 $</span><span itemprop="eligibleQuantity" itemscope="" itemtype="http://schema.org/QuantitativeValue">/<span itemprop="unitText">400g</span></span></td><td>12,47 $/kg</td><td style="display: none;">2020-02-26</td><td style="display: none;"></td><td style="display: none;">SeaQuest</td><td style="display: none;"></td><td style="display: none;"></td><td style="display: none;"></td><td style="display: none;">surgelé</td><td style="display: none;"></td><td style="display: none;"><a class="recipeLink" href="/recipe_ingredient_search_results.php?query=(_QU5E__1__________339__[]_1_1)&amp;sos_l=fr">Recettes avec sole, filets</a></td></tr><tr role="row" class="odd"><td tabindex="0"><i class="fa fa-thumbs-up"></i><i class="fa fa-thumbs-up"></i></td><td class=" not_printable"><div class="addToGL" data-soscuisine-aisle="7" data-soscuisine-sip="3940857"><i class="fa fa-cart-plus" title="Ajouter à ma liste d'épicerie"></i><div></div></div></td><td><img class="storeItemImage" itemprop="image" alt="sole, filets" src="/media/images/store_item/339.jpg"></td><td>sole, filets</td><td class="not_printable sorting_1">poissons &amp; fruits de mer</td><td><img style="width:50%;" src="/media/images/logos/marchands/12.png" alt="Richelieu"></td><td><span itemprop="price">4,99 $</span><span itemprop="eligibleQuantity" itemscope="" itemtype="http://schema.org/QuantitativeValue">/<span itemprop="unitText">400g</span></span></td><td>12,47 $/kg</td><td style="display: none;">2020-02-26</td><td style="display: none;"></td><td style="display: none;">High Liner</td><td style="display: none;"></td><td style="display: none;"></td><td style="display: none;"></td><td style="display: none;">surgelé</td><td style="display: none;"></td><td style="display: none;"><a class="recipeLink" href="/recipe_ingredient_search_results.php?query=(_QU5E__1__________339__[]_1_1)&amp;sos_l=fr">Recettes avec sole, filets</a></td></tr><tr role="row" class="even"><td tabindex="0"><i class="fas fa-hand-rock"></i></td><td class=" not_printable"><div class="addToGL" data-soscuisine-aisle="7" data-soscuisine-sip="3940621"><i class="fa fa-cart-plus" title="Ajouter à ma liste d'épicerie"></i><div></div></div></td><td><img class="storeItemImage" itemprop="image" alt="sole, filets" src="/media/images/store_item/339.jpg"></td><td>sole, filets</td><td class="not_printable sorting_1">poissons &amp; fruits de mer</td><td><img style="width:50%;" src="/media/images/logos/marchands/5.png" alt="Super C"></td><td><span itemprop="price">10,00 $</span><span itemprop="eligibleQuantity" itemscope="" itemtype="http://schema.org/QuantitativeValue">/<span itemprop="unitText">800g</span></span></td><td>12,50 $/kg</td><td style="display: none;">2020-02-26</td><td style="display: none;"></td><td style="display: none;"></td><td style="display: none;"></td><td style="display: none;"></td><td style="display: none;"></td><td style="display: none;">surgelé</td><td style="display: none;"></td><td style="display: none;"><a class="recipeLink" href="/recipe_ingredient_search_results.php?query=(_QU5E__1__________339__[]_1_1)&amp;sos_l=fr">Recettes avec sole, filets</a></td></tr><tr role="row" class="odd"><td tabindex="0"><i class="fas fa-hand-rock"></i></td><td class=" not_printable"><div class="addToGL" data-soscuisine-aisle="7" data-soscuisine-sip="3938169"><i class="fa fa-cart-plus" title="Ajouter à ma liste d'épicerie"></i><div></div></div></td><td><img class="storeItemImage" itemprop="image" alt="sole, filets, frais" src="/media/images/store_item/1027.jpg"></td><td>sole, filets, frais</td><td class="not_printable sorting_1">poissons &amp; fruits de mer</td><td><img style="width:50%;" src="/media/images/logos/marchands/7.png" alt="Intermarché (Saveurs intl.)"></td><td><span itemprop="price">7,99 $</span><span itemprop="eligibleQuantity" itemscope="" itemtype="http://schema.org/QuantitativeValue">/<span itemprop="unitText">lb</span></span></td><td>17,62 $/kg</td><td style="display: none;">2020-02-26</td><td style="display: none;"></td><td style="display: none;"></td><td style="display: none;"></td><td style="display: none;"></td><td style="display: none;"></td><td style="display: none;"></td><td style="display: none;"></td><td style="display: none;"><a class="recipeLink" href="/recipe_ingredient_search_results.php?query=(_QU5E__1__________1027__[]_1_1)&amp;sos_l=fr">Recettes avec sole, filets, frais</a></td></tr><tr role="row" class="even"><td tabindex="0"><i class="fa fa-thumbs-down"></i></td><td class=" not_printable"><div class="addToGL" data-soscuisine-aisle="7" data-soscuisine-sip="3937759"><i class="fa fa-cart-plus" title="Ajouter à ma liste d'épicerie"></i><div></div></div></td><td><img class="storeItemImage" alt="thon, darnes" src="/media/images/store_item/blank.jpg"></td><td>thon, darnes</td><td class="not_printable sorting_1">poissons &amp; fruits de mer</td><td><img style="width:50%;" src="/media/images/logos/marchands/1.png" alt="Metro"></td><td><span itemprop="price">12,99 $</span><span itemprop="eligibleQuantity" itemscope="" itemtype="http://schema.org/QuantitativeValue">/<span itemprop="unitText">340g (12oz)</span></span></td><td>38,21 $/kg</td><td style="display: none;">2020-02-26</td><td style="display: none;"></td><td style="display: none;">Sea Delight</td><td style="display: none;"></td><td style="display: none;"></td><td style="display: none;"></td><td style="display: none;">surgelé</td><td style="display: none;"></td><td style="display: none;"><a class="recipeLink" href="/recipe_ingredient_search_results.php?query=(_QU5E__1__________175__[]_1_1)&amp;sos_l=fr">Recettes avec thon, darnes</a></td></tr><tr role="row" class="odd"><td tabindex="0"><i class="fa fa-thumbs-up"></i><i class="fa fa-thumbs-up"></i></td><td class=" not_printable"><div class="addToGL" data-soscuisine-aisle="7" data-soscuisine-sip="3937987"><i class="fa fa-cart-plus" title="Ajouter à ma liste d'épicerie"></i><div></div></div></td><td><img class="storeItemImage" alt="thon, darnes" src="/media/images/store_item/blank.jpg"></td><td>thon, darnes</td><td class="not_printable sorting_1">poissons &amp; fruits de mer</td><td><img style="width:50%;" src="/media/images/logos/marchands/2.png" alt="Provigo"></td><td><span itemprop="price">8,99 $</span><span itemprop="eligibleQuantity" itemscope="" itemtype="http://schema.org/QuantitativeValue">/<span itemprop="unitText">lb</span></span></td><td>19,82 $/kg</td><td style="display: none;">2020-02-26</td><td style="display: none;"></td><td style="display: none;"></td><td style="display: none;"></td><td style="display: none;"></td><td style="display: none;"></td><td style="display: none;">congelé, ou décongelé</td><td style="display: none;"></td><td style="display: none;"><a class="recipeLink" href="/recipe_ingredient_search_results.php?query=(_QU5E__1__________175__[]_1_1)&amp;sos_l=fr">Recettes avec thon, darnes</a></td></tr><tr role="row" class="even"><td tabindex="0"><i class="fas fa-hand-rock"></i></td><td class=" not_printable"><div class="addToGL" data-soscuisine-aisle="7" data-soscuisine-sip="3939105"><i class="fa fa-cart-plus" title="Ajouter à ma liste d'épicerie"></i><div></div></div></td><td><img class="storeItemImage" itemprop="image" alt="tilapia, filets" src="/media/images/store_item/2.jpg"></td><td>tilapia, filets</td><td class="not_printable sorting_1">poissons &amp; fruits de mer</td><td><img style="width:50%;" src="/media/images/logos/marchands/63.png" alt="Marché Adonis"></td><td><span itemprop="price">6,99 $</span><span itemprop="eligibleQuantity" itemscope="" itemtype="http://schema.org/QuantitativeValue">/<span itemprop="unitText">lb</span></span></td><td>15,41 $/kg</td><td style="display: none;">2020-02-26</td><td style="display: none;"></td><td style="display: none;"></td><td style="display: none;"></td><td style="display: none;"></td><td style="display: none;"></td><td style="display: none;"></td><td style="display: none;"></td><td style="display: none;"><a class="recipeLink" href="/recipe_ingredient_search_results.php?query=(_QU5E__1__________2__[]_1_1)&amp;sos_l=fr">Recettes avec tilapia, filets</a></td></tr><tr role="row" class="odd"><td tabindex="0"><i class="fa fa-thumbs-down"></i></td><td class=" not_printable"><div class="addToGL" data-soscuisine-aisle="7" data-soscuisine-sip="3939001"><i class="fa fa-cart-plus" title="Ajouter à ma liste d'épicerie"></i><div></div></div></td><td><img class="storeItemImage" itemprop="image" alt="tilapia, filets" src="/media/images/store_item/2.jpg"></td><td>tilapia, filets</td><td class="not_printable sorting_1">poissons &amp; fruits de mer</td><td><img style="width:50%;" src="/media/images/logos/marchands/64.png" alt="Mourelatos"></td><td><span itemprop="price">7,99 $</span><span itemprop="eligibleQuantity" itemscope="" itemtype="http://schema.org/QuantitativeValue">/<span itemprop="unitText">lb</span></span></td><td>17,62 $/kg</td><td style="display: none;">2020-02-25</td><td style="display: none;"></td><td style="display: none;"></td><td style="display: none;"></td><td style="display: none;"></td><td style="display: none;"></td><td style="display: none;"></td><td style="display: none;"></td><td style="display: none;"><a class="recipeLink" href="/recipe_ingredient_search_results.php?query=(_QU5E__1__________2__[]_1_1)&amp;sos_l=fr">Recettes avec tilapia, filets</a></td></tr><tr role="row" class="even"><td tabindex="0"><i class="fa fa-thumbs-up"></i></td><td class=" not_printable"><div class="addToGL" data-soscuisine-aisle="7" data-soscuisine-sip="3937519"><i class="fa fa-cart-plus" title="Ajouter à ma liste d'épicerie"></i><div></div></div></td><td><img class="storeItemImage" alt="truite saumonée fumée" src="/media/images/store_item/blank.jpg"></td><td>truite saumonée fumée</td><td class="not_printable sorting_1">poissons &amp; fruits de mer</td><td><img style="width:50%;" src="/media/images/logos/marchands/6.png" alt="Maxi"></td><td><span itemprop="price">2,00 $</span><span itemprop="eligibleQuantity" itemscope="" itemtype="http://schema.org/QuantitativeValue">/<span itemprop="unitText">50g</span></span></td><td>40,00 $/kg</td><td style="display: none;">2020-02-26</td><td style="display: none;"></td><td style="display: none;">Dom</td><td style="display: none;"></td><td style="display: none;"></td><td style="display: none;"></td><td style="display: none;">surgelé</td><td style="display: none;"></td><td style="display: none;"><a class="recipeLink" href="/recipe_ingredient_search_results.php?query=(_QU5E__1__________1194__[]_1_1)&amp;sos_l=fr">Recettes avec truite saumonée fumée</a></td></tr><tr role="row" class="odd"><td tabindex="0"><i class="fas fa-hand-rock"></i></td><td class=" not_printable"><div class="addToGL" data-soscuisine-aisle="7" data-soscuisine-sip="3940401"><i class="fa fa-cart-plus" title="Ajouter à ma liste d'épicerie"></i><div></div></div></td><td><img class="storeItemImage" alt="truite saumonée fumée" src="/media/images/store_item/blank.jpg"></td><td>truite saumonée fumée</td><td class="not_printable sorting_1">poissons &amp; fruits de mer</td><td><img style="width:50%;" src="/media/images/logos/marchands/5.png" alt="Super C"></td><td><span itemprop="price">2,99 $</span><span itemprop="eligibleQuantity" itemscope="" itemtype="http://schema.org/QuantitativeValue">/<span itemprop="unitText">70g</span></span></td><td>42,71 $/kg</td><td style="display: none;">2020-02-26</td><td style="display: none;">Norvège</td><td style="display: none;">Dom</td><td style="display: none;"></td><td style="display: none;"></td><td style="display: none;"></td><td style="display: none;">surgelé</td><td style="display: none;"></td><td style="display: none;"><a class="recipeLink" href="/recipe_ingredient_search_results.php?query=(_QU5E__1__________1194__[]_1_1)&amp;sos_l=fr">Recettes avec truite saumonée fumée</a></td></tr><tr role="row" class="even"><td tabindex="0"><i class="fas fa-exclamation"></i></td><td class=" not_printable"><div class="addToGL" data-soscuisine-aisle="7" data-soscuisine-sip="3937983"><i class="fa fa-cart-plus" title="Ajouter à ma liste d'épicerie"></i><div></div></div></td><td><img class="storeItemImage" alt="truite saumonée, filets, frais" src="/media/images/store_item/blank.jpg"></td><td>truite saumonée, filets, frais</td><td class="not_printable sorting_1">poissons &amp; fruits de mer</td><td><img style="width:50%;" src="/media/images/logos/marchands/2.png" alt="Provigo"></td><td><span itemprop="price">8,99 $</span><span itemprop="eligibleQuantity" itemscope="" itemtype="http://schema.org/QuantitativeValue">/<span itemprop="unitText">lb</span></span></td><td>19,82 $/kg</td><td style="display: none;">2020-02-26</td><td style="display: none;"></td><td style="display: none;"></td><td style="display: none;"></td><td style="display: none;"></td><td style="display: none;"></td><td style="display: none;"></td><td style="display: none;"></td><td style="display: none;"><a class="recipeLink" href="/recipe_ingredient_search_results.php?query=(_QU5E__1__________1057__[]_1_1)&amp;sos_l=fr">Recettes avec truite saumonée, filets, frais</a></td></tr><tr role="row" class="odd"><td tabindex="0"><i class="fas fa-hand-rock"></i></td><td class=" not_printable"><div class="addToGL" data-soscuisine-aisle="7" data-soscuisine-sip="3937753"><i class="fa fa-cart-plus" title="Ajouter à ma liste d'épicerie"></i><div></div></div></td><td><img class="storeItemImage" itemprop="image" alt="truite, filets" src="/media/images/store_item/328.jpg"></td><td>truite, filets</td><td class="not_printable sorting_1">poissons &amp; fruits de mer</td><td><img style="width:50%;" src="/media/images/logos/marchands/1.png" alt="Metro"></td><td><span itemprop="price">11,99 $</span><span itemprop="eligibleQuantity" itemscope="" itemtype="http://schema.org/QuantitativeValue">/<span itemprop="unitText">lb</span></span></td><td>26,43 $/kg</td><td style="display: none;">2020-02-26</td><td style="display: none;"></td><td style="display: none;"></td><td style="display: none;"></td><td style="display: none;"></td><td style="display: none;"></td><td style="display: none;">surgelé</td><td style="display: none;">Perou</td><td style="display: none;"><a class="recipeLink" href="/recipe_ingredient_search_results.php?query=(_QU5E__1__________328__[]_1_1)&amp;sos_l=fr">Recettes avec truite, filets</a></td></tr><tr role="row" class="even"><td tabindex="0"><i class="fa fa-thumbs-down"></i></td><td class=" not_printable"><div class="addToGL" data-soscuisine-aisle="7" data-soscuisine-sip="3938829"><i class="fa fa-cart-plus" title="Ajouter à ma liste d'épicerie"></i><div></div></div></td><td><img class="storeItemImage" alt="turbot, filets" src="/media/images/store_item/blank.jpg"></td><td>turbot, filets</td><td class="not_printable sorting_1">poissons &amp; fruits de mer</td><td><img style="width:50%;" src="/media/images/logos/marchands/93.png" alt="Rachelle Béry"></td><td><span itemprop="price">11,99 $</span><span itemprop="eligibleQuantity" itemscope="" itemtype="http://schema.org/QuantitativeValue">/<span itemprop="unitText">340g</span></span></td><td>35,26 $/kg</td><td style="display: none;">2020-03-04</td><td style="display: none;">Québec</td><td style="display: none;"></td><td style="display: none;"></td><td style="display: none;"></td><td style="display: none;"></td><td style="display: none;">surgelé</td><td style="display: none;">Fruits De Mer</td><td style="display: none;"><a class="recipeLink" href="/recipe_ingredient_search_results.php?query=(_QU5E__1__________470__[]_1_1)&amp;sos_l=fr">Recettes avec turbot, filets</a></td></tr><tr role="row" class="odd"><td tabindex="0"><i class="fas fa-hand-rock"></i></td><td class=" not_printable"><div class="addToGL" data-soscuisine-aisle="13" data-soscuisine-sip="3939665"><i class="fa fa-cart-plus" title="Ajouter à ma liste d'épicerie"></i><div></div></div></td><td><img class="storeItemImage" alt="boisson de noix de coco" src="/media/images/store_item/blank.jpg"></td><td>boisson de noix de coco</td><td class="not_printable sorting_1">autres produits réfrigérés</td><td><img style="width:50%;" src="/media/images/logos/marchands/3.png" alt="IGA"></td><td><span itemprop="price">1,99 $</span><span itemprop="eligibleQuantity" itemscope="" itemtype="http://schema.org/QuantitativeValue">/<span itemprop="unitText">946mL</span></span></td><td>2,10 $/L</td><td style="display: none;">2020-02-26</td><td style="display: none;"></td><td style="display: none;">Dream</td><td style="display: none;"></td><td style="display: none;"></td><td style="display: none;"></td><td style="display: none;"></td><td style="display: none;"></td><td style="display: none;"></td></tr><tr role="row" class="even"><td tabindex="0"><i class="fa fa-thumbs-down"></i></td><td class=" not_printable"><div class="addToGL" data-soscuisine-aisle="13" data-soscuisine-sip="3937847"><i class="fa fa-cart-plus" title="Ajouter à ma liste d'épicerie"></i><div></div></div></td><td><img class="storeItemImage" alt="boisson de noix de coco" src="/media/images/store_item/blank.jpg"></td><td>boisson de noix de coco</td><td class="not_printable sorting_1">autres produits réfrigérés</td><td><img style="width:50%;" src="/media/images/logos/marchands/1.png" alt="Metro"></td><td><span itemprop="price">3,79 $</span><span itemprop="eligibleQuantity" itemscope="" itemtype="http://schema.org/QuantitativeValue">/1,75L</span></td><td>2,17 $/L</td><td style="display: none;">2020-02-26</td><td style="display: none;"></td><td style="display: none;">So Nice</td><td style="display: none;"></td><td style="display: none;"></td><td style="display: none;">Bio</td><td style="display: none;"></td><td style="display: none;"></td><td style="display: none;"></td></tr><tr role="row" class="odd"><td tabindex="0"><i class="fa fa-thumbs-down"></i></td><td class=" not_printable"><div class="addToGL" data-soscuisine-aisle="13" data-soscuisine-sip="3938353"><i class="fa fa-cart-plus" title="Ajouter à ma liste d'épicerie"></i><div></div></div></td><td><img class="storeItemImage" alt="boisson de noix de coco" src="/media/images/store_item/blank.jpg"></td><td>boisson de noix de coco</td><td class="not_printable sorting_1">autres produits réfrigérés</td><td><img style="width:50%;" src="/media/images/logos/marchands/2.png" alt="Provigo"></td><td><span itemprop="price">5,00 $</span><span itemprop="eligibleQuantity" itemscope="" itemtype="http://schema.org/QuantitativeValue">/<span itemprop="value">2</span>x<span itemprop="unitText">946mL</span></span></td><td>2,64 $/L</td><td style="display: none;">2020-02-26</td><td style="display: none;"></td><td style="display: none;">Dream</td><td style="display: none;"></td><td style="display: none;"></td><td style="display: none;"></td><td style="display: none;"></td><td style="display: none;"></td><td style="display: none;"></td></tr><tr role="row" class="even"><td tabindex="0"><i class="fa fa-thumbs-down"></i></td><td class=" not_printable"><div class="addToGL" data-soscuisine-aisle="13" data-soscuisine-sip="3938351"><i class="fa fa-cart-plus" title="Ajouter à ma liste d'épicerie"></i><div></div></div></td><td><img class="storeItemImage" alt="boisson de noix de coco" src="/media/images/store_item/blank.jpg"></td><td>boisson de noix de coco</td><td class="not_printable sorting_1">autres produits réfrigérés</td><td><img style="width:50%;" src="/media/images/logos/marchands/2.png" alt="Provigo"></td><td><span itemprop="price">2,79 $</span><span itemprop="eligibleQuantity" itemscope="" itemtype="http://schema.org/QuantitativeValue">/<span itemprop="unitText">946mL</span></span></td><td>2,95 $/L</td><td style="display: none;">2020-02-26</td><td style="display: none;"></td><td style="display: none;">Dream</td><td style="display: none;"></td><td style="display: none;"></td><td style="display: none;"></td><td style="display: none;"></td><td style="display: none;"></td><td style="display: none;"></td></tr><tr role="row" class="odd"><td tabindex="0"><i class="fa fa-thumbs-down"></i></td><td class=" not_printable"><div class="addToGL" data-soscuisine-aisle="13" data-soscuisine-sip="3939361"><i class="fa fa-cart-plus" title="Ajouter à ma liste d'épicerie"></i><div></div></div></td><td><img class="storeItemImage" alt="burgers végétaux" src="/media/images/store_item/blank.jpg"></td><td>burgers végétaux</td><td class="not_printable sorting_1">autres produits réfrigérés</td><td><img style="width:50%;" src="/media/images/logos/marchands/3.png" alt="IGA"></td><td><span itemprop="price">6,49 $</span><span itemprop="eligibleQuantity" itemscope="" itemtype="http://schema.org/QuantitativeValue">/<span itemprop="unitText">280g</span></span></td><td>23,18 $/kg</td><td style="display: none;">2020-02-26</td><td style="display: none;"></td><td style="display: none;"></td><td style="display: none;"></td><td style="display: none;"></td><td style="display: none;"></td><td style="display: none;"></td><td style="display: none;">Big Mountain</td><td style="display: none;"><a class="recipeLink" href="/recipe_ingredient_search_results.php?query=(_QU5E__1__________1215__[]_1_1)&amp;sos_l=fr">Recettes avec burgers végétaux</a></td></tr><tr role="row" class="even"><td tabindex="0"><i class="fa fa-thumbs-down"></i></td><td class=" not_printable"><div class="addToGL" data-soscuisine-aisle="13" data-soscuisine-sip="3939365"><i class="fa fa-cart-plus" title="Ajouter à ma liste d'épicerie"></i><div></div></div></td><td><img class="storeItemImage" alt="burgers végétaux" src="/media/images/store_item/blank.jpg"></td><td>burgers végétaux</td><td class="not_printable sorting_1">autres produits réfrigérés</td><td><img style="width:50%;" src="/media/images/logos/marchands/3.png" alt="IGA"></td><td><span itemprop="price">7,99 $</span><span itemprop="eligibleQuantity" itemscope="" itemtype="http://schema.org/QuantitativeValue">/<span itemprop="unitText">300g</span></span></td><td>26,63 $/kg</td><td style="display: none;">2020-02-26</td><td style="display: none;"></td><td style="display: none;">Wholly Veggie!</td><td style="display: none;"></td><td style="display: none;"></td><td style="display: none;"></td><td style="display: none;"></td><td style="display: none;"></td><td style="display: none;"><a class="recipeLink" href="/recipe_ingredient_search_results.php?query=(_QU5E__1__________1215__[]_1_1)&amp;sos_l=fr">Recettes avec burgers végétaux</a></td></tr><tr role="row" class="odd"><td tabindex="0"><i class="fas fa-hand-rock"></i></td><td class=" not_printable"><div class="addToGL" data-soscuisine-aisle="13" data-soscuisine-sip="3938803"><i class="fa fa-cart-plus" title="Ajouter à ma liste d'épicerie"></i><div></div></div></td><td><img class="storeItemImage" alt="burgers végétaux" src="/media/images/store_item/blank.jpg"></td><td>burgers végétaux</td><td class="not_printable sorting_1">autres produits réfrigérés</td><td><img style="width:50%;" src="/media/images/logos/marchands/93.png" alt="Rachelle Béry"></td><td><span itemprop="price">4,99 $</span><span itemprop="eligibleQuantity" itemscope="" itemtype="http://schema.org/QuantitativeValue">/<span itemprop="unitText">250g</span></span></td><td>19,96 $/kg</td><td style="display: none;">2020-03-04</td><td style="display: none;"></td><td style="display: none;"></td><td style="display: none;"></td><td style="display: none;"></td><td style="display: none;">sans gluten</td><td style="display: none;"></td><td style="display: none;">Racine Aliments</td><td style="display: none;"><a class="recipeLink" href="/recipe_ingredient_search_results.php?query=(_QU5E__1__________1215__[]_1_1)&amp;sos_l=fr">Recettes avec burgers végétaux</a></td></tr><tr role="row" class="even"><td tabindex="0"><i class="fa fa-thumbs-down"></i></td><td class=" not_printable"><div class="addToGL" data-soscuisine-aisle="13" data-soscuisine-sip="3938811"><i class="fa fa-cart-plus" title="Ajouter à ma liste d'épicerie"></i><div></div></div></td><td><img class="storeItemImage" alt="burgers végétaux" src="/media/images/store_item/blank.jpg"></td><td>burgers végétaux</td><td class="not_printable sorting_1">autres produits réfrigérés</td><td><img style="width:50%;" src="/media/images/logos/marchands/93.png" alt="Rachelle Béry"></td><td><span itemprop="price">4,99 $</span><span itemprop="eligibleQuantity" itemscope="" itemtype="http://schema.org/QuantitativeValue">/<span itemprop="unitText">200g</span></span></td><td>24,95 $/kg</td><td style="display: none;">2020-03-04</td><td style="display: none;"></td><td style="display: none;">Yves</td><td style="display: none;"></td><td style="display: none;"></td><td style="display: none;"></td><td style="display: none;"></td><td style="display: none;"></td><td style="display: none;"><a class="recipeLink" href="/recipe_ingredient_search_results.php?query=(_QU5E__1__________1215__[]_1_1)&amp;sos_l=fr">Recettes avec burgers végétaux</a></td></tr><tr role="row" class="odd"><td tabindex="0"><i class="fa fa-thumbs-up"></i></td><td class=" not_printable"><div class="addToGL" data-soscuisine-aisle="13" data-soscuisine-sip="3940545"><i class="fa fa-cart-plus" title="Ajouter à ma liste d'épicerie"></i><div></div></div></td><td><img class="storeItemImage" alt="burgers végétaux" src="/media/images/store_item/blank.jpg"></td><td>burgers végétaux</td><td class="not_printable sorting_1">autres produits réfrigérés</td><td><img style="width:50%;" src="/media/images/logos/marchands/5.png" alt="Super C"></td><td><span itemprop="price">4,99 $</span><span itemprop="eligibleQuantity" itemscope="" itemtype="http://schema.org/QuantitativeValue">/<span itemprop="unitText">300g</span></span></td><td>16,63 $/kg</td><td style="display: none;">2020-02-26</td><td style="display: none;"></td><td style="display: none;">Yves</td><td style="display: none;"></td><td style="display: none;"></td><td style="display: none;"></td><td style="display: none;"></td><td style="display: none;"></td><td style="display: none;"><a class="recipeLink" href="/recipe_ingredient_search_results.php?query=(_QU5E__1__________1215__[]_1_1)&amp;sos_l=fr">Recettes avec burgers végétaux</a></td></tr><tr role="row" class="even"><td tabindex="0"><i class="fas fa-exclamation"></i></td><td class=" not_printable"><div class="addToGL" data-soscuisine-aisle="13" data-soscuisine-sip="3937325"><i class="fa fa-cart-plus" title="Ajouter à ma liste d'épicerie"></i><div></div></div></td><td><img class="storeItemImage" alt="cashew beverage/milk" src="/media/images/store_item/blank.jpg"></td><td>cashew beverage/milk</td><td class="not_printable sorting_1">autres produits réfrigérés</td><td><img style="width:50%;" src="/media/images/logos/marchands/95.png" alt="Marchés Tau"></td><td><span itemprop="price">3,99 $</span><span itemprop="eligibleQuantity" itemscope="" itemtype="http://schema.org/QuantitativeValue">/1,75L</span></td><td>2,28 $/L</td><td style="display: none;">2020-03-29</td><td style="display: none;"></td><td style="display: none;">Earth's Own</td><td style="display: none;"></td><td style="display: none;"></td><td style="display: none;"></td><td style="display: none;"></td><td style="display: none;"></td><td style="display: none;"><a class="recipeLink" href="/recipe_ingredient_search_results.php?query=(_QU5E__1__________1321__[]_1_1)&amp;sos_l=fr">Recettes avec cashew beverage/milk</a></td></tr><tr role="row" class="odd"><td tabindex="0"><i class="fas fa-hand-rock"></i></td><td class=" not_printable"><div class="addToGL" data-soscuisine-aisle="13" data-soscuisine-sip="3939553"><i class="fa fa-cart-plus" title="Ajouter à ma liste d'épicerie"></i><div></div></div></td><td><img class="storeItemImage" alt="jus d'orange" src="/media/images/store_item/blank.jpg"></td><td>jus d'orange</td><td class="not_printable sorting_1">autres produits réfrigérés</td><td><img style="width:50%;" src="/media/images/logos/marchands/10.png" alt="Bonichoix "></td><td><span itemprop="price">2,99 $</span><span itemprop="eligibleQuantity" itemscope="" itemtype="http://schema.org/QuantitativeValue">/<span itemprop="unitText">1,65L</span></span></td><td>1,81 $/L</td><td style="display: none;">2020-02-26</td><td style="display: none;"></td><td style="display: none;">Oasis</td><td style="display: none;"></td><td style="display: none;"></td><td style="display: none;"></td><td style="display: none;"></td><td style="display: none;"></td><td style="display: none;"><a class="recipeLink" href="/recipe_ingredient_search_results.php?query=(_QU5E__1__________370__[]_1_1)&amp;sos_l=fr">Recettes avec jus d'orange</a></td></tr><tr role="row" class="even"><td tabindex="0"><i class="fas fa-hand-rock"></i></td><td class=" not_printable"><div class="addToGL" data-soscuisine-aisle="13" data-soscuisine-sip="3939615"><i class="fa fa-cart-plus" title="Ajouter à ma liste d'épicerie"></i><div></div></div></td><td><img class="storeItemImage" alt="jus d'orange" src="/media/images/store_item/blank.jpg"></td><td>jus d'orange</td><td class="not_printable sorting_1">autres produits réfrigérés</td><td><img style="width:50%;" src="/media/images/logos/marchands/3.png" alt="IGA"></td><td><span itemprop="price">2,99 $</span><span itemprop="eligibleQuantity" itemscope="" itemtype="http://schema.org/QuantitativeValue">/<span itemprop="unitText">1,65L</span></span></td><td>1,81 $/L</td><td style="display: none;">2020-02-26</td><td style="display: none;"></td><td style="display: none;">marque maison</td><td style="display: none;"></td><td style="display: none;"></td><td style="display: none;"></td><td style="display: none;"></td><td style="display: none;"></td><td style="display: none;"><a class="recipeLink" href="/recipe_ingredient_search_results.php?query=(_QU5E__1__________370__[]_1_1)&amp;sos_l=fr">Recettes avec jus d'orange</a></td></tr><tr role="row" class="odd"><td tabindex="0"><i class="fa fa-thumbs-down"></i></td><td class=" not_printable"><div class="addToGL" data-soscuisine-aisle="13" data-soscuisine-sip="3939617"><i class="fa fa-cart-plus" title="Ajouter à ma liste d'épicerie"></i><div></div></div></td><td><img class="storeItemImage" alt="jus d'orange" src="/media/images/store_item/blank.jpg"></td><td>jus d'orange</td><td class="not_printable sorting_1">autres produits réfrigérés</td><td><img style="width:50%;" src="/media/images/logos/marchands/3.png" alt="IGA"></td><td><span itemprop="price">5,99 $</span><span itemprop="eligibleQuantity" itemscope="" itemtype="http://schema.org/QuantitativeValue">/2,63L</span></td><td>2,28 $/L</td><td style="display: none;">2020-02-26</td><td style="display: none;"></td><td style="display: none;">Tropicana</td><td style="display: none;"></td><td style="display: none;"></td><td style="display: none;"></td><td style="display: none;"></td><td style="display: none;"></td><td style="display: none;"><a class="recipeLink" href="/recipe_ingredient_search_results.php?query=(_QU5E__1__________370__[]_1_1)&amp;sos_l=fr">Recettes avec jus d'orange</a></td></tr><tr role="row" class="even"><td tabindex="0"><i class="fa fa-thumbs-down"></i></td><td class=" not_printable"><div class="addToGL" data-soscuisine-aisle="13" data-soscuisine-sip="3939475"><i class="fa fa-cart-plus" title="Ajouter à ma liste d'épicerie"></i><div></div></div></td><td><img class="storeItemImage" alt="jus d'orange" src="/media/images/store_item/blank.jpg"></td><td>jus d'orange</td><td class="not_printable sorting_1">autres produits réfrigérés</td><td><img style="width:50%;" src="/media/images/logos/marchands/3.png" alt="IGA"></td><td><span itemprop="price">3,99 $</span><span itemprop="eligibleQuantity" itemscope="" itemtype="http://schema.org/QuantitativeValue">/<span itemprop="unitText">1,54L</span></span></td><td>2,59 $/L</td><td style="display: none;">2020-02-26</td><td style="display: none;"></td><td style="display: none;">Simply</td><td style="display: none;"></td><td style="display: none;"></td><td style="display: none;"></td><td style="display: none;"></td><td style="display: none;"></td><td style="display: none;"><a class="recipeLink" href="/recipe_ingredient_search_results.php?query=(_QU5E__1__________370__[]_1_1)&amp;sos_l=fr">Recettes avec jus d'orange</a></td></tr><tr role="row" class="odd"><td tabindex="0"><i class="fas fa-hand-rock"></i></td><td class=" not_printable"><div class="addToGL" data-soscuisine-aisle="13" data-soscuisine-sip="3938697"><i class="fa fa-cart-plus" title="Ajouter à ma liste d'épicerie"></i><div></div></div></td><td><img class="storeItemImage" alt="jus d'orange" src="/media/images/store_item/blank.jpg"></td><td>jus d'orange</td><td class="not_printable sorting_1">autres produits réfrigérés</td><td><img style="width:50%;" src="/media/images/logos/marchands/69.png" alt="Intermarché (Provincial)"></td><td><span itemprop="price">4,99 $</span><span itemprop="eligibleQuantity" itemscope="" itemtype="http://schema.org/QuantitativeValue">/2,63L</span></td><td>1,90 $/L</td><td style="display: none;">2020-02-26</td><td style="display: none;"></td><td style="display: none;">marque maison</td><td style="display: none;"></td><td style="display: none;"></td><td style="display: none;"></td><td style="display: none;"></td><td style="display: none;"></td><td style="display: none;"><a class="recipeLink" href="/recipe_ingredient_search_results.php?query=(_QU5E__1__________370__[]_1_1)&amp;sos_l=fr">Recettes avec jus d'orange</a></td></tr><tr role="row" class="even"><td tabindex="0"><i class="fas fa-hand-rock"></i></td><td class=" not_printable"><div class="addToGL" data-soscuisine-aisle="13" data-soscuisine-sip="3938461"><i class="fa fa-cart-plus" title="Ajouter à ma liste d'épicerie"></i><div></div></div></td><td><img class="storeItemImage" alt="jus d'orange" src="/media/images/store_item/blank.jpg"></td><td>jus d'orange</td><td class="not_printable sorting_1">autres produits réfrigérés</td><td><img style="width:50%;" src="/media/images/logos/marchands/7.png" alt="Intermarché (Saveurs intl.)"></td><td><span itemprop="price">4,99 $</span><span itemprop="eligibleQuantity" itemscope="" itemtype="http://schema.org/QuantitativeValue">/2,63L</span></td><td>1,90 $/L</td><td style="display: none;">2020-02-26</td><td style="display: none;"></td><td style="display: none;">marque maison</td><td style="display: none;"></td><td style="display: none;"></td><td style="display: none;"></td><td style="display: none;"></td><td style="display: none;"></td><td style="display: none;"><a class="recipeLink" href="/recipe_ingredient_search_results.php?query=(_QU5E__1__________370__[]_1_1)&amp;sos_l=fr">Recettes avec jus d'orange</a></td></tr><tr role="row" class="odd"><td tabindex="0"><i class="fa fa-thumbs-up"></i><i class="fa fa-thumbs-up"></i></td><td class=" not_printable"><div class="addToGL" data-soscuisine-aisle="13" data-soscuisine-sip="3937439"><i class="fa fa-cart-plus" title="Ajouter à ma liste d'épicerie"></i><div></div></div></td><td><img class="storeItemImage" alt="jus d'orange" src="/media/images/store_item/blank.jpg"></td><td>jus d'orange</td><td class="not_printable sorting_1">autres produits réfrigérés</td><td><img style="width:50%;" src="/media/images/logos/marchands/6.png" alt="Maxi"></td><td><span itemprop="price">2,00 $</span><span itemprop="eligibleQuantity" itemscope="" itemtype="http://schema.org/QuantitativeValue">/1,75L</span></td><td>1,14 $/L</td><td style="display: none;">2020-02-26</td><td style="display: none;"></td><td style="display: none;">Minute Maid</td><td style="display: none;"></td><td style="display: none;"></td><td style="display: none;"></td><td style="display: none;"></td><td style="display: none;"></td><td style="display: none;"><a class="recipeLink" href="/recipe_ingredient_search_results.php?query=(_QU5E__1__________370__[]_1_1)&amp;sos_l=fr">Recettes avec jus d'orange</a></td></tr><tr role="row" class="even"><td tabindex="0"><i class="fa fa-thumbs-down"></i></td><td class=" not_printable"><div class="addToGL" data-soscuisine-aisle="13" data-soscuisine-sip="3937875"><i class="fa fa-cart-plus" title="Ajouter à ma liste d'épicerie"></i><div></div></div></td><td><img class="storeItemImage" alt="jus d'orange" src="/media/images/store_item/blank.jpg"></td><td>jus d'orange</td><td class="not_printable sorting_1">autres produits réfrigérés</td><td><img style="width:50%;" src="/media/images/logos/marchands/1.png" alt="Metro"></td><td><span itemprop="price">4,00 $</span><span itemprop="eligibleQuantity" itemscope="" itemtype="http://schema.org/QuantitativeValue">/<span itemprop="unitText">1,54L</span></span></td><td>2,60 $/L</td><td style="display: none;">2020-02-26</td><td style="display: none;"></td><td style="display: none;">Simply</td><td style="display: none;"></td><td style="display: none;"></td><td style="display: none;"></td><td style="display: none;"></td><td style="display: none;"></td><td style="display: none;"><a class="recipeLink" href="/recipe_ingredient_search_results.php?query=(_QU5E__1__________370__[]_1_1)&amp;sos_l=fr">Recettes avec jus d'orange</a></td></tr><tr role="row" class="odd"><td tabindex="0"><i class="fa fa-thumbs-up"></i></td><td class=" not_printable"><div class="addToGL" data-soscuisine-aisle="13" data-soscuisine-sip="3938291"><i class="fa fa-cart-plus" title="Ajouter à ma liste d'épicerie"></i><div></div></div></td><td><img class="storeItemImage" alt="jus d'orange" src="/media/images/store_item/blank.jpg"></td><td>jus d'orange</td><td class="not_printable sorting_1">autres produits réfrigérés</td><td><img style="width:50%;" src="/media/images/logos/marchands/2.png" alt="Provigo"></td><td><span itemprop="price">2,99 $</span><span itemprop="eligibleQuantity" itemscope="" itemtype="http://schema.org/QuantitativeValue">/1,75L</span></td><td>1,71 $/L</td><td style="display: none;">2020-02-26</td><td style="display: none;"></td><td style="display: none;">marque maison</td><td style="display: none;"></td><td style="display: none;"></td><td style="display: none;"></td><td style="display: none;"></td><td style="display: none;"></td><td style="display: none;"><a class="recipeLink" href="/recipe_ingredient_search_results.php?query=(_QU5E__1__________370__[]_1_1)&amp;sos_l=fr">Recettes avec jus d'orange</a></td></tr><tr role="row" class="even"><td tabindex="0"><i class="fas fa-hand-rock"></i></td><td class=" not_printable"><div class="addToGL" data-soscuisine-aisle="13" data-soscuisine-sip="3938029"><i class="fa fa-cart-plus" title="Ajouter à ma liste d'épicerie"></i><div></div></div></td><td><img class="storeItemImage" alt="jus d'orange" src="/media/images/store_item/blank.jpg"></td><td>jus d'orange</td><td class="not_printable sorting_1">autres produits réfrigérés</td><td><img style="width:50%;" src="/media/images/logos/marchands/2.png" alt="Provigo"></td><td><span itemprop="price">4,99 $</span><span itemprop="eligibleQuantity" itemscope="" itemtype="http://schema.org/QuantitativeValue">/2,63L</span></td><td>1,90 $/L</td><td style="display: none;">2020-02-26</td><td style="display: none;"></td><td style="display: none;">Tropicana</td><td style="display: none;"></td><td style="display: none;"></td><td style="display: none;"></td><td style="display: none;"></td><td style="display: none;"></td><td style="display: none;"><a class="recipeLink" href="/recipe_ingredient_search_results.php?query=(_QU5E__1__________370__[]_1_1)&amp;sos_l=fr">Recettes avec jus d'orange</a></td></tr><tr role="row" class="odd"><td tabindex="0"><i class="fas fa-hand-rock"></i></td><td class=" not_printable"><div class="addToGL" data-soscuisine-aisle="13" data-soscuisine-sip="3940939"><i class="fa fa-cart-plus" title="Ajouter à ma liste d'épicerie"></i><div></div></div></td><td><img class="storeItemImage" alt="jus d'orange" src="/media/images/store_item/blank.jpg"></td><td>jus d'orange</td><td class="not_printable sorting_1">autres produits réfrigérés</td><td><img style="width:50%;" src="/media/images/logos/marchands/12.png" alt="Richelieu"></td><td><span itemprop="price">4,99 $</span><span itemprop="eligibleQuantity" itemscope="" itemtype="http://schema.org/QuantitativeValue">/<span itemprop="unitText">2,5L</span></span></td><td>2,00 $/L</td><td style="display: none;">2020-02-26</td><td style="display: none;"></td><td style="display: none;">marque maison</td><td style="display: none;"></td><td style="display: none;"></td><td style="display: none;"></td><td style="display: none;"></td><td style="display: none;"></td><td style="display: none;"><a class="recipeLink" href="/recipe_ingredient_search_results.php?query=(_QU5E__1__________370__[]_1_1)&amp;sos_l=fr">Recettes avec jus d'orange</a></td></tr><tr role="row" class="even"><td tabindex="0"><i class="fas fa-hand-rock"></i></td><td class=" not_printable"><div class="addToGL" data-soscuisine-aisle="13" data-soscuisine-sip="3940753"><i class="fa fa-cart-plus" title="Ajouter à ma liste d'épicerie"></i><div></div></div></td><td><img class="storeItemImage" alt="jus d'orange" src="/media/images/store_item/blank.jpg"></td><td>jus d'orange</td><td class="not_printable sorting_1">autres produits réfrigérés</td><td><img style="width:50%;" src="/media/images/logos/marchands/5.png" alt="Super C"></td><td><span itemprop="price">2,99 $</span><span itemprop="eligibleQuantity" itemscope="" itemtype="http://schema.org/QuantitativeValue">/<span itemprop="unitText">1,65L</span></span></td><td>1,81 $/L</td><td style="display: none;">2020-02-26</td><td style="display: none;"></td><td style="display: none;">Oasis</td><td style="display: none;"></td><td style="display: none;"></td><td style="display: none;"></td><td style="display: none;"></td><td style="display: none;"></td><td style="display: none;"><a class="recipeLink" href="/recipe_ingredient_search_results.php?query=(_QU5E__1__________370__[]_1_1)&amp;sos_l=fr">Recettes avec jus d'orange</a></td></tr><tr role="row" class="odd"><td tabindex="0"><i class="fas fa-hand-rock"></i></td><td class=" not_printable"><div class="addToGL" data-soscuisine-aisle="13" data-soscuisine-sip="3940761"><i class="fa fa-cart-plus" title="Ajouter à ma liste d'épicerie"></i><div></div></div></td><td><img class="storeItemImage" alt="jus d'orange" src="/media/images/store_item/blank.jpg"></td><td>jus d'orange</td><td class="not_printable sorting_1">autres produits réfrigérés</td><td><img style="width:50%;" src="/media/images/logos/marchands/11.png" alt="Tradition"></td><td><span itemprop="price">4,99 $</span><span itemprop="eligibleQuantity" itemscope="" itemtype="http://schema.org/QuantitativeValue">/<span itemprop="unitText">2,5L</span></span></td><td>2,00 $/L</td><td style="display: none;">2020-02-26</td><td style="display: none;"></td><td style="display: none;">marque maison</td><td style="display: none;"></td><td style="display: none;"></td><td style="display: none;"></td><td style="display: none;"></td><td style="display: none;"></td><td style="display: none;"><a class="recipeLink" href="/recipe_ingredient_search_results.php?query=(_QU5E__1__________370__[]_1_1)&amp;sos_l=fr">Recettes avec jus d'orange</a></td></tr><tr role="row" class="even"><td tabindex="0"><i class="fas fa-hand-rock"></i></td><td class=" not_printable"><div class="addToGL" data-soscuisine-aisle="13" data-soscuisine-sip="3941043"><i class="fa fa-cart-plus" title="Ajouter à ma liste d'épicerie"></i><div></div></div></td><td><img class="storeItemImage" alt="jus d'orange" src="/media/images/store_item/blank.jpg"></td><td>jus d'orange</td><td class="not_printable sorting_1">autres produits réfrigérés</td><td><img style="width:50%;" src="/media/images/logos/marchands/73.png" alt="Walmart"></td><td><span itemprop="price">4,97 $</span><span itemprop="eligibleQuantity" itemscope="" itemtype="http://schema.org/QuantitativeValue">/2,63L</span></td><td>1,89 $/L</td><td style="display: none;">2020-02-26</td><td style="display: none;"></td><td style="display: none;">Tropicana</td><td style="display: none;"></td><td style="display: none;"></td><td style="display: none;"></td><td style="display: none;"></td><td style="display: none;">magasins participants</td><td style="display: none;"><a class="recipeLink" href="/recipe_ingredient_search_results.php?query=(_QU5E__1__________370__[]_1_1)&amp;sos_l=fr">Recettes avec jus d'orange</a></td></tr><tr role="row" class="odd"><td tabindex="0"><i class="fa fa-thumbs-up"></i><i class="fa fa-thumbs-up"></i></td><td class=" not_printable"><div class="addToGL" data-soscuisine-aisle="13" data-soscuisine-sip="3938317"><i class="fa fa-cart-plus" title="Ajouter à ma liste d'épicerie"></i><div></div></div></td><td><img class="storeItemImage" alt="jus de pomme" src="/media/images/store_item/blank.jpg"></td><td>jus de pomme</td><td class="not_printable sorting_1">autres produits réfrigérés</td><td><img style="width:50%;" src="/media/images/logos/marchands/2.png" alt="Provigo"></td><td><span itemprop="price">2,49 $</span><span itemprop="eligibleQuantity" itemscope="" itemtype="http://schema.org/QuantitativeValue">/<span itemprop="unitText">2L</span></span></td><td>1,25 $/L</td><td style="display: none;">2020-02-26</td><td style="display: none;"></td><td style="display: none;">Rougemont</td><td style="display: none;"></td><td style="display: none;"></td><td style="display: none;"></td><td style="display: none;"></td><td style="display: none;"></td><td style="display: none;"><a class="recipeLink" href="/recipe_ingredient_search_results.php?query=(_QU5E__1__________366__[]_1_1)&amp;sos_l=fr">Recettes avec jus de pomme</a></td></tr><tr role="row" class="even"><td tabindex="0"><i class="fas fa-hand-rock"></i></td><td class=" not_printable"><div class="addToGL" data-soscuisine-aisle="13" data-soscuisine-sip="3912915"><i class="fa fa-cart-plus" title="Ajouter à ma liste d'épicerie"></i><div></div></div></td><td><img class="storeItemImage" alt="lait/boisson d'amande" src="/media/images/store_item/blank.jpg"></td><td>lait/boisson d'amande</td><td class="not_printable sorting_1">autres produits réfrigérés</td><td><img style="width:50%;" src="/media/images/logos/marchands/94.png" alt="Avril"></td><td><span itemprop="price">3,99 $</span><span itemprop="eligibleQuantity" itemscope="" itemtype="http://schema.org/QuantitativeValue">/<span itemprop="value">2</span>x<span itemprop="unitText">946mL</span></span></td><td>2,11 $/L</td><td style="display: none;">2020-03-03</td><td style="display: none;"></td><td style="display: none;">Earth's Own</td><td style="display: none;"></td><td style="display: none;"></td><td style="display: none;"></td><td style="display: none;"></td><td style="display: none;"></td><td style="display: none;"><a class="recipeLink" href="/recipe_ingredient_search_results.php?query=(_QU5E__1__________986__[]_1_1)&amp;sos_l=fr">Recettes avec lait/boisson d'amande</a></td></tr><tr role="row" class="odd"><td tabindex="0"><i class="fas fa-hand-rock"></i></td><td class=" not_printable"><div class="addToGL" data-soscuisine-aisle="13" data-soscuisine-sip="3912873"><i class="fa fa-cart-plus" title="Ajouter à ma liste d'épicerie"></i><div></div></div></td><td><img class="storeItemImage" alt="lait/boisson d'amande" src="/media/images/store_item/blank.jpg"></td><td>lait/boisson d'amande</td><td class="not_printable sorting_1">autres produits réfrigérés</td><td><img style="width:50%;" src="/media/images/logos/marchands/94.png" alt="Avril"></td><td><span itemprop="price">3,99 $</span><span itemprop="eligibleQuantity" itemscope="" itemtype="http://schema.org/QuantitativeValue">/1,75L</span></td><td>2,28 $/L</td><td style="display: none;">2020-03-03</td><td style="display: none;"></td><td style="display: none;">So Nice</td><td style="display: none;"></td><td style="display: none;"></td><td style="display: none;"></td><td style="display: none;"></td><td style="display: none;"></td><td style="display: none;"><a class="recipeLink" href="/recipe_ingredient_search_results.php?query=(_QU5E__1__________986__[]_1_1)&amp;sos_l=fr">Recettes avec lait/boisson d'amande</a></td></tr><tr role="row" class="even"><td tabindex="0"><i class="fa fa-thumbs-down"></i></td><td class=" not_printable"><div class="addToGL" data-soscuisine-aisle="13" data-soscuisine-sip="3912875"><i class="fa fa-cart-plus" title="Ajouter à ma liste d'épicerie"></i><div></div></div></td><td><img class="storeItemImage" alt="lait/boisson d'amande" src="/media/images/store_item/blank.jpg"></td><td>lait/boisson d'amande</td><td class="not_printable sorting_1">autres produits réfrigérés</td><td><img style="width:50%;" src="/media/images/logos/marchands/94.png" alt="Avril"></td><td><span itemprop="price">4,77 $</span><span itemprop="eligibleQuantity" itemscope="" itemtype="http://schema.org/QuantitativeValue">/<span itemprop="unitText">1,89L (64oz)</span></span></td><td>2,52 $/L</td><td style="display: none;">2020-03-03</td><td style="display: none;"></td><td style="display: none;">Blue Diamond</td><td style="display: none;"></td><td style="display: none;"></td><td style="display: none;"></td><td style="display: none;"></td><td style="display: none;"></td><td style="display: none;"><a class="recipeLink" href="/recipe_ingredient_search_results.php?query=(_QU5E__1__________986__[]_1_1)&amp;sos_l=fr">Recettes avec lait/boisson d'amande</a></td></tr><tr role="row" class="odd"><td tabindex="0"><i class="fa fa-thumbs-down"></i></td><td class=" not_printable"><div class="addToGL" data-soscuisine-aisle="13" data-soscuisine-sip="3912917"><i class="fa fa-cart-plus" title="Ajouter à ma liste d'épicerie"></i><div></div></div></td><td><img class="storeItemImage" alt="lait/boisson d'amande" src="/media/images/store_item/blank.jpg"></td><td>lait/boisson d'amande</td><td class="not_printable sorting_1">autres produits réfrigérés</td><td><img style="width:50%;" src="/media/images/logos/marchands/94.png" alt="Avril"></td><td><span itemprop="price">2,49 $</span><span itemprop="eligibleQuantity" itemscope="" itemtype="http://schema.org/QuantitativeValue">/<span itemprop="unitText">946mL</span></span></td><td>2,63 $/L</td><td style="display: none;">2020-03-03</td><td style="display: none;"></td><td style="display: none;">Earth's Own</td><td style="display: none;"></td><td style="display: none;"></td><td style="display: none;"></td><td style="display: none;"></td><td style="display: none;"></td><td style="display: none;"><a class="recipeLink" href="/recipe_ingredient_search_results.php?query=(_QU5E__1__________986__[]_1_1)&amp;sos_l=fr">Recettes avec lait/boisson d'amande</a></td></tr><tr role="row" class="even"><td tabindex="0"><i class="fa fa-thumbs-up"></i></td><td class=" not_printable"><div class="addToGL" data-soscuisine-aisle="13" data-soscuisine-sip="3939675"><i class="fa fa-cart-plus" title="Ajouter à ma liste d'épicerie"></i><div></div></div></td><td><img class="storeItemImage" alt="lait/boisson d'amande" src="/media/images/store_item/blank.jpg"></td><td>lait/boisson d'amande</td><td class="not_printable sorting_1">autres produits réfrigérés</td><td><img style="width:50%;" src="/media/images/logos/marchands/10.png" alt="Bonichoix "></td><td><span itemprop="price">3,79 $</span><span itemprop="eligibleQuantity" itemscope="" itemtype="http://schema.org/QuantitativeValue">/<span itemprop="unitText">1,89L (64oz)</span></span></td><td>2,01 $/L</td><td style="display: none;">2020-02-26</td><td style="display: none;"></td><td style="display: none;">Silk</td><td style="display: none;"></td><td style="display: none;"></td><td style="display: none;"></td><td style="display: none;"></td><td style="display: none;"></td><td style="display: none;"><a class="recipeLink" href="/recipe_ingredient_search_results.php?query=(_QU5E__1__________986__[]_1_1)&amp;sos_l=fr">Recettes avec lait/boisson d'amande</a></td></tr><tr role="row" class="odd"><td tabindex="0"><i class="fa fa-thumbs-down"></i></td><td class=" not_printable"><div class="addToGL" data-soscuisine-aisle="13" data-soscuisine-sip="3939467"><i class="fa fa-cart-plus" title="Ajouter à ma liste d'épicerie"></i><div></div></div></td><td><img class="storeItemImage" alt="lait/boisson d'amande" src="/media/images/store_item/blank.jpg"></td><td>lait/boisson d'amande</td><td class="not_printable sorting_1">autres produits réfrigérés</td><td><img style="width:50%;" src="/media/images/logos/marchands/3.png" alt="IGA"></td><td><span itemprop="price">3,99 $</span><span itemprop="eligibleQuantity" itemscope="" itemtype="http://schema.org/QuantitativeValue">/<span itemprop="unitText">1,5L</span></span></td><td>2,66 $/L</td><td style="display: none;">2020-02-26</td><td style="display: none;"></td><td style="display: none;">Simply</td><td style="display: none;"></td><td style="display: none;"></td><td style="display: none;"></td><td style="display: none;"></td><td style="display: none;"></td><td style="display: none;"><a class="recipeLink" href="/recipe_ingredient_search_results.php?query=(_QU5E__1__________986__[]_1_1)&amp;sos_l=fr">Recettes avec lait/boisson d'amande</a></td></tr><tr role="row" class="even"><td tabindex="0"><i class="fa fa-thumbs-up"></i></td><td class=" not_printable"><div class="addToGL" data-soscuisine-aisle="13" data-soscuisine-sip="3939217"><i class="fa fa-cart-plus" title="Ajouter à ma liste d'épicerie"></i><div></div></div></td><td><img class="storeItemImage" alt="lait/boisson d'amande" src="/media/images/store_item/blank.jpg"></td><td>lait/boisson d'amande</td><td class="not_printable sorting_1">autres produits réfrigérés</td><td><img style="width:50%;" src="/media/images/logos/marchands/63.png" alt="Marché Adonis"></td><td><span itemprop="price">1,99 $</span><span itemprop="eligibleQuantity" itemscope="" itemtype="http://schema.org/QuantitativeValue">/<span itemprop="unitText">946mL</span></span></td><td>2,10 $/L</td><td style="display: none;">2020-02-26</td><td style="display: none;"></td><td style="display: none;">Natura</td><td style="display: none;"></td><td style="display: none;"></td><td style="display: none;"></td><td style="display: none;"></td><td style="display: none;"></td><td style="display: none;"><a class="recipeLink" href="/recipe_ingredient_search_results.php?query=(_QU5E__1__________986__[]_1_1)&amp;sos_l=fr">Recettes avec lait/boisson d'amande</a></td></tr><tr role="row" class="odd"><td tabindex="0"><i class="fas fa-hand-rock"></i></td><td class=" not_printable"><div class="addToGL" data-soscuisine-aisle="13" data-soscuisine-sip="3937311"><i class="fa fa-cart-plus" title="Ajouter à ma liste d'épicerie"></i><div></div></div></td><td><img class="storeItemImage" alt="lait/boisson d'amande" src="/media/images/store_item/blank.jpg"></td><td>lait/boisson d'amande</td><td class="not_printable sorting_1">autres produits réfrigérés</td><td><img style="width:50%;" src="/media/images/logos/marchands/95.png" alt="Marchés Tau"></td><td><span itemprop="price">4,00 $</span><span itemprop="eligibleQuantity" itemscope="" itemtype="http://schema.org/QuantitativeValue">/<span itemprop="value">2</span>x<span itemprop="unitText">946mL</span></span></td><td>2,11 $/L</td><td style="display: none;">2020-03-29</td><td style="display: none;"></td><td style="display: none;">Blue Diamond</td><td style="display: none;"></td><td style="display: none;"></td><td style="display: none;"></td><td style="display: none;"></td><td style="display: none;"></td><td style="display: none;"><a class="recipeLink" href="/recipe_ingredient_search_results.php?query=(_QU5E__1__________986__[]_1_1)&amp;sos_l=fr">Recettes avec lait/boisson d'amande</a></td></tr><tr role="row" class="even"><td tabindex="0"><i class="fas fa-hand-rock"></i></td><td class=" not_printable"><div class="addToGL" data-soscuisine-aisle="13" data-soscuisine-sip="3937321"><i class="fa fa-cart-plus" title="Ajouter à ma liste d'épicerie"></i><div></div></div></td><td><img class="storeItemImage" alt="lait/boisson d'amande" src="/media/images/store_item/blank.jpg"></td><td>lait/boisson d'amande</td><td class="not_printable sorting_1">autres produits réfrigérés</td><td><img style="width:50%;" src="/media/images/logos/marchands/95.png" alt="Marchés Tau"></td><td><span itemprop="price">3,99 $</span><span itemprop="eligibleQuantity" itemscope="" itemtype="http://schema.org/QuantitativeValue">/1,75L</span></td><td>2,28 $/L</td><td style="display: none;">2020-03-29</td><td style="display: none;"></td><td style="display: none;">Earth's Own</td><td style="display: none;"></td><td style="display: none;"></td><td style="display: none;"></td><td style="display: none;"></td><td style="display: none;"></td><td style="display: none;"><a class="recipeLink" href="/recipe_ingredient_search_results.php?query=(_QU5E__1__________986__[]_1_1)&amp;sos_l=fr">Recettes avec lait/boisson d'amande</a></td></tr><tr role="row" class="odd"><td tabindex="0"><i class="fas fa-hand-rock"></i></td><td class=" not_printable"><div class="addToGL" data-soscuisine-aisle="13" data-soscuisine-sip="3937871"><i class="fa fa-cart-plus" title="Ajouter à ma liste d'épicerie"></i><div></div></div></td><td><img class="storeItemImage" alt="lait/boisson d'amande" src="/media/images/store_item/blank.jpg"></td><td>lait/boisson d'amande</td><td class="not_printable sorting_1">autres produits réfrigérés</td><td><img style="width:50%;" src="/media/images/logos/marchands/1.png" alt="Metro"></td><td><span itemprop="price">2,00 $</span><span itemprop="eligibleQuantity" itemscope="" itemtype="http://schema.org/QuantitativeValue">/<span itemprop="unitText">946mL</span></span></td><td>2,11 $/L</td><td style="display: none;">2020-02-26</td><td style="display: none;"></td><td style="display: none;">Silk</td><td style="display: none;"></td><td style="display: none;"></td><td style="display: none;"></td><td style="display: none;"></td><td style="display: none;"></td><td style="display: none;"><a class="recipeLink" href="/recipe_ingredient_search_results.php?query=(_QU5E__1__________986__[]_1_1)&amp;sos_l=fr">Recettes avec lait/boisson d'amande</a></td></tr><tr role="row" class="even"><td tabindex="0"><i class="fas fa-hand-rock"></i></td><td class=" not_printable"><div class="addToGL" data-soscuisine-aisle="13" data-soscuisine-sip="3937845"><i class="fa fa-cart-plus" title="Ajouter à ma liste d'épicerie"></i><div></div></div></td><td><img class="storeItemImage" alt="lait/boisson d'amande" src="/media/images/store_item/blank.jpg"></td><td>lait/boisson d'amande</td><td class="not_printable sorting_1">autres produits réfrigérés</td><td><img style="width:50%;" src="/media/images/logos/marchands/1.png" alt="Metro"></td><td><span itemprop="price">3,79 $</span><span itemprop="eligibleQuantity" itemscope="" itemtype="http://schema.org/QuantitativeValue">/1,75L</span></td><td>2,17 $/L</td><td style="display: none;">2020-02-26</td><td style="display: none;"></td><td style="display: none;">So Nice</td><td style="display: none;"></td><td style="display: none;"></td><td style="display: none;">Bio</td><td style="display: none;"></td><td style="display: none;"></td><td style="display: none;"><a class="recipeLink" href="/recipe_ingredient_search_results.php?query=(_QU5E__1__________986__[]_1_1)&amp;sos_l=fr">Recettes avec lait/boisson d'amande</a></td></tr><tr role="row" class="odd"><td tabindex="0"><i class="fas fa-hand-rock"></i></td><td class=" not_printable"><div class="addToGL" data-soscuisine-aisle="13" data-soscuisine-sip="3938097"><i class="fa fa-cart-plus" title="Ajouter à ma liste d'épicerie"></i><div></div></div></td><td><img class="storeItemImage" alt="lait/boisson d'amande" src="/media/images/store_item/blank.jpg"></td><td>lait/boisson d'amande</td><td class="not_printable sorting_1">autres produits réfrigérés</td><td><img style="width:50%;" src="/media/images/logos/marchands/2.png" alt="Provigo"></td><td><span itemprop="price">4,00 $</span><span itemprop="eligibleQuantity" itemscope="" itemtype="http://schema.org/QuantitativeValue">/<span itemprop="value">2</span>x<span itemprop="unitText">946mL</span></span></td><td>2,11 $/L</td><td style="display: none;">2020-02-26</td><td style="display: none;"></td><td style="display: none;">Blue Diamond</td><td style="display: none;"></td><td style="display: none;"></td><td style="display: none;"></td><td style="display: none;"></td><td style="display: none;"></td><td style="display: none;"><a class="recipeLink" href="/recipe_ingredient_search_results.php?query=(_QU5E__1__________986__[]_1_1)&amp;sos_l=fr">Recettes avec lait/boisson d'amande</a></td></tr><tr role="row" class="even"><td tabindex="0"><i class="fa fa-thumbs-down"></i></td><td class=" not_printable"><div class="addToGL" data-soscuisine-aisle="13" data-soscuisine-sip="3938095"><i class="fa fa-cart-plus" title="Ajouter à ma liste d'épicerie"></i><div></div></div></td><td><img class="storeItemImage" alt="lait/boisson d'amande" src="/media/images/store_item/blank.jpg"></td><td>lait/boisson d'amande</td><td class="not_printable sorting_1">autres produits réfrigérés</td><td><img style="width:50%;" src="/media/images/logos/marchands/2.png" alt="Provigo"></td><td><span itemprop="price">2,49 $</span><span itemprop="eligibleQuantity" itemscope="" itemtype="http://schema.org/QuantitativeValue">/<span itemprop="unitText">946mL</span></span></td><td>2,63 $/L</td><td style="display: none;">2020-02-26</td><td style="display: none;"></td><td style="display: none;">Blue Diamond</td><td style="display: none;"></td><td style="display: none;"></td><td style="display: none;"></td><td style="display: none;"></td><td style="display: none;"></td><td style="display: none;"><a class="recipeLink" href="/recipe_ingredient_search_results.php?query=(_QU5E__1__________986__[]_1_1)&amp;sos_l=fr">Recettes avec lait/boisson d'amande</a></td></tr><tr role="row" class="odd"><td tabindex="0"><i class="fa fa-thumbs-up"></i><i class="fa fa-thumbs-up"></i></td><td class=" not_printable"><div class="addToGL" data-soscuisine-aisle="13" data-soscuisine-sip="3938759"><i class="fa fa-cart-plus" title="Ajouter à ma liste d'épicerie"></i><div></div></div></td><td><img class="storeItemImage" alt="lait/boisson d'amande" src="/media/images/store_item/blank.jpg"></td><td>lait/boisson d'amande</td><td class="not_printable sorting_1">autres produits réfrigérés</td><td><img style="width:50%;" src="/media/images/logos/marchands/93.png" alt="Rachelle Béry"></td><td><span itemprop="price">4,98 $</span><span itemprop="eligibleQuantity" itemscope="" itemtype="http://schema.org/QuantitativeValue">/<span itemprop="value">3</span>x<span itemprop="unitText">946mL</span></span></td><td>1,75 $/L</td><td style="display: none;">2020-03-04</td><td style="display: none;"></td><td style="display: none;">Blue Diamond</td><td style="display: none;"></td><td style="display: none;"></td><td style="display: none;"></td><td style="display: none;"></td><td style="display: none;"></td><td style="display: none;"><a class="recipeLink" href="/recipe_ingredient_search_results.php?query=(_QU5E__1__________986__[]_1_1)&amp;sos_l=fr">Recettes avec lait/boisson d'amande</a></td></tr><tr role="row" class="even"><td tabindex="0"><i class="fa fa-thumbs-up"></i><i class="fa fa-thumbs-up"></i></td><td class=" not_printable"><div class="addToGL" data-soscuisine-aisle="13" data-soscuisine-sip="3940765"><i class="fa fa-cart-plus" title="Ajouter à ma liste d'épicerie"></i><div></div></div></td><td><img class="storeItemImage" alt="lait/boisson d'amande" src="/media/images/store_item/blank.jpg"></td><td>lait/boisson d'amande</td><td class="not_printable sorting_1">autres produits réfrigérés</td><td><img style="width:50%;" src="/media/images/logos/marchands/5.png" alt="Super C"></td><td><span itemprop="price">2,99 $</span><span itemprop="eligibleQuantity" itemscope="" itemtype="http://schema.org/QuantitativeValue">/<span itemprop="unitText">1,89L (64oz)</span></span></td><td>1,58 $/L</td><td style="display: none;">2020-02-26</td><td style="display: none;"></td><td style="display: none;">Silk</td><td style="display: none;"></td><td style="display: none;"></td><td style="display: none;"></td><td style="display: none;"></td><td style="display: none;"></td><td style="display: none;"><a class="recipeLink" href="/recipe_ingredient_search_results.php?query=(_QU5E__1__________986__[]_1_1)&amp;sos_l=fr">Recettes avec lait/boisson d'amande</a></td></tr><tr role="row" class="odd"><td tabindex="0"><i class="fa fa-thumbs-up"></i></td><td class=" not_printable"><div class="addToGL" data-soscuisine-aisle="13" data-soscuisine-sip="3940811"><i class="fa fa-cart-plus" title="Ajouter à ma liste d'épicerie"></i><div></div></div></td><td><img class="storeItemImage" alt="lait/boisson d'amande" src="/media/images/store_item/blank.jpg"></td><td>lait/boisson d'amande</td><td class="not_printable sorting_1">autres produits réfrigérés</td><td><img style="width:50%;" src="/media/images/logos/marchands/11.png" alt="Tradition"></td><td><span itemprop="price">3,79 $</span><span itemprop="eligibleQuantity" itemscope="" itemtype="http://schema.org/QuantitativeValue">/<span itemprop="unitText">1,89L (64oz)</span></span></td><td>2,01 $/L</td><td style="display: none;">2020-02-26</td><td style="display: none;"></td><td style="display: none;">Silk</td><td style="display: none;"></td><td style="display: none;"></td><td style="display: none;"></td><td style="display: none;"></td><td style="display: none;"></td><td style="display: none;"><a class="recipeLink" href="/recipe_ingredient_search_results.php?query=(_QU5E__1__________986__[]_1_1)&amp;sos_l=fr">Recettes avec lait/boisson d'amande</a></td></tr><tr role="row" class="even"><td tabindex="0"><i class="fa fa-thumbs-up"></i><i class="fa fa-thumbs-up"></i></td><td class=" not_printable"><div class="addToGL" data-soscuisine-aisle="13" data-soscuisine-sip="3941037"><i class="fa fa-cart-plus" title="Ajouter à ma liste d'épicerie"></i><div></div></div></td><td><img class="storeItemImage" alt="lait/boisson d'amande" src="/media/images/store_item/blank.jpg"></td><td>lait/boisson d'amande</td><td class="not_printable sorting_1">autres produits réfrigérés</td><td><img style="width:50%;" src="/media/images/logos/marchands/73.png" alt="Walmart"></td><td><span itemprop="price">7,00 $</span><span itemprop="eligibleQuantity" itemscope="" itemtype="http://schema.org/QuantitativeValue">/<span itemprop="value">2</span>x<span itemprop="unitText">1,89L (64oz)</span></span></td><td>1,85 $/L</td><td style="display: none;">2020-02-26</td><td style="display: none;"></td><td style="display: none;">Silk</td><td style="display: none;"></td><td style="display: none;"></td><td style="display: none;"></td><td style="display: none;"></td><td style="display: none;"></td><td style="display: none;"><a class="recipeLink" href="/recipe_ingredient_search_results.php?query=(_QU5E__1__________986__[]_1_1)&amp;sos_l=fr">Recettes avec lait/boisson d'amande</a></td></tr><tr role="row" class="odd"><td tabindex="0"><i class="fa fa-thumbs-up"></i></td><td class=" not_printable"><div class="addToGL" data-soscuisine-aisle="13" data-soscuisine-sip="3941035"><i class="fa fa-cart-plus" title="Ajouter à ma liste d'épicerie"></i><div></div></div></td><td><img class="storeItemImage" alt="lait/boisson d'amande" src="/media/images/store_item/blank.jpg"></td><td>lait/boisson d'amande</td><td class="not_printable sorting_1">autres produits réfrigérés</td><td><img style="width:50%;" src="/media/images/logos/marchands/73.png" alt="Walmart"></td><td><span itemprop="price">3,97 $</span><span itemprop="eligibleQuantity" itemscope="" itemtype="http://schema.org/QuantitativeValue">/<span itemprop="unitText">1,89L (64oz)</span></span></td><td>2,10 $/L</td><td style="display: none;">2020-02-26</td><td style="display: none;"></td><td style="display: none;">Silk</td><td style="display: none;"></td><td style="display: none;"></td><td style="display: none;"></td><td style="display: none;"></td><td style="display: none;"></td><td style="display: none;"><a class="recipeLink" href="/recipe_ingredient_search_results.php?query=(_QU5E__1__________986__[]_1_1)&amp;sos_l=fr">Recettes avec lait/boisson d'amande</a></td></tr><tr role="row" class="even"><td tabindex="0"><i class="fas fa-hand-rock"></i></td><td class=" not_printable"><div class="addToGL" data-soscuisine-aisle="13" data-soscuisine-sip="3939227"><i class="fa fa-cart-plus" title="Ajouter à ma liste d'épicerie"></i><div></div></div></td><td><img class="storeItemImage" alt="lait/boisson de riz" src="/media/images/store_item/blank.jpg"></td><td>lait/boisson de riz</td><td class="not_printable sorting_1">autres produits réfrigérés</td><td><img style="width:50%;" src="/media/images/logos/marchands/63.png" alt="Marché Adonis"></td><td><span itemprop="price">1,99 $</span><span itemprop="eligibleQuantity" itemscope="" itemtype="http://schema.org/QuantitativeValue">/<span itemprop="unitText">32oz (946mL)</span></span></td><td>2,10 $/L</td><td style="display: none;">2020-02-26</td><td style="display: none;"></td><td style="display: none;">Natura</td><td style="display: none;"></td><td style="display: none;"></td><td style="display: none;"></td><td style="display: none;"></td><td style="display: none;"></td><td style="display: none;"><a class="recipeLink" href="/recipe_ingredient_search_results.php?query=(_QU5E__1__________985__[]_1_1)&amp;sos_l=fr">Recettes avec lait/boisson de riz</a></td></tr><tr role="row" class="odd"><td tabindex="0"><i class="fa fa-thumbs-down"></i></td><td class=" not_printable"><div class="addToGL" data-soscuisine-aisle="13" data-soscuisine-sip="3912871"><i class="fa fa-cart-plus" title="Ajouter à ma liste d'épicerie"></i><div></div></div></td><td><img class="storeItemImage" alt="lait/boisson de soya" src="/media/images/store_item/blank.jpg"></td><td>lait/boisson de soya</td><td class="not_printable sorting_1">autres produits réfrigérés</td><td><img style="width:50%;" src="/media/images/logos/marchands/94.png" alt="Avril"></td><td><span itemprop="price">3,99 $</span><span itemprop="eligibleQuantity" itemscope="" itemtype="http://schema.org/QuantitativeValue">/1,75L</span></td><td>2,28 $/L</td><td style="display: none;">2020-03-03</td><td style="display: none;"></td><td style="display: none;">So Nice</td><td style="display: none;"></td><td style="display: none;"></td><td style="display: none;"></td><td style="display: none;"></td><td style="display: none;"></td><td style="display: none;"><a class="recipeLink" href="/recipe_ingredient_search_results.php?query=(_QU5E__1__________600__[]_1_1)&amp;sos_l=fr">Recettes avec lait/boisson de soya</a></td></tr><tr role="row" class="even"><td tabindex="0"><i class="fas fa-hand-rock"></i></td><td class=" not_printable"><div class="addToGL" data-soscuisine-aisle="13" data-soscuisine-sip="3939223"><i class="fa fa-cart-plus" title="Ajouter à ma liste d'épicerie"></i><div></div></div></td><td><img class="storeItemImage" alt="lait/boisson de soya" src="/media/images/store_item/blank.jpg"></td><td>lait/boisson de soya</td><td class="not_printable sorting_1">autres produits réfrigérés</td><td><img style="width:50%;" src="/media/images/logos/marchands/63.png" alt="Marché Adonis"></td><td><span itemprop="price">1,99 $</span><span itemprop="eligibleQuantity" itemscope="" itemtype="http://schema.org/QuantitativeValue">/<span itemprop="unitText">946mL</span></span></td><td>2,10 $/L</td><td style="display: none;">2020-02-26</td><td style="display: none;"></td><td style="display: none;">Natura</td><td style="display: none;"></td><td style="display: none;"></td><td style="display: none;"></td><td style="display: none;"></td><td style="display: none;"></td><td style="display: none;"><a class="recipeLink" href="/recipe_ingredient_search_results.php?query=(_QU5E__1__________600__[]_1_1)&amp;sos_l=fr">Recettes avec lait/boisson de soya</a></td></tr><tr role="row" class="odd"><td tabindex="0"><i class="fas fa-hand-rock"></i></td><td class=" not_printable"><div class="addToGL" data-soscuisine-aisle="13" data-soscuisine-sip="3937301"><i class="fa fa-cart-plus" title="Ajouter à ma liste d'épicerie"></i><div></div></div></td><td><img class="storeItemImage" alt="lait/boisson de soya" src="/media/images/store_item/blank.jpg"></td><td>lait/boisson de soya</td><td class="not_printable sorting_1">autres produits réfrigérés</td><td><img style="width:50%;" src="/media/images/logos/marchands/95.png" alt="Marchés Tau"></td><td><span itemprop="price">4,00 $</span><span itemprop="eligibleQuantity" itemscope="" itemtype="http://schema.org/QuantitativeValue">/<span itemprop="value">2</span>x<span itemprop="unitText">946mL</span></span></td><td>2,11 $/L</td><td style="display: none;">2020-03-29</td><td style="display: none;"></td><td style="display: none;">Natura</td><td style="display: none;"></td><td style="display: none;"></td><td style="display: none;"></td><td style="display: none;"></td><td style="display: none;"></td><td style="display: none;"><a class="recipeLink" href="/recipe_ingredient_search_results.php?query=(_QU5E__1__________600__[]_1_1)&amp;sos_l=fr">Recettes avec lait/boisson de soya</a></td></tr><tr role="row" class="even"><td tabindex="0"><i class="fas fa-hand-rock"></i></td><td class=" not_printable"><div class="addToGL" data-soscuisine-aisle="13" data-soscuisine-sip="3937551"><i class="fa fa-cart-plus" title="Ajouter à ma liste d'épicerie"></i><div></div></div></td><td><img class="storeItemImage" alt="lait/boisson de soya" src="/media/images/store_item/blank.jpg"></td><td>lait/boisson de soya</td><td class="not_printable sorting_1">autres produits réfrigérés</td><td><img style="width:50%;" src="/media/images/logos/marchands/6.png" alt="Maxi"></td><td><span itemprop="price">2,00 $</span><span itemprop="eligibleQuantity" itemscope="" itemtype="http://schema.org/QuantitativeValue">/<span itemprop="unitText">946mL</span></span></td><td>2,11 $/L</td><td style="display: none;">2020-02-26</td><td style="display: none;"></td><td style="display: none;">Natura</td><td style="display: none;"></td><td style="display: none;"></td><td style="display: none;"></td><td style="display: none;"></td><td style="display: none;"></td><td style="display: none;"><a class="recipeLink" href="/recipe_ingredient_search_results.php?query=(_QU5E__1__________600__[]_1_1)&amp;sos_l=fr">Recettes avec lait/boisson de soya</a></td></tr><tr role="row" class="odd"><td tabindex="0"><i class="fas fa-hand-rock"></i></td><td class=" not_printable"><div class="addToGL" data-soscuisine-aisle="13" data-soscuisine-sip="3937869"><i class="fa fa-cart-plus" title="Ajouter à ma liste d'épicerie"></i><div></div></div></td><td><img class="storeItemImage" alt="lait/boisson de soya" src="/media/images/store_item/blank.jpg"></td><td>lait/boisson de soya</td><td class="not_printable sorting_1">autres produits réfrigérés</td><td><img style="width:50%;" src="/media/images/logos/marchands/1.png" alt="Metro"></td><td><span itemprop="price">2,00 $</span><span itemprop="eligibleQuantity" itemscope="" itemtype="http://schema.org/QuantitativeValue">/<span itemprop="unitText">946mL</span></span></td><td>2,11 $/L</td><td style="display: none;">2020-02-26</td><td style="display: none;"></td><td style="display: none;">So Nice</td><td style="display: none;"></td><td style="display: none;"></td><td style="display: none;"></td><td style="display: none;"></td><td style="display: none;">ou Silk</td><td style="display: none;"><a class="recipeLink" href="/recipe_ingredient_search_results.php?query=(_QU5E__1__________600__[]_1_1)&amp;sos_l=fr">Recettes avec lait/boisson de soya</a></td></tr><tr role="row" class="even"><td tabindex="0"><i class="fa fa-thumbs-down"></i></td><td class=" not_printable"><div class="addToGL" data-soscuisine-aisle="13" data-soscuisine-sip="3937843"><i class="fa fa-cart-plus" title="Ajouter à ma liste d'épicerie"></i><div></div></div></td><td><img class="storeItemImage" alt="lait/boisson de soya" src="/media/images/store_item/blank.jpg"></td><td>lait/boisson de soya</td><td class="not_printable sorting_1">autres produits réfrigérés</td><td><img style="width:50%;" src="/media/images/logos/marchands/1.png" alt="Metro"></td><td><span itemprop="price">3,79 $</span><span itemprop="eligibleQuantity" itemscope="" itemtype="http://schema.org/QuantitativeValue">/1,75L</span></td><td>2,17 $/L</td><td style="display: none;">2020-02-26</td><td style="display: none;"></td><td style="display: none;">So Nice</td><td style="display: none;"></td><td style="display: none;"></td><td style="display: none;">Bio</td><td style="display: none;"></td><td style="display: none;"></td><td style="display: none;"><a class="recipeLink" href="/recipe_ingredient_search_results.php?query=(_QU5E__1__________600__[]_1_1)&amp;sos_l=fr">Recettes avec lait/boisson de soya</a></td></tr><tr role="row" class="odd"><td tabindex="0"><i class="fa fa-thumbs-up"></i></td><td class=" not_printable"><div class="addToGL" data-soscuisine-aisle="13" data-soscuisine-sip="3938349"><i class="fa fa-cart-plus" title="Ajouter à ma liste d'épicerie"></i><div></div></div></td><td><img class="storeItemImage" alt="lait/boisson de soya" src="/media/images/store_item/blank.jpg"></td><td>lait/boisson de soya</td><td class="not_printable sorting_1">autres produits réfrigérés</td><td><img style="width:50%;" src="/media/images/logos/marchands/2.png" alt="Provigo"></td><td><span itemprop="price">7,00 $</span><span itemprop="eligibleQuantity" itemscope="" itemtype="http://schema.org/QuantitativeValue">/<span itemprop="value">2</span>x<span itemprop="unitText">1,89L (64oz)</span></span></td><td>1,85 $/L</td><td style="display: none;">2020-02-26</td><td style="display: none;"></td><td style="display: none;">Natura</td><td style="display: none;"></td><td style="display: none;"></td><td style="display: none;"></td><td style="display: none;"></td><td style="display: none;"></td><td style="display: none;"><a class="recipeLink" href="/recipe_ingredient_search_results.php?query=(_QU5E__1__________600__[]_1_1)&amp;sos_l=fr">Recettes avec lait/boisson de soya</a></td></tr><tr role="row" class="even"><td tabindex="0"><i class="fas fa-hand-rock"></i></td><td class=" not_printable"><div class="addToGL" data-soscuisine-aisle="13" data-soscuisine-sip="3938347"><i class="fa fa-cart-plus" title="Ajouter à ma liste d'épicerie"></i><div></div></div></td><td><img class="storeItemImage" alt="lait/boisson de soya" src="/media/images/store_item/blank.jpg"></td><td>lait/boisson de soya</td><td class="not_printable sorting_1">autres produits réfrigérés</td><td><img style="width:50%;" src="/media/images/logos/marchands/2.png" alt="Provigo"></td><td><span itemprop="price">3,99 $</span><span itemprop="eligibleQuantity" itemscope="" itemtype="http://schema.org/QuantitativeValue">/<span itemprop="unitText">1,89L (64oz)</span></span></td><td>2,11 $/L</td><td style="display: none;">2020-02-26</td><td style="display: none;"></td><td style="display: none;">Natura</td><td style="display: none;"></td><td style="display: none;"></td><td style="display: none;"></td><td style="display: none;"></td><td style="display: none;"></td><td style="display: none;"><a class="recipeLink" href="/recipe_ingredient_search_results.php?query=(_QU5E__1__________600__[]_1_1)&amp;sos_l=fr">Recettes avec lait/boisson de soya</a></td></tr><tr role="row" class="odd"><td tabindex="0"><i class="fas fa-hand-rock"></i></td><td class=" not_printable"><div class="addToGL" data-soscuisine-aisle="13" data-soscuisine-sip="3938955"><i class="fa fa-cart-plus" title="Ajouter à ma liste d'épicerie"></i><div></div></div></td><td><img class="storeItemImage" alt="margarine" src="/media/images/store_item/blank.jpg"></td><td>margarine</td><td class="not_printable sorting_1">autres produits réfrigérés</td><td><img style="width:50%;" src="/media/images/logos/marchands/3.png" alt="IGA"></td><td><span itemprop="price">3,77 $</span><span itemprop="eligibleQuantity" itemscope="" itemtype="http://schema.org/QuantitativeValue">/<span itemprop="unitText">2lb (907g)</span></span></td><td>0,42 $/100g</td><td style="display: none;">2020-02-26</td><td style="display: none;"></td><td style="display: none;">Becel</td><td style="display: none;"></td><td style="display: none;"></td><td style="display: none;"></td><td style="display: none;"></td><td style="display: none;"></td><td style="display: none;"><a class="recipeLink" href="/recipe_ingredient_search_results.php?query=(_QU5E__1__________226__[]_1_1)&amp;sos_l=fr">Recettes avec margarine</a></td></tr><tr role="row" class="even"><td tabindex="0"><i class="fa fa-thumbs-up"></i></td><td class=" not_printable"><div class="addToGL" data-soscuisine-aisle="13" data-soscuisine-sip="3938699"><i class="fa fa-cart-plus" title="Ajouter à ma liste d'épicerie"></i><div></div></div></td><td><img class="storeItemImage" alt="margarine" src="/media/images/store_item/blank.jpg"></td><td>margarine</td><td class="not_printable sorting_1">autres produits réfrigérés</td><td><img style="width:50%;" src="/media/images/logos/marchands/69.png" alt="Intermarché (Provincial)"></td><td><span itemprop="price">9,49 $</span><span itemprop="eligibleQuantity" itemscope="" itemtype="http://schema.org/QuantitativeValue">/<span itemprop="unitText">6lb (2,72kg)</span></span></td><td>0,35 $/100g</td><td style="display: none;">2020-02-26</td><td style="display: none;"></td><td style="display: none;">Mirage</td><td style="display: none;"></td><td style="display: none;"></td><td style="display: none;"></td><td style="display: none;"></td><td style="display: none;"></td><td style="display: none;"><a class="recipeLink" href="/recipe_ingredient_search_results.php?query=(_QU5E__1__________226__[]_1_1)&amp;sos_l=fr">Recettes avec margarine</a></td></tr><tr role="row" class="odd"><td tabindex="0"><i class="fa fa-thumbs-down"></i></td><td class=" not_printable"><div class="addToGL" data-soscuisine-aisle="13" data-soscuisine-sip="3938741"><i class="fa fa-cart-plus" title="Ajouter à ma liste d'épicerie"></i><div></div></div></td><td><img class="storeItemImage" alt="margarine" src="/media/images/store_item/blank.jpg"></td><td>margarine</td><td class="not_printable sorting_1">autres produits réfrigérés</td><td><img style="width:50%;" src="/media/images/logos/marchands/69.png" alt="Intermarché (Provincial)"></td><td><span itemprop="price">3,00 $</span><span itemprop="eligibleQuantity" itemscope="" itemtype="http://schema.org/QuantitativeValue">/<span itemprop="unitText">454g (1lb)</span></span></td><td>0,66 $/100g</td><td style="display: none;">2020-02-26</td><td style="display: none;"></td><td style="display: none;">Becel</td><td style="display: none;"></td><td style="display: none;"></td><td style="display: none;"></td><td style="display: none;"></td><td style="display: none;"></td><td style="display: none;"><a class="recipeLink" href="/recipe_ingredient_search_results.php?query=(_QU5E__1__________226__[]_1_1)&amp;sos_l=fr">Recettes avec margarine</a></td></tr><tr role="row" class="even"><td tabindex="0"><i class="fa fa-thumbs-down"></i></td><td class=" not_printable"><div class="addToGL" data-soscuisine-aisle="13" data-soscuisine-sip="3938477"><i class="fa fa-cart-plus" title="Ajouter à ma liste d'épicerie"></i><div></div></div></td><td><img class="storeItemImage" alt="margarine" src="/media/images/store_item/blank.jpg"></td><td>margarine</td><td class="not_printable sorting_1">autres produits réfrigérés</td><td><img style="width:50%;" src="/media/images/logos/marchands/7.png" alt="Intermarché (Saveurs intl.)"></td><td><span itemprop="price">3,00 $</span><span itemprop="eligibleQuantity" itemscope="" itemtype="http://schema.org/QuantitativeValue">/<span itemprop="unitText">454g (1lb)</span></span></td><td>0,66 $/100g</td><td style="display: none;">2020-02-26</td><td style="display: none;"></td><td style="display: none;">Becel</td><td style="display: none;"></td><td style="display: none;"></td><td style="display: none;"></td><td style="display: none;"></td><td style="display: none;"></td><td style="display: none;"><a class="recipeLink" href="/recipe_ingredient_search_results.php?query=(_QU5E__1__________226__[]_1_1)&amp;sos_l=fr">Recettes avec margarine</a></td></tr><tr role="row" class="odd"><td tabindex="0"><i class="fa fa-thumbs-up"></i><i class="fa fa-thumbs-up"></i></td><td class=" not_printable"><div class="addToGL" data-soscuisine-aisle="13" data-soscuisine-sip="3938315"><i class="fa fa-cart-plus" title="Ajouter à ma liste d'épicerie"></i><div></div></div></td><td><img class="storeItemImage" alt="margarine" src="/media/images/store_item/blank.jpg"></td><td>margarine</td><td class="not_printable sorting_1">autres produits réfrigérés</td><td><img style="width:50%;" src="/media/images/logos/marchands/2.png" alt="Provigo"></td><td><span itemprop="price">2,49 $</span><span itemprop="eligibleQuantity" itemscope="" itemtype="http://schema.org/QuantitativeValue">/<span itemprop="unitText">2lb (907g)</span></span></td><td>0,27 $/100g</td><td style="display: none;">2020-02-26</td><td style="display: none;"></td><td style="display: none;">Imperial</td><td style="display: none;"></td><td style="display: none;"></td><td style="display: none;">molle</td><td style="display: none;"></td><td style="display: none;"></td><td style="display: none;"><a class="recipeLink" href="/recipe_ingredient_search_results.php?query=(_QU5E__1__________226__[]_1_1)&amp;sos_l=fr">Recettes avec margarine</a></td></tr><tr role="row" class="even"><td tabindex="0"><i class="fas fa-hand-rock"></i></td><td class=" not_printable"><div class="addToGL" data-soscuisine-aisle="13" data-soscuisine-sip="3940973"><i class="fa fa-cart-plus" title="Ajouter à ma liste d'épicerie"></i><div></div></div></td><td><img class="storeItemImage" alt="margarine" src="/media/images/store_item/blank.jpg"></td><td>margarine</td><td class="not_printable sorting_1">autres produits réfrigérés</td><td><img style="width:50%;" src="/media/images/logos/marchands/12.png" alt="Richelieu"></td><td><span itemprop="price">4,99 $</span><span itemprop="eligibleQuantity" itemscope="" itemtype="http://schema.org/QuantitativeValue">/<span itemprop="unitText">2lb (907g)</span></span></td><td>0,55 $/100g</td><td style="display: none;">2020-02-26</td><td style="display: none;"></td><td style="display: none;">Becel</td><td style="display: none;"></td><td style="display: none;"></td><td style="display: none;">molle</td><td style="display: none;"></td><td style="display: none;"></td><td style="display: none;"><a class="recipeLink" href="/recipe_ingredient_search_results.php?query=(_QU5E__1__________226__[]_1_1)&amp;sos_l=fr">Recettes avec margarine</a></td></tr><tr role="row" class="odd"><td tabindex="0"><i class="fas fa-hand-rock"></i></td><td class=" not_printable"><div class="addToGL" data-soscuisine-aisle="13" data-soscuisine-sip="3940749"><i class="fa fa-cart-plus" title="Ajouter à ma liste d'épicerie"></i><div></div></div></td><td><img class="storeItemImage" alt="margarine" src="/media/images/store_item/blank.jpg"></td><td>margarine</td><td class="not_printable sorting_1">autres produits réfrigérés</td><td><img style="width:50%;" src="/media/images/logos/marchands/11.png" alt="Tradition"></td><td><span itemprop="price">4,49 $</span><span itemprop="eligibleQuantity" itemscope="" itemtype="http://schema.org/QuantitativeValue">/<span itemprop="unitText">850g</span></span></td><td>0,53 $/100g</td><td style="display: none;">2020-02-26</td><td style="display: none;"></td><td style="display: none;">Lactantia</td><td style="display: none;"></td><td style="display: none;"></td><td style="display: none;"></td><td style="display: none;"></td><td style="display: none;"></td><td style="display: none;"><a class="recipeLink" href="/recipe_ingredient_search_results.php?query=(_QU5E__1__________226__[]_1_1)&amp;sos_l=fr">Recettes avec margarine</a></td></tr><tr role="row" class="even"><td tabindex="0"><i class="fas fa-hand-rock"></i></td><td class=" not_printable"><div class="addToGL" data-soscuisine-aisle="13" data-soscuisine-sip="3941045"><i class="fa fa-cart-plus" title="Ajouter à ma liste d'épicerie"></i><div></div></div></td><td><img class="storeItemImage" alt="margarine" src="/media/images/store_item/blank.jpg"></td><td>margarine</td><td class="not_printable sorting_1">autres produits réfrigérés</td><td><img style="width:50%;" src="/media/images/logos/marchands/73.png" alt="Walmart"></td><td><span itemprop="price">3,97 $</span><span itemprop="eligibleQuantity" itemscope="" itemtype="http://schema.org/QuantitativeValue">/<span itemprop="unitText">2lb (907g)</span></span></td><td>0,44 $/100g</td><td style="display: none;">2020-02-26</td><td style="display: none;"></td><td style="display: none;">Becel</td><td style="display: none;"></td><td style="display: none;"></td><td style="display: none;"></td><td style="display: none;"></td><td style="display: none;">magasins participants</td><td style="display: none;"><a class="recipeLink" href="/recipe_ingredient_search_results.php?query=(_QU5E__1__________226__[]_1_1)&amp;sos_l=fr">Recettes avec margarine</a></td></tr><tr role="row" class="odd"><td tabindex="0"><i class="fas fa-hand-rock"></i></td><td class=" not_printable"><div class="addToGL" data-soscuisine-aisle="13" data-soscuisine-sip="3940975"><i class="fa fa-cart-plus" title="Ajouter à ma liste d'épicerie"></i><div></div></div></td><td><img class="storeItemImage" alt="margarine avec stérols" src="/media/images/store_item/blank.jpg"></td><td>margarine avec stérols</td><td class="not_printable sorting_1">autres produits réfrigérés</td><td><img style="width:50%;" src="/media/images/logos/marchands/12.png" alt="Richelieu"></td><td><span itemprop="price">4,99 $</span><span itemprop="eligibleQuantity" itemscope="" itemtype="http://schema.org/QuantitativeValue">/<span itemprop="unitText">454g (1lb)</span></span></td><td>1,10 $/100g</td><td style="display: none;">2020-02-26</td><td style="display: none;"></td><td style="display: none;">Pro Activ (Becel)</td><td style="display: none;"></td><td style="display: none;"></td><td style="display: none;"></td><td style="display: none;"></td><td style="display: none;"></td><td style="display: none;"></td></tr><tr role="row" class="even"><td tabindex="0"><i class="fas fa-exclamation"></i></td><td class=" not_printable"><div class="addToGL" data-soscuisine-aisle="13" data-soscuisine-sip="3912921"><i class="fa fa-cart-plus" title="Ajouter à ma liste d'épicerie"></i><div></div></div></td><td><img class="storeItemImage" alt="oat beverage/milk" src="/media/images/store_item/blank.jpg"></td><td>oat beverage/milk</td><td class="not_printable sorting_1">autres produits réfrigérés</td><td><img style="width:50%;" src="/media/images/logos/marchands/94.png" alt="Avril"></td><td><span itemprop="price">3,99 $</span><span itemprop="eligibleQuantity" itemscope="" itemtype="http://schema.org/QuantitativeValue">/<span itemprop="value">2</span>x<span itemprop="unitText">946mL</span></span></td><td>2,11 $/L</td><td style="display: none;">2020-03-03</td><td style="display: none;"></td><td style="display: none;">Earth's Own</td><td style="display: none;"></td><td style="display: none;"></td><td style="display: none;"></td><td style="display: none;"></td><td style="display: none;"></td><td style="display: none;"><a class="recipeLink" href="/recipe_ingredient_search_results.php?query=(_QU5E__1__________1319__[]_1_1)&amp;sos_l=fr">Recettes avec oat beverage/milk</a></td></tr><tr role="row" class="odd"><td tabindex="0"><i class="fas fa-exclamation"></i></td><td class=" not_printable"><div class="addToGL" data-soscuisine-aisle="13" data-soscuisine-sip="3912925"><i class="fa fa-cart-plus" title="Ajouter à ma liste d'épicerie"></i><div></div></div></td><td><img class="storeItemImage" alt="oat beverage/milk" src="/media/images/store_item/blank.jpg"></td><td>oat beverage/milk</td><td class="not_printable sorting_1">autres produits réfrigérés</td><td><img style="width:50%;" src="/media/images/logos/marchands/94.png" alt="Avril"></td><td><span itemprop="price">2,49 $</span><span itemprop="eligibleQuantity" itemscope="" itemtype="http://schema.org/QuantitativeValue">/<span itemprop="unitText">946mL</span></span></td><td>2,63 $/L</td><td style="display: none;">2020-03-03</td><td style="display: none;"></td><td style="display: none;">Earth's Own</td><td style="display: none;"></td><td style="display: none;"></td><td style="display: none;"></td><td style="display: none;"></td><td style="display: none;"></td><td style="display: none;"><a class="recipeLink" href="/recipe_ingredient_search_results.php?query=(_QU5E__1__________1319__[]_1_1)&amp;sos_l=fr">Recettes avec oat beverage/milk</a></td></tr><tr role="row" class="even"><td tabindex="0"><i class="fas fa-exclamation"></i></td><td class=" not_printable"><div class="addToGL" data-soscuisine-aisle="13" data-soscuisine-sip="3937319"><i class="fa fa-cart-plus" title="Ajouter à ma liste d'épicerie"></i><div></div></div></td><td><img class="storeItemImage" alt="oat beverage/milk" src="/media/images/store_item/blank.jpg"></td><td>oat beverage/milk</td><td class="not_printable sorting_1">autres produits réfrigérés</td><td><img style="width:50%;" src="/media/images/logos/marchands/95.png" alt="Marchés Tau"></td><td><span itemprop="price">3,99 $</span><span itemprop="eligibleQuantity" itemscope="" itemtype="http://schema.org/QuantitativeValue">/1,75L</span></td><td>2,28 $/L</td><td style="display: none;">2020-03-29</td><td style="display: none;"></td><td style="display: none;">Earth's Own</td><td style="display: none;"></td><td style="display: none;"></td><td style="display: none;"></td><td style="display: none;"></td><td style="display: none;"></td><td style="display: none;"><a class="recipeLink" href="/recipe_ingredient_search_results.php?query=(_QU5E__1__________1319__[]_1_1)&amp;sos_l=fr">Recettes avec oat beverage/milk</a></td></tr><tr role="row" class="odd"><td tabindex="0"><i class="fas fa-exclamation"></i></td><td class=" not_printable"><div class="addToGL" data-soscuisine-aisle="13" data-soscuisine-sip="3936017"><i class="fa fa-cart-plus" title="Ajouter à ma liste d'épicerie"></i><div></div></div></td><td><img class="storeItemImage" alt="oat beverage/milk" src="/media/images/store_item/blank.jpg"></td><td>oat beverage/milk</td><td class="not_printable sorting_1">autres produits réfrigérés</td><td><img style="width:50%;" src="/media/images/logos/marchands/62.png" alt="Supermarché PA"></td><td><span itemprop="price">2,99 $</span><span itemprop="eligibleQuantity" itemscope="" itemtype="http://schema.org/QuantitativeValue">/<span itemprop="unitText">946mL</span></span></td><td>3,16 $/L</td><td style="display: none;">2020-02-23</td><td style="display: none;"></td><td style="display: none;">Earth's Own</td><td style="display: none;"></td><td style="display: none;"></td><td style="display: none;"></td><td style="display: none;"></td><td style="display: none;"></td><td style="display: none;"><a class="recipeLink" href="/recipe_ingredient_search_results.php?query=(_QU5E__1__________1319__[]_1_1)&amp;sos_l=fr">Recettes avec oat beverage/milk</a></td></tr><tr role="row" class="even"><td tabindex="0"><i class="fa fa-thumbs-up"></i></td><td class=" not_printable"><div class="addToGL" data-soscuisine-aisle="13" data-soscuisine-sip="3938669"><i class="fa fa-cart-plus" title="Ajouter à ma liste d'épicerie"></i><div></div></div></td><td><img class="storeItemImage" alt="pâtes fraîches farcies" src="/media/images/store_item/blank.jpg"></td><td>pâtes fraîches farcies</td><td class="not_printable sorting_1">autres produits réfrigérés</td><td><img style="width:50%;" src="/media/images/logos/marchands/69.png" alt="Intermarché (Provincial)"></td><td><span itemprop="price">2,99 $</span><span itemprop="eligibleQuantity" itemscope="" itemtype="http://schema.org/QuantitativeValue">/<span itemprop="unitText">350g</span></span></td><td>8,54 $/kg</td><td style="display: none;">2020-02-26</td><td style="display: none;"></td><td style="display: none;">Ziggy's</td><td style="display: none;"></td><td style="display: none;"></td><td style="display: none;"></td><td style="display: none;"></td><td style="display: none;"></td><td style="display: none;"><a class="recipeLink" href="/recipe_ingredient_search_results.php?query=(_QU5E__1__________441__[]_1_1)&amp;sos_l=fr">Recettes avec pâtes fraîches farcies</a></td></tr><tr role="row" class="odd"><td tabindex="0"><i class="fa fa-thumbs-down"></i></td><td class=" not_printable"><div class="addToGL" data-soscuisine-aisle="13" data-soscuisine-sip="3942115"><i class="fa fa-cart-plus" title="Ajouter à ma liste d'épicerie"></i><div></div></div></td><td><img class="storeItemImage" alt="pâtes fraîches farcies" src="/media/images/store_item/blank.jpg"></td><td>pâtes fraîches farcies</td><td class="not_printable sorting_1">autres produits réfrigérés</td><td><img style="width:50%;" src="/media/images/logos/marchands/13.png" alt="Jardin Mobile"></td><td><span itemprop="price">8,00 $</span><span itemprop="eligibleQuantity" itemscope="" itemtype="http://schema.org/QuantitativeValue">/<span itemprop="value">2</span>x<span itemprop="unitText">250g</span></span></td><td>16,00 $/kg</td><td style="display: none;">2020-02-26</td><td style="display: none;"></td><td style="display: none;">O'Sole Mio</td><td style="display: none;"></td><td style="display: none;"></td><td style="display: none;"></td><td style="display: none;"></td><td style="display: none;"></td><td style="display: none;"><a class="recipeLink" href="/recipe_ingredient_search_results.php?query=(_QU5E__1__________441__[]_1_1)&amp;sos_l=fr">Recettes avec pâtes fraîches farcies</a></td></tr><tr role="row" class="even"><td tabindex="0"><i class="fa fa-thumbs-up"></i><i class="fa fa-thumbs-up"></i></td><td class=" not_printable"><div class="addToGL" data-soscuisine-aisle="13" data-soscuisine-sip="3937529"><i class="fa fa-cart-plus" title="Ajouter à ma liste d'épicerie"></i><div></div></div></td><td><img class="storeItemImage" alt="pâtes fraîches farcies" src="/media/images/store_item/blank.jpg"></td><td>pâtes fraîches farcies</td><td class="not_printable sorting_1">autres produits réfrigérés</td><td><img style="width:50%;" src="/media/images/logos/marchands/6.png" alt="Maxi"></td><td><span itemprop="price">2,00 $</span><span itemprop="eligibleQuantity" itemscope="" itemtype="http://schema.org/QuantitativeValue">/<span itemprop="unitText">350g</span></span></td><td>5,71 $/kg</td><td style="display: none;">2020-02-26</td><td style="display: none;"></td><td style="display: none;">Ziggy's</td><td style="display: none;"></td><td style="display: none;"></td><td style="display: none;"></td><td style="display: none;"></td><td style="display: none;"></td><td style="display: none;"><a class="recipeLink" href="/recipe_ingredient_search_results.php?query=(_QU5E__1__________441__[]_1_1)&amp;sos_l=fr">Recettes avec pâtes fraîches farcies</a></td></tr><tr role="row" class="odd"><td tabindex="0"><i class="fas fa-hand-rock"></i></td><td class=" not_printable"><div class="addToGL" data-soscuisine-aisle="13" data-soscuisine-sip="3937727"><i class="fa fa-cart-plus" title="Ajouter à ma liste d'épicerie"></i><div></div></div></td><td><img class="storeItemImage" alt="pâtes fraîches farcies" src="/media/images/store_item/blank.jpg"></td><td>pâtes fraîches farcies</td><td class="not_printable sorting_1">autres produits réfrigérés</td><td><img style="width:50%;" src="/media/images/logos/marchands/1.png" alt="Metro"></td><td><span itemprop="price">7,00 $</span><span itemprop="eligibleQuantity" itemscope="" itemtype="http://schema.org/QuantitativeValue">/<span itemprop="value">2</span>x<span itemprop="unitText">350g</span></span></td><td>10,00 $/kg</td><td style="display: none;">2020-02-26</td><td style="display: none;"></td><td style="display: none;">marque maison</td><td style="display: none;"></td><td style="display: none;"></td><td style="display: none;"></td><td style="display: none;"></td><td style="display: none;"></td><td style="display: none;"><a class="recipeLink" href="/recipe_ingredient_search_results.php?query=(_QU5E__1__________441__[]_1_1)&amp;sos_l=fr">Recettes avec pâtes fraîches farcies</a></td></tr><tr role="row" class="even"><td tabindex="0"><i class="fa fa-thumbs-up"></i></td><td class=" not_printable"><div class="addToGL" data-soscuisine-aisle="13" data-soscuisine-sip="3940609"><i class="fa fa-cart-plus" title="Ajouter à ma liste d'épicerie"></i><div></div></div></td><td><img class="storeItemImage" alt="pâtes fraîches farcies" src="/media/images/store_item/blank.jpg"></td><td>pâtes fraîches farcies</td><td class="not_printable sorting_1">autres produits réfrigérés</td><td><img style="width:50%;" src="/media/images/logos/marchands/5.png" alt="Super C"></td><td><span itemprop="price">7,99 $</span><span itemprop="eligibleQuantity" itemscope="" itemtype="http://schema.org/QuantitativeValue">/<span itemprop="unitText">1kg</span></span></td><td>7,99 $/kg</td><td style="display: none;">2020-02-26</td><td style="display: none;"></td><td style="display: none;">marque maison</td><td style="display: none;"></td><td style="display: none;"></td><td style="display: none;"></td><td style="display: none;"></td><td style="display: none;"></td><td style="display: none;"><a class="recipeLink" href="/recipe_ingredient_search_results.php?query=(_QU5E__1__________441__[]_1_1)&amp;sos_l=fr">Recettes avec pâtes fraîches farcies</a></td></tr><tr role="row" class="odd"><td tabindex="0"><i class="fas fa-hand-rock"></i></td><td class=" not_printable"><div class="addToGL" data-soscuisine-aisle="13" data-soscuisine-sip="3938389"><i class="fa fa-cart-plus" title="Ajouter à ma liste d'épicerie"></i><div></div></div></td><td><img class="storeItemImage" alt="sans-viande hachée" src="/media/images/store_item/blank.jpg"></td><td>sans-viande hachée</td><td class="not_printable sorting_1">autres produits réfrigérés</td><td><img style="width:50%;" src="/media/images/logos/marchands/7.png" alt="Intermarché (Saveurs intl.)"></td><td><span itemprop="price">3,99 $</span><span itemprop="eligibleQuantity" itemscope="" itemtype="http://schema.org/QuantitativeValue">/<span itemprop="unitText">340g</span></span></td><td>11,74 $/kg</td><td style="display: none;">2020-02-26</td><td style="display: none;"></td><td style="display: none;">Yves</td><td style="display: none;"></td><td style="display: none;"></td><td style="display: none;"></td><td style="display: none;"></td><td style="display: none;"></td><td style="display: none;"><a class="recipeLink" href="/recipe_ingredient_search_results.php?query=(_QU5E__1__________1181__[]_1_1)&amp;sos_l=fr">Recettes avec sans-viande hachée</a></td></tr><tr role="row" class="even"><td tabindex="0"><i class="fas fa-hand-rock"></i></td><td class=" not_printable"><div class="addToGL" data-soscuisine-aisle="13" data-soscuisine-sip="3937649"><i class="fa fa-cart-plus" title="Ajouter à ma liste d'épicerie"></i><div></div></div></td><td><img class="storeItemImage" alt="sans-viande hachée" src="/media/images/store_item/blank.jpg"></td><td>sans-viande hachée</td><td class="not_printable sorting_1">autres produits réfrigérés</td><td><img style="width:50%;" src="/media/images/logos/marchands/1.png" alt="Metro"></td><td><span itemprop="price">3,99 $</span><span itemprop="eligibleQuantity" itemscope="" itemtype="http://schema.org/QuantitativeValue">/<span itemprop="unitText">340g</span></span></td><td>11,74 $/kg</td><td style="display: none;">2020-02-26</td><td style="display: none;"></td><td style="display: none;">Yves</td><td style="display: none;"></td><td style="display: none;"></td><td style="display: none;"></td><td style="display: none;"></td><td style="display: none;"></td><td style="display: none;"><a class="recipeLink" href="/recipe_ingredient_search_results.php?query=(_QU5E__1__________1181__[]_1_1)&amp;sos_l=fr">Recettes avec sans-viande hachée</a></td></tr><tr role="row" class="odd"><td tabindex="0"><i class="fa fa-thumbs-up"></i><i class="fa fa-thumbs-up"></i></td><td class=" not_printable"><div class="addToGL" data-soscuisine-aisle="13" data-soscuisine-sip="3912815"><i class="fa fa-cart-plus" title="Ajouter à ma liste d'épicerie"></i><div></div></div></td><td><img class="storeItemImage" alt="saucisses fumées végétariennes" src="/media/images/store_item/blank.jpg"></td><td>saucisses fumées végétariennes</td><td class="not_printable sorting_1">autres produits réfrigérés</td><td><img style="width:50%;" src="/media/images/logos/marchands/94.png" alt="Avril"></td><td><span itemprop="price">6,99 $</span><span itemprop="eligibleQuantity" itemscope="" itemtype="http://schema.org/QuantitativeValue">/<span itemprop="value">2</span>x<span itemprop="unitText">380g</span></span></td><td>9,20 $/kg</td><td style="display: none;">2020-03-03</td><td style="display: none;"></td><td style="display: none;">Yves</td><td style="display: none;"></td><td style="display: none;"></td><td style="display: none;"></td><td style="display: none;"></td><td style="display: none;"></td><td style="display: none;"><a class="recipeLink" href="/recipe_ingredient_search_results.php?query=(_QU5E__1__________518__[]_1_1)&amp;sos_l=fr">Recettes avec saucisses fumées végétariennes</a></td></tr><tr role="row" class="even"><td tabindex="0"><i class="fas fa-hand-rock"></i></td><td class=" not_printable"><div class="addToGL" data-soscuisine-aisle="13" data-soscuisine-sip="3912817"><i class="fa fa-cart-plus" title="Ajouter à ma liste d'épicerie"></i><div></div></div></td><td><img class="storeItemImage" alt="saucisses fumées végétariennes" src="/media/images/store_item/blank.jpg"></td><td>saucisses fumées végétariennes</td><td class="not_printable sorting_1">autres produits réfrigérés</td><td><img style="width:50%;" src="/media/images/logos/marchands/94.png" alt="Avril"></td><td><span itemprop="price">4,49 $</span><span itemprop="eligibleQuantity" itemscope="" itemtype="http://schema.org/QuantitativeValue">/<span itemprop="unitText">380g</span></span></td><td>11,82 $/kg</td><td style="display: none;">2020-03-03</td><td style="display: none;"></td><td style="display: none;">Yves</td><td style="display: none;"></td><td style="display: none;"></td><td style="display: none;"></td><td style="display: none;"></td><td style="display: none;"></td><td style="display: none;"><a class="recipeLink" href="/recipe_ingredient_search_results.php?query=(_QU5E__1__________518__[]_1_1)&amp;sos_l=fr">Recettes avec saucisses fumées végétariennes</a></td></tr><tr role="row" class="odd"><td tabindex="0"><i class="fas fa-hand-rock"></i></td><td class=" not_printable"><div class="addToGL" data-soscuisine-aisle="13" data-soscuisine-sip="3938387"><i class="fa fa-cart-plus" title="Ajouter à ma liste d'épicerie"></i><div></div></div></td><td><img class="storeItemImage" alt="saucisses fumées végétariennes" src="/media/images/store_item/blank.jpg"></td><td>saucisses fumées végétariennes</td><td class="not_printable sorting_1">autres produits réfrigérés</td><td><img style="width:50%;" src="/media/images/logos/marchands/7.png" alt="Intermarché (Saveurs intl.)"></td><td><span itemprop="price">3,99 $</span><span itemprop="eligibleQuantity" itemscope="" itemtype="http://schema.org/QuantitativeValue">/<span itemprop="unitText">340g (12oz)</span></span></td><td>11,74 $/kg</td><td style="display: none;">2020-02-26</td><td style="display: none;"></td><td style="display: none;">Yves</td><td style="display: none;"></td><td style="display: none;"></td><td style="display: none;"></td><td style="display: none;"></td><td style="display: none;"></td><td style="display: none;"><a class="recipeLink" href="/recipe_ingredient_search_results.php?query=(_QU5E__1__________518__[]_1_1)&amp;sos_l=fr">Recettes avec saucisses fumées végétariennes</a></td></tr><tr role="row" class="even"><td tabindex="0"><i class="fas fa-hand-rock"></i></td><td class=" not_printable"><div class="addToGL" data-soscuisine-aisle="13" data-soscuisine-sip="3939009"><i class="fa fa-cart-plus" title="Ajouter à ma liste d'épicerie"></i><div></div></div></td><td><img class="storeItemImage" alt="saucisses fumées végétariennes" src="/media/images/store_item/blank.jpg"></td><td>saucisses fumées végétariennes</td><td class="not_printable sorting_1">autres produits réfrigérés</td><td><img style="width:50%;" src="/media/images/logos/marchands/64.png" alt="Mourelatos"></td><td><span itemprop="price">3,99 $</span><span itemprop="eligibleQuantity" itemscope="" itemtype="http://schema.org/QuantitativeValue">/<span itemprop="unitText">340g (12oz)</span></span></td><td>11,74 $/kg</td><td style="display: none;">2020-02-25</td><td style="display: none;"></td><td style="display: none;">Yves</td><td style="display: none;"></td><td style="display: none;"></td><td style="display: none;"></td><td style="display: none;"></td><td style="display: none;"></td><td style="display: none;"><a class="recipeLink" href="/recipe_ingredient_search_results.php?query=(_QU5E__1__________518__[]_1_1)&amp;sos_l=fr">Recettes avec saucisses fumées végétariennes</a></td></tr><tr role="row" class="odd"><td tabindex="0"><i class="fa fa-thumbs-down"></i></td><td class=" not_printable"><div class="addToGL" data-soscuisine-aisle="13" data-soscuisine-sip="3938801"><i class="fa fa-cart-plus" title="Ajouter à ma liste d'épicerie"></i><div></div></div></td><td><img class="storeItemImage" alt="saucisses fumées végétariennes" src="/media/images/store_item/blank.jpg"></td><td>saucisses fumées végétariennes</td><td class="not_printable sorting_1">autres produits réfrigérés</td><td><img style="width:50%;" src="/media/images/logos/marchands/93.png" alt="Rachelle Béry"></td><td><span itemprop="price">6,49 $</span><span itemprop="eligibleQuantity" itemscope="" itemtype="http://schema.org/QuantitativeValue">/<span itemprop="unitText">350g</span></span></td><td>18,54 $/kg</td><td style="display: none;">2020-03-04</td><td style="display: none;"></td><td style="display: none;"></td><td style="display: none;"></td><td style="display: none;"></td><td style="display: none;"></td><td style="display: none;"></td><td style="display: none;">Gusta</td><td style="display: none;"><a class="recipeLink" href="/recipe_ingredient_search_results.php?query=(_QU5E__1__________518__[]_1_1)&amp;sos_l=fr">Recettes avec saucisses fumées végétariennes</a></td></tr><tr role="row" class="even"><td tabindex="0"><i class="fa fa-thumbs-down"></i></td><td class=" not_printable"><div class="addToGL" data-soscuisine-aisle="13" data-soscuisine-sip="3939455"><i class="fa fa-cart-plus" title="Ajouter à ma liste d'épicerie"></i><div></div></div></td><td><img class="storeItemImage" alt="tartinade hoummos" src="/media/images/store_item/blank.jpg"></td><td>tartinade hoummos</td><td class="not_printable sorting_1">autres produits réfrigérés</td><td><img style="width:50%;" src="/media/images/logos/marchands/3.png" alt="IGA"></td><td><span itemprop="price">3,99 $</span><span itemprop="eligibleQuantity" itemscope="" itemtype="http://schema.org/QuantitativeValue">/<span itemprop="unitText">227g (8oz)</span></span></td><td>1,76 $/100g</td><td style="display: none;">2020-02-26</td><td style="display: none;"></td><td style="display: none;">Humm</td><td style="display: none;"></td><td style="display: none;"></td><td style="display: none;"></td><td style="display: none;"></td><td style="display: none;"></td><td style="display: none;"><a class="recipeLink" href="/recipe_ingredient_search_results.php?query=(_QU5E__1__________657__[]_1_1)&amp;sos_l=fr">Recettes avec tartinade hoummos</a></td></tr><tr role="row" class="odd"><td tabindex="0"><i class="fas fa-hand-rock"></i></td><td class=" not_printable"><div class="addToGL" data-soscuisine-aisle="13" data-soscuisine-sip="3938671"><i class="fa fa-cart-plus" title="Ajouter à ma liste d'épicerie"></i><div></div></div></td><td><img class="storeItemImage" alt="tartinade hoummos" src="/media/images/store_item/blank.jpg"></td><td>tartinade hoummos</td><td class="not_printable sorting_1">autres produits réfrigérés</td><td><img style="width:50%;" src="/media/images/logos/marchands/69.png" alt="Intermarché (Provincial)"></td><td><span itemprop="price">2,99 $</span><span itemprop="eligibleQuantity" itemscope="" itemtype="http://schema.org/QuantitativeValue">/<span itemprop="unitText">227g (8oz)</span></span></td><td>1,32 $/100g</td><td style="display: none;">2020-02-26</td><td style="display: none;"></td><td style="display: none;">marque maison</td><td style="display: none;"></td><td style="display: none;"></td><td style="display: none;"></td><td style="display: none;"></td><td style="display: none;"></td><td style="display: none;"><a class="recipeLink" href="/recipe_ingredient_search_results.php?query=(_QU5E__1__________657__[]_1_1)&amp;sos_l=fr">Recettes avec tartinade hoummos</a></td></tr><tr role="row" class="even"><td tabindex="0"><i class="fas fa-hand-rock"></i></td><td class=" not_printable"><div class="addToGL" data-soscuisine-aisle="13" data-soscuisine-sip="3938391"><i class="fa fa-cart-plus" title="Ajouter à ma liste d'épicerie"></i><div></div></div></td><td><img class="storeItemImage" alt="tartinade hoummos" src="/media/images/store_item/blank.jpg"></td><td>tartinade hoummos</td><td class="not_printable sorting_1">autres produits réfrigérés</td><td><img style="width:50%;" src="/media/images/logos/marchands/7.png" alt="Intermarché (Saveurs intl.)"></td><td><span itemprop="price">2,99 $</span><span itemprop="eligibleQuantity" itemscope="" itemtype="http://schema.org/QuantitativeValue">/<span itemprop="unitText">227g (8oz)</span></span></td><td>1,32 $/100g</td><td style="display: none;">2020-02-26</td><td style="display: none;"></td><td style="display: none;">marque maison</td><td style="display: none;"></td><td style="display: none;"></td><td style="display: none;"></td><td style="display: none;"></td><td style="display: none;"></td><td style="display: none;"><a class="recipeLink" href="/recipe_ingredient_search_results.php?query=(_QU5E__1__________657__[]_1_1)&amp;sos_l=fr">Recettes avec tartinade hoummos</a></td></tr><tr role="row" class="odd"><td tabindex="0"><i class="fas fa-hand-rock"></i></td><td class=" not_printable"><div class="addToGL" data-soscuisine-aisle="13" data-soscuisine-sip="3938261"><i class="fa fa-cart-plus" title="Ajouter à ma liste d'épicerie"></i><div></div></div></td><td><img class="storeItemImage" alt="tartinade hoummos" src="/media/images/store_item/blank.jpg"></td><td>tartinade hoummos</td><td class="not_printable sorting_1">autres produits réfrigérés</td><td><img style="width:50%;" src="/media/images/logos/marchands/2.png" alt="Provigo"></td><td><span itemprop="price">8,00 $</span><span itemprop="eligibleQuantity" itemscope="" itemtype="http://schema.org/QuantitativeValue">/<span itemprop="value">2</span>x<span itemprop="unitText">280g</span></span></td><td>1,43 $/100g</td><td style="display: none;">2020-02-26</td><td style="display: none;"></td><td style="display: none;">marque maison</td><td style="display: none;"></td><td style="display: none;"></td><td style="display: none;"></td><td style="display: none;"></td><td style="display: none;"></td><td style="display: none;"><a class="recipeLink" href="/recipe_ingredient_search_results.php?query=(_QU5E__1__________657__[]_1_1)&amp;sos_l=fr">Recettes avec tartinade hoummos</a></td></tr><tr role="row" class="even"><td tabindex="0"><i class="fa fa-thumbs-down"></i></td><td class=" not_printable"><div class="addToGL" data-soscuisine-aisle="13" data-soscuisine-sip="3938259"><i class="fa fa-cart-plus" title="Ajouter à ma liste d'épicerie"></i><div></div></div></td><td><img class="storeItemImage" alt="tartinade hoummos" src="/media/images/store_item/blank.jpg"></td><td>tartinade hoummos</td><td class="not_printable sorting_1">autres produits réfrigérés</td><td><img style="width:50%;" src="/media/images/logos/marchands/2.png" alt="Provigo"></td><td><span itemprop="price">4,49 $</span><span itemprop="eligibleQuantity" itemscope="" itemtype="http://schema.org/QuantitativeValue">/<span itemprop="unitText">280g</span></span></td><td>1,60 $/100g</td><td style="display: none;">2020-02-26</td><td style="display: none;"></td><td style="display: none;">marque maison</td><td style="display: none;"></td><td style="display: none;"></td><td style="display: none;"></td><td style="display: none;"></td><td style="display: none;"></td><td style="display: none;"><a class="recipeLink" href="/recipe_ingredient_search_results.php?query=(_QU5E__1__________657__[]_1_1)&amp;sos_l=fr">Recettes avec tartinade hoummos</a></td></tr><tr role="row" class="odd"><td tabindex="0"><i class="fas fa-hand-rock"></i></td><td class=" not_printable"><div class="addToGL" data-soscuisine-aisle="13" data-soscuisine-sip="3939357"><i class="fa fa-cart-plus" title="Ajouter à ma liste d'épicerie"></i><div></div></div></td><td><img class="storeItemImage" alt="tofu ferme" src="/media/images/store_item/blank.jpg"></td><td>tofu ferme</td><td class="not_printable sorting_1">autres produits réfrigérés</td><td><img style="width:50%;" src="/media/images/logos/marchands/3.png" alt="IGA"></td><td><span itemprop="price">5,00 $</span><span itemprop="eligibleQuantity" itemscope="" itemtype="http://schema.org/QuantitativeValue">/<span itemprop="value">2</span>x<span itemprop="unitText">450g</span></span></td><td>5,56 $/kg</td><td style="display: none;">2020-02-26</td><td style="display: none;"></td><td style="display: none;">Koo</td><td style="display: none;"></td><td style="display: none;"></td><td style="display: none;"></td><td style="display: none;"></td><td style="display: none;"></td><td style="display: none;"><a class="recipeLink" href="/recipe_ingredient_search_results.php?query=(_QU5E__1__________284__[]_1_1)&amp;sos_l=fr">Recettes avec tofu ferme</a></td></tr><tr role="row" class="even"><td tabindex="0"><i class="fas fa-hand-rock"></i></td><td class=" not_printable"><div class="addToGL" data-soscuisine-aisle="13" data-soscuisine-sip="3938795"><i class="fa fa-cart-plus" title="Ajouter à ma liste d'épicerie"></i><div></div></div></td><td><img class="storeItemImage" alt="tofu ferme" src="/media/images/store_item/blank.jpg"></td><td>tofu ferme</td><td class="not_printable sorting_1">autres produits réfrigérés</td><td><img style="width:50%;" src="/media/images/logos/marchands/93.png" alt="Rachelle Béry"></td><td><span itemprop="price">5,00 $</span><span itemprop="eligibleQuantity" itemscope="" itemtype="http://schema.org/QuantitativeValue">/<span itemprop="value">2</span>x<span itemprop="unitText">450g</span></span></td><td>5,56 $/kg</td><td style="display: none;">2020-03-04</td><td style="display: none;"></td><td style="display: none;">Koo</td><td style="display: none;"></td><td style="display: none;">extra-ferme</td><td style="display: none;"></td><td style="display: none;"></td><td style="display: none;"></td><td style="display: none;"><a class="recipeLink" href="/recipe_ingredient_search_results.php?query=(_QU5E__1__________284__[]_1_1)&amp;sos_l=fr">Recettes avec tofu ferme</a></td></tr><tr role="row" class="odd"><td tabindex="0"><i class="fa fa-thumbs-up"></i></td><td class=" not_printable"><div class="addToGL" data-soscuisine-aisle="13" data-soscuisine-sip="3940525"><i class="fa fa-cart-plus" title="Ajouter à ma liste d'épicerie"></i><div></div></div></td><td><img class="storeItemImage" alt="tofu ferme" src="/media/images/store_item/blank.jpg"></td><td>tofu ferme</td><td class="not_printable sorting_1">autres produits réfrigérés</td><td><img style="width:50%;" src="/media/images/logos/marchands/5.png" alt="Super C"></td><td><span itemprop="price">1,99 $</span><span itemprop="eligibleQuantity" itemscope="" itemtype="http://schema.org/QuantitativeValue">/<span itemprop="unitText">454g (1lb)</span></span></td><td>4,39 $/kg</td><td style="display: none;">2020-02-26</td><td style="display: none;"></td><td style="display: none;">Sunrise</td><td style="display: none;"></td><td style="display: none;"></td><td style="display: none;"></td><td style="display: none;"></td><td style="display: none;"></td><td style="display: none;"><a class="recipeLink" href="/recipe_ingredient_search_results.php?query=(_QU5E__1__________284__[]_1_1)&amp;sos_l=fr">Recettes avec tofu ferme</a></td></tr><tr role="row" class="even"><td tabindex="0"><i class="fa fa-thumbs-up"></i></td><td class=" not_printable"><div class="addToGL" data-soscuisine-aisle="13" data-soscuisine-sip="3935961"><i class="fa fa-cart-plus" title="Ajouter à ma liste d'épicerie"></i><div></div></div></td><td><img class="storeItemImage" alt="tofu ferme" src="/media/images/store_item/blank.jpg"></td><td>tofu ferme</td><td class="not_printable sorting_1">autres produits réfrigérés</td><td><img style="width:50%;" src="/media/images/logos/marchands/62.png" alt="Supermarché PA"></td><td><span itemprop="price">1,99 $</span><span itemprop="eligibleQuantity" itemscope="" itemtype="http://schema.org/QuantitativeValue">/<span itemprop="unitText">400g</span></span></td><td>4,98 $/kg</td><td style="display: none;">2020-02-23</td><td style="display: none;"></td><td style="display: none;">Fontaine Santé</td><td style="display: none;"></td><td style="display: none;"></td><td style="display: none;"></td><td style="display: none;"></td><td style="display: none;"></td><td style="display: none;"><a class="recipeLink" href="/recipe_ingredient_search_results.php?query=(_QU5E__1__________284__[]_1_1)&amp;sos_l=fr">Recettes avec tofu ferme</a></td></tr><tr role="row" class="odd"><td tabindex="0"><i class="fa fa-thumbs-down"></i></td><td class=" not_printable"><div class="addToGL" data-soscuisine-aisle="13" data-soscuisine-sip="3938797"><i class="fa fa-cart-plus" title="Ajouter à ma liste d'épicerie"></i><div></div></div></td><td><img class="storeItemImage" alt="tofu ferme BIO" src="/media/images/store_item/blank.jpg"></td><td>tofu ferme BIO</td><td class="not_printable sorting_1">autres produits réfrigérés</td><td><img style="width:50%;" src="/media/images/logos/marchands/93.png" alt="Rachelle Béry"></td><td><span itemprop="price">6,00 $</span><span itemprop="eligibleQuantity" itemscope="" itemtype="http://schema.org/QuantitativeValue">/<span itemprop="value">2</span>x<span itemprop="unitText">450g</span></span></td><td>6,67 $/kg</td><td style="display: none;">2020-03-04</td><td style="display: none;"></td><td style="display: none;">Koo</td><td style="display: none;"></td><td style="display: none;"></td><td style="display: none;"></td><td style="display: none;"></td><td style="display: none;"></td><td style="display: none;"><a class="recipeLink" href="/recipe_ingredient_search_results.php?query=(_QU5E__1__________795__[]_1_1)&amp;sos_l=fr">Recettes avec tofu ferme BIO</a></td></tr><tr role="row" class="even"><td tabindex="0"><i class="fa fa-thumbs-down"></i></td><td class=" not_printable"><div class="addToGL" data-soscuisine-aisle="13" data-soscuisine-sip="3940541"><i class="fa fa-cart-plus" title="Ajouter à ma liste d'épicerie"></i><div></div></div></td><td><img class="storeItemImage" alt="tofu ferme BIO" src="/media/images/store_item/blank.jpg"></td><td>tofu ferme BIO</td><td class="not_printable sorting_1">autres produits réfrigérés</td><td><img style="width:50%;" src="/media/images/logos/marchands/5.png" alt="Super C"></td><td><span itemprop="price">3,49 $</span><span itemprop="eligibleQuantity" itemscope="" itemtype="http://schema.org/QuantitativeValue">/<span itemprop="unitText">400g</span></span></td><td>8,73 $/kg</td><td style="display: none;">2020-02-26</td><td style="display: none;"></td><td style="display: none;"></td><td style="display: none;"></td><td style="display: none;">sans gluten</td><td style="display: none;"></td><td style="display: none;"></td><td style="display: none;">Sol Cuisine</td><td style="display: none;"><a class="recipeLink" href="/recipe_ingredient_search_results.php?query=(_QU5E__1__________795__[]_1_1)&amp;sos_l=fr">Recettes avec tofu ferme BIO</a></td></tr><tr role="row" class="odd"><td tabindex="0"><i class="fas fa-exclamation"></i></td><td class=" not_printable"><div class="addToGL" data-soscuisine-aisle="13" data-soscuisine-sip="3939359"><i class="fa fa-cart-plus" title="Ajouter à ma liste d'épicerie"></i><div></div></div></td><td><img class="storeItemImage" alt="tofu mou/soyeux" src="/media/images/store_item/blank.jpg"></td><td>tofu mou/soyeux</td><td class="not_printable sorting_1">autres produits réfrigérés</td><td><img style="width:50%;" src="/media/images/logos/marchands/3.png" alt="IGA"></td><td><span itemprop="price">5,00 $</span><span itemprop="eligibleQuantity" itemscope="" itemtype="http://schema.org/QuantitativeValue">/<span itemprop="value">2</span>x<span itemprop="unitText">450g</span></span></td><td>5,56 $/kg</td><td style="display: none;">2020-02-26</td><td style="display: none;"></td><td style="display: none;">Koo</td><td style="display: none;"></td><td style="display: none;"></td><td style="display: none;"></td><td style="display: none;"></td><td style="display: none;"></td><td style="display: none;"><a class="recipeLink" href="/recipe_ingredient_search_results.php?query=(_QU5E__1__________410__[]_1_1)&amp;sos_l=fr">Recettes avec tofu mou/soyeux</a></td></tr><tr role="row" class="even"><td tabindex="0"><i class="fas fa-exclamation"></i></td><td class=" not_printable"><div class="addToGL" data-soscuisine-aisle="13" data-soscuisine-sip="3940527"><i class="fa fa-cart-plus" title="Ajouter à ma liste d'épicerie"></i><div></div></div></td><td><img class="storeItemImage" alt="tofu mou/soyeux" src="/media/images/store_item/blank.jpg"></td><td>tofu mou/soyeux</td><td class="not_printable sorting_1">autres produits réfrigérés</td><td><img style="width:50%;" src="/media/images/logos/marchands/5.png" alt="Super C"></td><td><span itemprop="price">3,00 $</span><span itemprop="eligibleQuantity" itemscope="" itemtype="http://schema.org/QuantitativeValue">/<span itemprop="value">4</span>x<span itemprop="unitText">150g</span></span></td><td>5,00 $/kg</td><td style="display: none;">2020-02-26</td><td style="display: none;"></td><td style="display: none;">Sunrise</td><td style="display: none;"></td><td style="display: none;"></td><td style="display: none;"></td><td style="display: none;"></td><td style="display: none;"></td><td style="display: none;"><a class="recipeLink" href="/recipe_ingredient_search_results.php?query=(_QU5E__1__________410__[]_1_1)&amp;sos_l=fr">Recettes avec tofu mou/soyeux</a></td></tr><tr role="row" class="odd"><td tabindex="0"><i class="fas fa-circle"></i></td><td class=" not_printable"><div class="addToGL" data-soscuisine-aisle="13" data-soscuisine-sip="3914257"><i class="fa fa-cart-plus" title="Ajouter à ma liste d'épicerie"></i><div></div></div></td><td><img class="storeItemImage" alt="yogourt de soya" src="/media/images/store_item/blank.jpg"></td><td>yogourt de soya</td><td class="not_printable sorting_1">autres produits réfrigérés</td><td><img style="width:50%;" src="/media/images/logos/marchands/94.png" alt="Avril"></td><td><span itemprop="price">5,99 $</span><span itemprop="eligibleQuantity" itemscope="" itemtype="http://schema.org/QuantitativeValue">/<span itemprop="unitText">680g</span></span></td><td>N/A</td><td style="display: none;">2020-03-03</td><td style="display: none;"></td><td style="display: none;">Silk</td><td style="display: none;"></td><td style="display: none;">noix de coco</td><td style="display: none;"></td><td style="display: none;"></td><td style="display: none;"></td><td style="display: none;"><a class="recipeLink" href="/recipe_ingredient_search_results.php?query=(_QU5E__1__________1122__[]_1_1)&amp;sos_l=fr">Recettes avec yogourt de soya</a></td></tr><tr role="row" class="even"><td tabindex="0"><i class="fas fa-circle"></i></td><td class=" not_printable"><div class="addToGL" data-soscuisine-aisle="13" data-soscuisine-sip="3937785"><i class="fa fa-cart-plus" title="Ajouter à ma liste d'épicerie"></i><div></div></div></td><td><img class="storeItemImage" alt="yogourt de soya" src="/media/images/store_item/blank.jpg"></td><td>yogourt de soya</td><td class="not_printable sorting_1">autres produits réfrigérés</td><td><img style="width:50%;" src="/media/images/logos/marchands/1.png" alt="Metro"></td><td><span itemprop="price">4,99 $</span><span itemprop="eligibleQuantity" itemscope="" itemtype="http://schema.org/QuantitativeValue">/<span itemprop="unitText">500g</span></span></td><td>N/A</td><td style="display: none;">2020-02-26</td><td style="display: none;"></td><td style="display: none;">Riviera</td><td style="display: none;"></td><td style="display: none;">noix de coco</td><td style="display: none;"></td><td style="display: none;"></td><td style="display: none;"></td><td style="display: none;"><a class="recipeLink" href="/recipe_ingredient_search_results.php?query=(_QU5E__1__________1122__[]_1_1)&amp;sos_l=fr">Recettes avec yogourt de soya</a></td></tr><tr role="row" class="odd"><td tabindex="0"><i class="fa fa-thumbs-down"></i></td><td class=" not_printable"><div class="addToGL" data-soscuisine-aisle="8" data-soscuisine-sip="3938341"><i class="fa fa-cart-plus" title="Ajouter à ma liste d'épicerie"></i><div></div></div></td><td><img class="storeItemImage" alt="crème glacée à la vanille" src="/media/images/store_item/blank.jpg"></td><td>crème glacée à la vanille</td><td class="not_printable sorting_1">produits surgelés</td><td><img style="width:50%;" src="/media/images/logos/marchands/2.png" alt="Provigo"></td><td><span itemprop="price">4,99 $</span><span itemprop="eligibleQuantity" itemscope="" itemtype="http://schema.org/QuantitativeValue">/<span itemprop="unitText">1,5L</span></span></td><td>5,47 $/kg</td><td style="display: none;">2020-02-26</td><td style="display: none;"></td><td style="display: none;">marque maison</td><td style="display: none;"></td><td style="display: none;"></td><td style="display: none;"></td><td style="display: none;"></td><td style="display: none;"></td><td style="display: none;"><a class="recipeLink" href="/recipe_ingredient_search_results.php?query=(_QU5E__1__________362__[]_1_1)&amp;sos_l=fr">Recettes avec crème glacée à la vanille</a></td></tr><tr role="row" class="even"><td tabindex="0"><i class="fa fa-thumbs-up"></i><i class="fa fa-thumbs-up"></i></td><td class=" not_printable"><div class="addToGL" data-soscuisine-aisle="8" data-soscuisine-sip="3937433"><i class="fa fa-cart-plus" title="Ajouter à ma liste d'épicerie"></i><div></div></div></td><td><img class="storeItemImage" alt="dessert glacé" src="/media/images/store_item/blank.jpg"></td><td>dessert glacé</td><td class="not_printable sorting_1">produits surgelés</td><td><img style="width:50%;" src="/media/images/logos/marchands/6.png" alt="Maxi"></td><td><span itemprop="price">2,00 $</span><span itemprop="eligibleQuantity" itemscope="" itemtype="http://schema.org/QuantitativeValue">/<span itemprop="unitText">1,66L</span></span></td><td>1,98 $/kg</td><td style="display: none;">2020-02-26</td><td style="display: none;"></td><td style="display: none;">Breyers</td><td style="display: none;"></td><td style="display: none;"></td><td style="display: none;"></td><td style="display: none;"></td><td style="display: none;"></td><td style="display: none;"></td></tr><tr role="row" class="odd"><td tabindex="0"><i class="fas fa-hand-rock"></i></td><td class=" not_printable"><div class="addToGL" data-soscuisine-aisle="8" data-soscuisine-sip="3938339"><i class="fa fa-cart-plus" title="Ajouter à ma liste d'épicerie"></i><div></div></div></td><td><img class="storeItemImage" alt="dessert glacé" src="/media/images/store_item/blank.jpg"></td><td>dessert glacé</td><td class="not_printable sorting_1">produits surgelés</td><td><img style="width:50%;" src="/media/images/logos/marchands/2.png" alt="Provigo"></td><td><span itemprop="price">3,99 $</span><span itemprop="eligibleQuantity" itemscope="" itemtype="http://schema.org/QuantitativeValue">/<span itemprop="unitText">1,66L</span></span></td><td>3,95 $/kg</td><td style="display: none;">2020-02-26</td><td style="display: none;"></td><td style="display: none;">Breyers</td><td style="display: none;"></td><td style="display: none;"></td><td style="display: none;"></td><td style="display: none;"></td><td style="display: none;"></td><td style="display: none;"></td></tr><tr role="row" class="even"><td tabindex="0"><i class="fas fa-hand-rock"></i></td><td class=" not_printable"><div class="addToGL" data-soscuisine-aisle="8" data-soscuisine-sip="3940423"><i class="fa fa-cart-plus" title="Ajouter à ma liste d'épicerie"></i><div></div></div></td><td><img class="storeItemImage" alt="dessert glacé" src="/media/images/store_item/blank.jpg"></td><td>dessert glacé</td><td class="not_printable sorting_1">produits surgelés</td><td><img style="width:50%;" src="/media/images/logos/marchands/11.png" alt="Tradition"></td><td><span itemprop="price">9,99 $</span><span itemprop="eligibleQuantity" itemscope="" itemtype="http://schema.org/QuantitativeValue">/<span itemprop="value">3</span>x<span itemprop="unitText">1,5L</span></span></td><td>3,65 $/kg</td><td style="display: none;">2020-02-26</td><td style="display: none;"></td><td style="display: none;">Nestlé</td><td style="display: none;"></td><td style="display: none;"></td><td style="display: none;"></td><td style="display: none;"></td><td style="display: none;"></td><td style="display: none;"></td></tr><tr role="row" class="odd"><td tabindex="0"><i class="fa fa-thumbs-down"></i></td><td class=" not_printable"><div class="addToGL" data-soscuisine-aisle="8" data-soscuisine-sip="3940417"><i class="fa fa-cart-plus" title="Ajouter à ma liste d'épicerie"></i><div></div></div></td><td><img class="storeItemImage" alt="dessert glacé" src="/media/images/store_item/blank.jpg"></td><td>dessert glacé</td><td class="not_printable sorting_1">produits surgelés</td><td><img style="width:50%;" src="/media/images/logos/marchands/11.png" alt="Tradition"></td><td><span itemprop="price">4,49 $</span><span itemprop="eligibleQuantity" itemscope="" itemtype="http://schema.org/QuantitativeValue">/<span itemprop="unitText">1,5L</span></span></td><td>4,92 $/kg</td><td style="display: none;">2020-02-26</td><td style="display: none;"></td><td style="display: none;">Nestlé</td><td style="display: none;"></td><td style="display: none;"></td><td style="display: none;"></td><td style="display: none;"></td><td style="display: none;"></td><td style="display: none;"></td></tr><tr role="row" class="even"><td tabindex="0"><i class="fas fa-hand-rock"></i></td><td class=" not_printable"><div class="addToGL" data-soscuisine-aisle="8" data-soscuisine-sip="3941047"><i class="fa fa-cart-plus" title="Ajouter à ma liste d'épicerie"></i><div></div></div></td><td><img class="storeItemImage" alt="dessert glacé" src="/media/images/store_item/blank.jpg"></td><td>dessert glacé</td><td class="not_printable sorting_1">produits surgelés</td><td><img style="width:50%;" src="/media/images/logos/marchands/73.png" alt="Walmart"></td><td><span itemprop="price">2,88 $</span><span itemprop="eligibleQuantity" itemscope="" itemtype="http://schema.org/QuantitativeValue">/<span itemprop="unitText">1,5L</span></span></td><td>3,16 $/kg</td><td style="display: none;">2020-02-26</td><td style="display: none;"></td><td style="display: none;">Nestlé</td><td style="display: none;"></td><td style="display: none;"></td><td style="display: none;"></td><td style="display: none;"></td><td style="display: none;"></td><td style="display: none;"></td></tr><tr role="row" class="odd"><td tabindex="0"><i class="fas fa-hand-rock"></i></td><td class=" not_printable"><div class="addToGL" data-soscuisine-aisle="8" data-soscuisine-sip="3939655"><i class="fa fa-cart-plus" title="Ajouter à ma liste d'épicerie"></i><div></div></div></td><td><img class="storeItemImage" alt="gaufres" src="/media/images/store_item/blank.jpg"></td><td>gaufres</td><td class="not_printable sorting_1">produits surgelés</td><td><img style="width:50%;" src="/media/images/logos/marchands/3.png" alt="IGA"></td><td><span itemprop="price">2,99 $</span><span itemprop="eligibleQuantity" itemscope="" itemtype="http://schema.org/QuantitativeValue">/<span itemprop="unitText">280g</span></span></td><td>1,07 $/100g</td><td style="display: none;">2020-02-26</td><td style="display: none;"></td><td style="display: none;">Eggo (Kellogg's)</td><td style="display: none;"></td><td style="display: none;"></td><td style="display: none;"></td><td style="display: none;"></td><td style="display: none;"></td><td style="display: none;"><a class="recipeLink" href="/recipe_ingredient_search_results.php?query=(_QU5E__1__________1110__[]_1_1)&amp;sos_l=fr">Recettes avec gaufres</a></td></tr><tr role="row" class="even"><td tabindex="0"><i class="fa fa-thumbs-up"></i></td><td class=" not_printable"><div class="addToGL" data-soscuisine-aisle="8" data-soscuisine-sip="3939369"><i class="fa fa-cart-plus" title="Ajouter à ma liste d'épicerie"></i><div></div></div></td><td><img class="storeItemImage" alt="gaufres" src="/media/images/store_item/blank.jpg"></td><td>gaufres</td><td class="not_printable sorting_1">produits surgelés</td><td><img style="width:50%;" src="/media/images/logos/marchands/63.png" alt="Marché Adonis"></td><td><span itemprop="price">4,99 $</span><span itemprop="eligibleQuantity" itemscope="" itemtype="http://schema.org/QuantitativeValue">/<span itemprop="unitText">560g</span></span></td><td>0,89 $/100g</td><td style="display: none;">2020-02-26</td><td style="display: none;"></td><td style="display: none;">Eggo (Kellogg's)</td><td style="display: none;"></td><td style="display: none;"></td><td style="display: none;"></td><td style="display: none;"></td><td style="display: none;"></td><td style="display: none;"><a class="recipeLink" href="/recipe_ingredient_search_results.php?query=(_QU5E__1__________1110__[]_1_1)&amp;sos_l=fr">Recettes avec gaufres</a></td></tr><tr role="row" class="odd"><td tabindex="0"><i class="fa fa-thumbs-down"></i></td><td class=" not_printable"><div class="addToGL" data-soscuisine-aisle="8" data-soscuisine-sip="3937327"><i class="fa fa-cart-plus" title="Ajouter à ma liste d'épicerie"></i><div></div></div></td><td><img class="storeItemImage" alt="gaufres" src="/media/images/store_item/blank.jpg"></td><td>gaufres</td><td class="not_printable sorting_1">produits surgelés</td><td><img style="width:50%;" src="/media/images/logos/marchands/95.png" alt="Marchés Tau"></td><td><span itemprop="price">3,99 $</span><span itemprop="eligibleQuantity" itemscope="" itemtype="http://schema.org/QuantitativeValue">/<span itemprop="unitText">210g</span></span></td><td>1,90 $/100g</td><td style="display: none;">2020-03-29</td><td style="display: none;"></td><td style="display: none;">Nature's Path</td><td style="display: none;"></td><td style="display: none;"></td><td style="display: none;">Bio</td><td style="display: none;"></td><td style="display: none;"></td><td style="display: none;"><a class="recipeLink" href="/recipe_ingredient_search_results.php?query=(_QU5E__1__________1110__[]_1_1)&amp;sos_l=fr">Recettes avec gaufres</a></td></tr><tr role="row" class="even"><td tabindex="0"><i class="fa fa-thumbs-up"></i></td><td class=" not_printable"><div class="addToGL" data-soscuisine-aisle="8" data-soscuisine-sip="3938343"><i class="fa fa-cart-plus" title="Ajouter à ma liste d'épicerie"></i><div></div></div></td><td><img class="storeItemImage" alt="gaufres" src="/media/images/store_item/blank.jpg"></td><td>gaufres</td><td class="not_printable sorting_1">produits surgelés</td><td><img style="width:50%;" src="/media/images/logos/marchands/2.png" alt="Provigo"></td><td><span itemprop="price">4,99 $</span><span itemprop="eligibleQuantity" itemscope="" itemtype="http://schema.org/QuantitativeValue">/<span itemprop="unitText">560g</span></span></td><td>0,89 $/100g</td><td style="display: none;">2020-02-26</td><td style="display: none;"></td><td style="display: none;">Eggo (Kellogg's)</td><td style="display: none;"></td><td style="display: none;"></td><td style="display: none;"></td><td style="display: none;"></td><td style="display: none;"></td><td style="display: none;"><a class="recipeLink" href="/recipe_ingredient_search_results.php?query=(_QU5E__1__________1110__[]_1_1)&amp;sos_l=fr">Recettes avec gaufres</a></td></tr><tr role="row" class="odd"><td tabindex="0"><i class="fa fa-thumbs-up"></i><i class="fa fa-thumbs-up"></i></td><td class=" not_printable"><div class="addToGL" data-soscuisine-aisle="8" data-soscuisine-sip="3940665"><i class="fa fa-cart-plus" title="Ajouter à ma liste d'épicerie"></i><div></div></div></td><td><img class="storeItemImage" alt="gaufres" src="/media/images/store_item/blank.jpg"></td><td>gaufres</td><td class="not_printable sorting_1">produits surgelés</td><td><img style="width:50%;" src="/media/images/logos/marchands/5.png" alt="Super C"></td><td><span itemprop="price">3,99 $</span><span itemprop="eligibleQuantity" itemscope="" itemtype="http://schema.org/QuantitativeValue">/<span itemprop="unitText">560g</span></span></td><td>0,71 $/100g</td><td style="display: none;">2020-02-26</td><td style="display: none;"></td><td style="display: none;">Eggo (Kellogg's)</td><td style="display: none;"></td><td style="display: none;"></td><td style="display: none;"></td><td style="display: none;"></td><td style="display: none;"></td><td style="display: none;"><a class="recipeLink" href="/recipe_ingredient_search_results.php?query=(_QU5E__1__________1110__[]_1_1)&amp;sos_l=fr">Recettes avec gaufres</a></td></tr><tr role="row" class="even"><td tabindex="0"><i class="fa fa-thumbs-up"></i></td><td class=" not_printable"><div class="addToGL" data-soscuisine-aisle="8" data-soscuisine-sip="3940809"><i class="fa fa-cart-plus" title="Ajouter à ma liste d'épicerie"></i><div></div></div></td><td><img class="storeItemImage" alt="gaufres" src="/media/images/store_item/blank.jpg"></td><td>gaufres</td><td class="not_printable sorting_1">produits surgelés</td><td><img style="width:50%;" src="/media/images/logos/marchands/11.png" alt="Tradition"></td><td><span itemprop="price">4,99 $</span><span itemprop="eligibleQuantity" itemscope="" itemtype="http://schema.org/QuantitativeValue">/<span itemprop="unitText">560g</span></span></td><td>0,89 $/100g</td><td style="display: none;">2020-02-26</td><td style="display: none;"></td><td style="display: none;">Eggo (Kellogg's)</td><td style="display: none;"></td><td style="display: none;"></td><td style="display: none;"></td><td style="display: none;"></td><td style="display: none;"></td><td style="display: none;"><a class="recipeLink" href="/recipe_ingredient_search_results.php?query=(_QU5E__1__________1110__[]_1_1)&amp;sos_l=fr">Recettes avec gaufres</a></td></tr><tr role="row" class="odd"><td tabindex="0"><i class="fa fa-thumbs-up"></i><i class="fa fa-thumbs-up"></i></td><td class=" not_printable"><div class="addToGL" data-soscuisine-aisle="8" data-soscuisine-sip="3939627"><i class="fa fa-cart-plus" title="Ajouter à ma liste d'épicerie"></i><div></div></div></td><td><img class="storeItemImage" alt="légumes surgelés" src="/media/images/store_item/blank.jpg"></td><td>légumes surgelés</td><td class="not_printable sorting_1">produits surgelés</td><td><img style="width:50%;" src="/media/images/logos/marchands/10.png" alt="Bonichoix "></td><td><span itemprop="price">2,99 $</span><span itemprop="eligibleQuantity" itemscope="" itemtype="http://schema.org/QuantitativeValue">/<span itemprop="unitText">1kg</span></span></td><td>2,99 $/kg</td><td style="display: none;">2020-02-26</td><td style="display: none;"></td><td style="display: none;">marque maison</td><td style="display: none;"></td><td style="display: none;">types variés</td><td style="display: none;"></td><td style="display: none;"></td><td style="display: none;"></td><td style="display: none;"><a class="recipeLink" href="/recipe_ingredient_search_results.php?query=(_QU5E__1__________350__[]_1_1)&amp;sos_l=fr">Recettes avec légumes surgelés</a></td></tr><tr role="row" class="even"><td tabindex="0"><i class="fas fa-hand-rock"></i></td><td class=" not_printable"><div class="addToGL" data-soscuisine-aisle="8" data-soscuisine-sip="3938705"><i class="fa fa-cart-plus" title="Ajouter à ma liste d'épicerie"></i><div></div></div></td><td><img class="storeItemImage" alt="légumes surgelés" src="/media/images/store_item/blank.jpg"></td><td>légumes surgelés</td><td class="not_printable sorting_1">produits surgelés</td><td><img style="width:50%;" src="/media/images/logos/marchands/69.png" alt="Intermarché (Provincial)"></td><td><span itemprop="price">2,99 $</span><span itemprop="eligibleQuantity" itemscope="" itemtype="http://schema.org/QuantitativeValue">/<span itemprop="unitText">750g</span></span></td><td>3,99 $/kg</td><td style="display: none;">2020-02-26</td><td style="display: none;"></td><td style="display: none;">marque maison</td><td style="display: none;"></td><td style="display: none;">types variés</td><td style="display: none;"></td><td style="display: none;"></td><td style="display: none;"></td><td style="display: none;"><a class="recipeLink" href="/recipe_ingredient_search_results.php?query=(_QU5E__1__________350__[]_1_1)&amp;sos_l=fr">Recettes avec légumes surgelés</a></td></tr><tr role="row" class="odd"><td tabindex="0"><i class="fas fa-hand-rock"></i></td><td class=" not_printable"><div class="addToGL" data-soscuisine-aisle="8" data-soscuisine-sip="3938467"><i class="fa fa-cart-plus" title="Ajouter à ma liste d'épicerie"></i><div></div></div></td><td><img class="storeItemImage" alt="légumes surgelés" src="/media/images/store_item/blank.jpg"></td><td>légumes surgelés</td><td class="not_printable sorting_1">produits surgelés</td><td><img style="width:50%;" src="/media/images/logos/marchands/7.png" alt="Intermarché (Saveurs intl.)"></td><td><span itemprop="price">2,99 $</span><span itemprop="eligibleQuantity" itemscope="" itemtype="http://schema.org/QuantitativeValue">/<span itemprop="unitText">750g</span></span></td><td>3,99 $/kg</td><td style="display: none;">2020-02-26</td><td style="display: none;"></td><td style="display: none;">marque maison</td><td style="display: none;"></td><td style="display: none;">types variés</td><td style="display: none;"></td><td style="display: none;"></td><td style="display: none;"></td><td style="display: none;"><a class="recipeLink" href="/recipe_ingredient_search_results.php?query=(_QU5E__1__________350__[]_1_1)&amp;sos_l=fr">Recettes avec légumes surgelés</a></td></tr><tr role="row" class="even"><td tabindex="0"><i class="fa fa-thumbs-down"></i></td><td class=" not_printable"><div class="addToGL" data-soscuisine-aisle="8" data-soscuisine-sip="3937367"><i class="fa fa-cart-plus" title="Ajouter à ma liste d'épicerie"></i><div></div></div></td><td><img class="storeItemImage" alt="légumes surgelés" src="/media/images/store_item/blank.jpg"></td><td>légumes surgelés</td><td class="not_printable sorting_1">produits surgelés</td><td><img style="width:50%;" src="/media/images/logos/marchands/95.png" alt="Marchés Tau"></td><td><span itemprop="price">3,79 $</span><span itemprop="eligibleQuantity" itemscope="" itemtype="http://schema.org/QuantitativeValue">/<span itemprop="unitText">350g</span></span></td><td>10,83 $/kg</td><td style="display: none;">2020-03-29</td><td style="display: none;"></td><td style="display: none;">Earthbound Farm</td><td style="display: none;"></td><td style="display: none;"></td><td style="display: none;">Bio</td><td style="display: none;"></td><td style="display: none;"></td><td style="display: none;"><a class="recipeLink" href="/recipe_ingredient_search_results.php?query=(_QU5E__1__________350__[]_1_1)&amp;sos_l=fr">Recettes avec légumes surgelés</a></td></tr><tr role="row" class="odd"><td tabindex="0"><i class="fas fa-hand-rock"></i></td><td class=" not_printable"><div class="addToGL" data-soscuisine-aisle="8" data-soscuisine-sip="3937841"><i class="fa fa-cart-plus" title="Ajouter à ma liste d'épicerie"></i><div></div></div></td><td><img class="storeItemImage" alt="légumes surgelés" src="/media/images/store_item/blank.jpg"></td><td>légumes surgelés</td><td class="not_printable sorting_1">produits surgelés</td><td><img style="width:50%;" src="/media/images/logos/marchands/1.png" alt="Metro"></td><td><span itemprop="price">3,49 $</span><span itemprop="eligibleQuantity" itemscope="" itemtype="http://schema.org/QuantitativeValue">/<span itemprop="unitText">750g</span></span></td><td>4,65 $/kg</td><td style="display: none;">2020-02-26</td><td style="display: none;"></td><td style="display: none;">Arctic Gardens</td><td style="display: none;"></td><td style="display: none;">types variés</td><td style="display: none;"></td><td style="display: none;"></td><td style="display: none;"></td><td style="display: none;"><a class="recipeLink" href="/recipe_ingredient_search_results.php?query=(_QU5E__1__________350__[]_1_1)&amp;sos_l=fr">Recettes avec légumes surgelés</a></td></tr><tr role="row" class="even"><td tabindex="0"><i class="fas fa-hand-rock"></i></td><td class=" not_printable"><div class="addToGL" data-soscuisine-aisle="8" data-soscuisine-sip="3940659"><i class="fa fa-cart-plus" title="Ajouter à ma liste d'épicerie"></i><div></div></div></td><td><img class="storeItemImage" alt="légumes surgelés" src="/media/images/store_item/blank.jpg"></td><td>légumes surgelés</td><td class="not_printable sorting_1">produits surgelés</td><td><img style="width:50%;" src="/media/images/logos/marchands/5.png" alt="Super C"></td><td><span itemprop="price">2,99 $</span><span itemprop="eligibleQuantity" itemscope="" itemtype="http://schema.org/QuantitativeValue">/<span itemprop="unitText">750g</span></span></td><td>3,99 $/kg</td><td style="display: none;">2020-02-26</td><td style="display: none;">Québec</td><td style="display: none;">Arctic Gardens</td><td style="display: none;"></td><td style="display: none;"></td><td style="display: none;"></td><td style="display: none;"></td><td style="display: none;"></td><td style="display: none;"><a class="recipeLink" href="/recipe_ingredient_search_results.php?query=(_QU5E__1__________350__[]_1_1)&amp;sos_l=fr">Recettes avec légumes surgelés</a></td></tr><tr role="row" class="odd"><td tabindex="0"><i class="fa fa-thumbs-up"></i></td><td class=" not_printable"><div class="addToGL" data-soscuisine-aisle="8" data-soscuisine-sip="3935995"><i class="fa fa-cart-plus" title="Ajouter à ma liste d'épicerie"></i><div></div></div></td><td><img class="storeItemImage" alt="légumes surgelés" src="/media/images/store_item/blank.jpg"></td><td>légumes surgelés</td><td class="not_printable sorting_1">produits surgelés</td><td><img style="width:50%;" src="/media/images/logos/marchands/62.png" alt="Supermarché PA"></td><td><span itemprop="price">4,50 $</span><span itemprop="eligibleQuantity" itemscope="" itemtype="http://schema.org/QuantitativeValue">/<span itemprop="value">2</span>x<span itemprop="unitText">750g</span></span></td><td>3,00 $/kg</td><td style="display: none;">2020-02-23</td><td style="display: none;"></td><td style="display: none;">Ilios</td><td style="display: none;"></td><td style="display: none;"></td><td style="display: none;"></td><td style="display: none;"></td><td style="display: none;"></td><td style="display: none;"><a class="recipeLink" href="/recipe_ingredient_search_results.php?query=(_QU5E__1__________350__[]_1_1)&amp;sos_l=fr">Recettes avec légumes surgelés</a></td></tr><tr role="row" class="even"><td tabindex="0"><i class="fa fa-thumbs-down"></i></td><td class=" not_printable"><div class="addToGL" data-soscuisine-aisle="8" data-soscuisine-sip="3939713"><i class="fa fa-cart-plus" title="Ajouter à ma liste d'épicerie"></i><div></div></div></td><td><img class="storeItemImage" alt="pâte feuilletée" src="/media/images/store_item/blank.jpg"></td><td>pâte feuilletée</td><td class="not_printable sorting_1">produits surgelés</td><td><img style="width:50%;" src="/media/images/logos/marchands/10.png" alt="Bonichoix "></td><td><span itemprop="price">2,99 $</span><span itemprop="eligibleQuantity" itemscope="" itemtype="http://schema.org/QuantitativeValue">/<span itemprop="unitText">397g (14oz)</span></span></td><td>7,53 $/kg</td><td style="display: none;">2020-02-26</td><td style="display: none;"></td><td style="display: none;">Tenderflake</td><td style="display: none;"></td><td style="display: none;"></td><td style="display: none;"></td><td style="display: none;"></td><td style="display: none;"></td><td style="display: none;"><a class="recipeLink" href="/recipe_ingredient_search_results.php?query=(_QU5E__1__________268__[]_1_1)&amp;sos_l=fr">Recettes avec pâte feuilletée</a></td></tr><tr role="row" class="odd"><td tabindex="0"><i class="fa fa-thumbs-down"></i></td><td class=" not_printable"><div class="addToGL" data-soscuisine-aisle="8" data-soscuisine-sip="3940801"><i class="fa fa-cart-plus" title="Ajouter à ma liste d'épicerie"></i><div></div></div></td><td><img class="storeItemImage" alt="pâte feuilletée" src="/media/images/store_item/blank.jpg"></td><td>pâte feuilletée</td><td class="not_printable sorting_1">produits surgelés</td><td><img style="width:50%;" src="/media/images/logos/marchands/11.png" alt="Tradition"></td><td><span itemprop="price">2,99 $</span><span itemprop="eligibleQuantity" itemscope="" itemtype="http://schema.org/QuantitativeValue">/<span itemprop="unitText">397g (14oz)</span></span></td><td>7,53 $/kg</td><td style="display: none;">2020-02-26</td><td style="display: none;"></td><td style="display: none;">Tenderflake</td><td style="display: none;"></td><td style="display: none;"></td><td style="display: none;"></td><td style="display: none;"></td><td style="display: none;"></td><td style="display: none;"><a class="recipeLink" href="/recipe_ingredient_search_results.php?query=(_QU5E__1__________268__[]_1_1)&amp;sos_l=fr">Recettes avec pâte feuilletée</a></td></tr><tr role="row" class="even"><td tabindex="0"><i class="fa fa-thumbs-up"></i></td><td class=" not_printable"><div class="addToGL" data-soscuisine-aisle="8" data-soscuisine-sip="3939559"><i class="fa fa-cart-plus" title="Ajouter à ma liste d'épicerie"></i><div></div></div></td><td><img class="storeItemImage" alt="petits fruits surgelés" src="/media/images/store_item/blank.jpg"></td><td>petits fruits surgelés</td><td class="not_printable sorting_1">produits surgelés</td><td><img style="width:50%;" src="/media/images/logos/marchands/10.png" alt="Bonichoix "></td><td><span itemprop="price">3,99 $</span><span itemprop="eligibleQuantity" itemscope="" itemtype="http://schema.org/QuantitativeValue">/<span itemprop="unitText">600g</span></span></td><td>6,65 $/kg</td><td style="display: none;">2020-02-26</td><td style="display: none;"></td><td style="display: none;">marque maison</td><td style="display: none;"></td><td style="display: none;">types variés</td><td style="display: none;"></td><td style="display: none;"></td><td style="display: none;"></td><td style="display: none;"><a class="recipeLink" href="/recipe_ingredient_search_results.php?query=(_QU5E__1__________464__[]_1_1)&amp;sos_l=fr">Recettes avec petits fruits surgelés</a></td></tr><tr role="row" class="odd"><td tabindex="0"><i class="fa fa-thumbs-up"></i><i class="fa fa-thumbs-up"></i></td><td class=" not_printable"><div class="addToGL" data-soscuisine-aisle="8" data-soscuisine-sip="3938967"><i class="fa fa-cart-plus" title="Ajouter à ma liste d'épicerie"></i><div></div></div></td><td><img class="storeItemImage" alt="petits fruits surgelés" src="/media/images/store_item/blank.jpg"></td><td>petits fruits surgelés</td><td class="not_printable sorting_1">produits surgelés</td><td><img style="width:50%;" src="/media/images/logos/marchands/3.png" alt="IGA"></td><td><span itemprop="price">8,88 $</span><span itemprop="eligibleQuantity" itemscope="" itemtype="http://schema.org/QuantitativeValue">/<span itemprop="unitText">1,5kg</span></span></td><td>5,92 $/kg</td><td style="display: none;">2020-02-26</td><td style="display: none;"></td><td style="display: none;">marque maison</td><td style="display: none;"></td><td style="display: none;"></td><td style="display: none;"></td><td style="display: none;"></td><td style="display: none;"></td><td style="display: none;"><a class="recipeLink" href="/recipe_ingredient_search_results.php?query=(_QU5E__1__________464__[]_1_1)&amp;sos_l=fr">Recettes avec petits fruits surgelés</a></td></tr><tr role="row" class="even"><td tabindex="0"><i class="fa fa-thumbs-up"></i></td><td class=" not_printable"><div class="addToGL" data-soscuisine-aisle="8" data-soscuisine-sip="3942119"><i class="fa fa-cart-plus" title="Ajouter à ma liste d'épicerie"></i><div></div></div></td><td><img class="storeItemImage" alt="petits fruits surgelés" src="/media/images/store_item/blank.jpg"></td><td>petits fruits surgelés</td><td class="not_printable sorting_1">produits surgelés</td><td><img style="width:50%;" src="/media/images/logos/marchands/13.png" alt="Jardin Mobile"></td><td><span itemprop="price">3,99 $</span><span itemprop="eligibleQuantity" itemscope="" itemtype="http://schema.org/QuantitativeValue">/<span itemprop="unitText">600g</span></span></td><td>6,65 $/kg</td><td style="display: none;">2020-02-26</td><td style="display: none;"></td><td style="display: none;">Europe's Best</td><td style="display: none;"></td><td style="display: none;"></td><td style="display: none;"></td><td style="display: none;"></td><td style="display: none;"></td><td style="display: none;"><a class="recipeLink" href="/recipe_ingredient_search_results.php?query=(_QU5E__1__________464__[]_1_1)&amp;sos_l=fr">Recettes avec petits fruits surgelés</a></td></tr><tr role="row" class="odd"><td tabindex="0"><i class="fa fa-thumbs-down"></i></td><td class=" not_printable"><div class="addToGL" data-soscuisine-aisle="8" data-soscuisine-sip="3937317"><i class="fa fa-cart-plus" title="Ajouter à ma liste d'épicerie"></i><div></div></div></td><td><img class="storeItemImage" alt="petits fruits surgelés" src="/media/images/store_item/blank.jpg"></td><td>petits fruits surgelés</td><td class="not_printable sorting_1">produits surgelés</td><td><img style="width:50%;" src="/media/images/logos/marchands/95.png" alt="Marchés Tau"></td><td><span itemprop="price">4,99 $</span><span itemprop="eligibleQuantity" itemscope="" itemtype="http://schema.org/QuantitativeValue">/<span itemprop="unitText">300g</span></span></td><td>16,63 $/kg</td><td style="display: none;">2020-03-29</td><td style="display: none;"></td><td style="display: none;">Bremner's</td><td style="display: none;"></td><td style="display: none;"></td><td style="display: none;"></td><td style="display: none;"></td><td style="display: none;"></td><td style="display: none;"><a class="recipeLink" href="/recipe_ingredient_search_results.php?query=(_QU5E__1__________464__[]_1_1)&amp;sos_l=fr">Recettes avec petits fruits surgelés</a></td></tr><tr role="row" class="even"><td tabindex="0"><i class="fas fa-hand-rock"></i></td><td class=" not_printable"><div class="addToGL" data-soscuisine-aisle="8" data-soscuisine-sip="3937795"><i class="fa fa-cart-plus" title="Ajouter à ma liste d'épicerie"></i><div></div></div></td><td><img class="storeItemImage" alt="petits fruits surgelés" src="/media/images/store_item/blank.jpg"></td><td>petits fruits surgelés</td><td class="not_printable sorting_1">produits surgelés</td><td><img style="width:50%;" src="/media/images/logos/marchands/1.png" alt="Metro"></td><td><span itemprop="price">4,99 $</span><span itemprop="eligibleQuantity" itemscope="" itemtype="http://schema.org/QuantitativeValue">/<span itemprop="unitText">600g</span></span></td><td>8,32 $/kg</td><td style="display: none;">2020-02-26</td><td style="display: none;"></td><td style="display: none;">marque maison</td><td style="display: none;"></td><td style="display: none;">types variés</td><td style="display: none;"></td><td style="display: none;"></td><td style="display: none;"></td><td style="display: none;"><a class="recipeLink" href="/recipe_ingredient_search_results.php?query=(_QU5E__1__________464__[]_1_1)&amp;sos_l=fr">Recettes avec petits fruits surgelés</a></td></tr><tr role="row" class="odd"><td tabindex="0"><i class="fas fa-hand-rock"></i></td><td class=" not_printable"><div class="addToGL" data-soscuisine-aisle="8" data-soscuisine-sip="3938037"><i class="fa fa-cart-plus" title="Ajouter à ma liste d'épicerie"></i><div></div></div></td><td><img class="storeItemImage" alt="petits fruits surgelés" src="/media/images/store_item/blank.jpg"></td><td>petits fruits surgelés</td><td class="not_printable sorting_1">produits surgelés</td><td><img style="width:50%;" src="/media/images/logos/marchands/2.png" alt="Provigo"></td><td><span itemprop="price">8,00 $</span><span itemprop="eligibleQuantity" itemscope="" itemtype="http://schema.org/QuantitativeValue">/<span itemprop="value">2</span>x<span itemprop="unitText">600g</span></span></td><td>6,67 $/kg</td><td style="display: none;">2020-02-26</td><td style="display: none;"></td><td style="display: none;">marque maison</td><td style="display: none;"></td><td style="display: none;">types variés</td><td style="display: none;"></td><td style="display: none;"></td><td style="display: none;"></td><td style="display: none;"><a class="recipeLink" href="/recipe_ingredient_search_results.php?query=(_QU5E__1__________464__[]_1_1)&amp;sos_l=fr">Recettes avec petits fruits surgelés</a></td></tr><tr role="row" class="even"><td tabindex="0"><i class="fas fa-hand-rock"></i></td><td class=" not_printable"><div class="addToGL" data-soscuisine-aisle="8" data-soscuisine-sip="3938035"><i class="fa fa-cart-plus" title="Ajouter à ma liste d'épicerie"></i><div></div></div></td><td><img class="storeItemImage" alt="petits fruits surgelés" src="/media/images/store_item/blank.jpg"></td><td>petits fruits surgelés</td><td class="not_printable sorting_1">produits surgelés</td><td><img style="width:50%;" src="/media/images/logos/marchands/2.png" alt="Provigo"></td><td><span itemprop="price">4,99 $</span><span itemprop="eligibleQuantity" itemscope="" itemtype="http://schema.org/QuantitativeValue">/<span itemprop="unitText">600g</span></span></td><td>8,32 $/kg</td><td style="display: none;">2020-02-26</td><td style="display: none;"></td><td style="display: none;">marque maison</td><td style="display: none;"></td><td style="display: none;">types variés</td><td style="display: none;"></td><td style="display: none;"></td><td style="display: none;"></td><td style="display: none;"><a class="recipeLink" href="/recipe_ingredient_search_results.php?query=(_QU5E__1__________464__[]_1_1)&amp;sos_l=fr">Recettes avec petits fruits surgelés</a></td></tr><tr role="row" class="odd"><td tabindex="0"><i class="fa fa-thumbs-up"></i><i class="fa fa-thumbs-up"></i></td><td class=" not_printable"><div class="addToGL" data-soscuisine-aisle="8" data-soscuisine-sip="3940711"><i class="fa fa-cart-plus" title="Ajouter à ma liste d'épicerie"></i><div></div></div></td><td><img class="storeItemImage" alt="petits fruits surgelés" src="/media/images/store_item/blank.jpg"></td><td>petits fruits surgelés</td><td class="not_printable sorting_1">produits surgelés</td><td><img style="width:50%;" src="/media/images/logos/marchands/5.png" alt="Super C"></td><td><span itemprop="price">10,00 $</span><span itemprop="eligibleQuantity" itemscope="" itemtype="http://schema.org/QuantitativeValue">/2kg</span></td><td>5,00 $/kg</td><td style="display: none;">2020-02-26</td><td style="display: none;"></td><td style="display: none;">marque maison</td><td style="display: none;"></td><td style="display: none;"></td><td style="display: none;"></td><td style="display: none;"></td><td style="display: none;"></td><td style="display: none;"><a class="recipeLink" href="/recipe_ingredient_search_results.php?query=(_QU5E__1__________464__[]_1_1)&amp;sos_l=fr">Recettes avec petits fruits surgelés</a></td></tr><tr role="row" class="even"><td tabindex="0"><i class="fa fa-thumbs-up"></i><i class="fa fa-thumbs-up"></i></td><td class=" not_printable"><div class="addToGL" data-soscuisine-aisle="8" data-soscuisine-sip="3941049"><i class="fa fa-cart-plus" title="Ajouter à ma liste d'épicerie"></i><div></div></div></td><td><img class="storeItemImage" alt="petits fruits surgelés" src="/media/images/store_item/blank.jpg"></td><td>petits fruits surgelés</td><td class="not_printable sorting_1">produits surgelés</td><td><img style="width:50%;" src="/media/images/logos/marchands/73.png" alt="Walmart"></td><td><span itemprop="price">3,77 $</span><span itemprop="eligibleQuantity" itemscope="" itemtype="http://schema.org/QuantitativeValue">/<span itemprop="unitText">600g</span></span></td><td>6,28 $/kg</td><td style="display: none;">2020-02-26</td><td style="display: none;"></td><td style="display: none;">marque maison</td><td style="display: none;"></td><td style="display: none;">types variés</td><td style="display: none;"></td><td style="display: none;"></td><td style="display: none;"></td><td style="display: none;"><a class="recipeLink" href="/recipe_ingredient_search_results.php?query=(_QU5E__1__________464__[]_1_1)&amp;sos_l=fr">Recettes avec petits fruits surgelés</a></td></tr><tr role="row" class="odd"><td tabindex="0"><i class="fa fa-thumbs-down"></i></td><td class=" not_printable"><div class="addToGL" data-soscuisine-aisle="8" data-soscuisine-sip="3935993"><i class="fa fa-cart-plus" title="Ajouter à ma liste d'épicerie"></i><div></div></div></td><td><img class="storeItemImage" alt="pois surgelés" src="/media/images/store_item/blank.jpg"></td><td>pois surgelés</td><td class="not_printable sorting_1">produits surgelés</td><td><img style="width:50%;" src="/media/images/logos/marchands/62.png" alt="Supermarché PA"></td><td><span itemprop="price">4,50 $</span><span itemprop="eligibleQuantity" itemscope="" itemtype="http://schema.org/QuantitativeValue">/<span itemprop="value">2</span>x<span itemprop="unitText">750g</span></span></td><td>3,00 $/kg</td><td style="display: none;">2020-02-23</td><td style="display: none;"></td><td style="display: none;">Ilios</td><td style="display: none;"></td><td style="display: none;"></td><td style="display: none;"></td><td style="display: none;"></td><td style="display: none;"></td><td style="display: none;"><a class="recipeLink" href="/recipe_ingredient_search_results.php?query=(_QU5E__1__________132__[]_1_1)&amp;sos_l=fr">Recettes avec pois surgelés</a></td></tr><tr role="row" class="even"><td tabindex="0"><i class="fas fa-exclamation"></i></td><td class=" not_printable"><div class="addToGL" data-soscuisine-aisle="8" data-soscuisine-sip="3938813"><i class="fa fa-cart-plus" title="Ajouter à ma liste d'épicerie"></i><div></div></div></td><td><img class="storeItemImage" alt="tempeh" src="/media/images/store_item/blank.jpg"></td><td>tempeh</td><td class="not_printable sorting_1">produits surgelés</td><td><img style="width:50%;" src="/media/images/logos/marchands/93.png" alt="Rachelle Béry"></td><td><span itemprop="price">4,49 $</span><span itemprop="eligibleQuantity" itemscope="" itemtype="http://schema.org/QuantitativeValue">/<span itemprop="unitText">227g (8oz)</span></span></td><td>1,98 $/100g</td><td style="display: none;">2020-03-04</td><td style="display: none;"></td><td style="display: none;">Lightlife</td><td style="display: none;"></td><td style="display: none;"></td><td style="display: none;"></td><td style="display: none;"></td><td style="display: none;"></td><td style="display: none;"><a class="recipeLink" href="/recipe_ingredient_search_results.php?query=(_QU5E__1__________1176__[]_1_1)&amp;sos_l=fr">Recettes avec tempeh</a></td></tr><tr role="row" class="odd"><td tabindex="0"><i class="fas fa-exclamation"></i></td><td class=" not_printable"><div class="addToGL" data-soscuisine-aisle="8" data-soscuisine-sip="3940547"><i class="fa fa-cart-plus" title="Ajouter à ma liste d'épicerie"></i><div></div></div></td><td><img class="storeItemImage" alt="tempeh" src="/media/images/store_item/blank.jpg"></td><td>tempeh</td><td class="not_printable sorting_1">produits surgelés</td><td><img style="width:50%;" src="/media/images/logos/marchands/5.png" alt="Super C"></td><td><span itemprop="price">3,99 $</span><span itemprop="eligibleQuantity" itemscope="" itemtype="http://schema.org/QuantitativeValue">/<span itemprop="unitText">227g (8oz)</span></span></td><td>1,76 $/100g</td><td style="display: none;">2020-02-26</td><td style="display: none;"></td><td style="display: none;">Lightlife</td><td style="display: none;"></td><td style="display: none;"></td><td style="display: none;">Bio</td><td style="display: none;"></td><td style="display: none;"></td><td style="display: none;"><a class="recipeLink" href="/recipe_ingredient_search_results.php?query=(_QU5E__1__________1176__[]_1_1)&amp;sos_l=fr">Recettes avec tempeh</a></td></tr><tr role="row" class="even"><td tabindex="0"><i class="fas fa-exclamation"></i></td><td class=" not_printable"><div class="addToGL" data-soscuisine-aisle="9" data-soscuisine-sip="3937341"><i class="fa fa-cart-plus" title="Ajouter à ma liste d'épicerie"></i><div></div></div></td><td><img class="storeItemImage" alt="avoine" src="/media/images/store_item/blank.jpg"></td><td>avoine</td><td class="not_printable sorting_1">pâtes, riz &amp; grains</td><td><img style="width:50%;" src="/media/images/logos/marchands/95.png" alt="Marchés Tau"></td><td><span itemprop="price">3,99 $</span><span itemprop="eligibleQuantity" itemscope="" itemtype="http://schema.org/QuantitativeValue">/<span itemprop="unitText">680g</span></span></td><td>0,59 $/100g</td><td style="display: none;">2020-03-29</td><td style="display: none;"></td><td style="display: none;">Bob's Red Mill</td><td style="display: none;"></td><td style="display: none;"></td><td style="display: none;"></td><td style="display: none;"></td><td style="display: none;"></td><td style="display: none;"><a class="recipeLink" href="/recipe_ingredient_search_results.php?query=(_QU5E__1__________340__[]_1_1)&amp;sos_l=fr">Recettes avec avoine</a></td></tr><tr role="row" class="odd"><td tabindex="0"><i class="fas fa-exclamation"></i></td><td class=" not_printable"><div class="addToGL" data-soscuisine-aisle="9" data-soscuisine-sip="3939247"><i class="fa fa-cart-plus" title="Ajouter à ma liste d'épicerie"></i><div></div></div></td><td><img class="storeItemImage" alt="boulgour" src="/media/images/store_item/blank.jpg"></td><td>boulgour</td><td class="not_printable sorting_1">pâtes, riz &amp; grains</td><td><img style="width:50%;" src="/media/images/logos/marchands/63.png" alt="Marché Adonis"></td><td><span itemprop="price">2,99 $</span><span itemprop="eligibleQuantity" itemscope="" itemtype="http://schema.org/QuantitativeValue">/<span itemprop="unitText">4lb (1,81kg)</span></span></td><td>0,16 $/100g</td><td style="display: none;">2020-02-26</td><td style="display: none;"></td><td style="display: none;">Cedar</td><td style="display: none;"></td><td style="display: none;"></td><td style="display: none;"></td><td style="display: none;"></td><td style="display: none;"></td><td style="display: none;"><a class="recipeLink" href="/recipe_ingredient_search_results.php?query=(_QU5E__1__________207__[]_1_1)&amp;sos_l=fr">Recettes avec boulgour</a></td></tr><tr role="row" class="even"><td tabindex="0"><i class="fas fa-exclamation"></i></td><td class=" not_printable"><div class="addToGL" data-soscuisine-aisle="9" data-soscuisine-sip="3937347"><i class="fa fa-cart-plus" title="Ajouter à ma liste d'épicerie"></i><div></div></div></td><td><img class="storeItemImage" alt="boulgour" src="/media/images/store_item/blank.jpg"></td><td>boulgour</td><td class="not_printable sorting_1">pâtes, riz &amp; grains</td><td><img style="width:50%;" src="/media/images/logos/marchands/95.png" alt="Marchés Tau"></td><td><span itemprop="price">3,49 $</span><span itemprop="eligibleQuantity" itemscope="" itemtype="http://schema.org/QuantitativeValue">/<span itemprop="unitText">500g</span></span></td><td>0,70 $/100g</td><td style="display: none;">2020-03-29</td><td style="display: none;"></td><td style="display: none;">Markal</td><td style="display: none;"></td><td style="display: none;"></td><td style="display: none;">Bio</td><td style="display: none;"></td><td style="display: none;"></td><td style="display: none;"><a class="recipeLink" href="/recipe_ingredient_search_results.php?query=(_QU5E__1__________207__[]_1_1)&amp;sos_l=fr">Recettes avec boulgour</a></td></tr><tr role="row" class="odd"><td tabindex="0"><i class="fa fa-thumbs-up"></i></td><td class=" not_printable"><div class="addToGL" data-soscuisine-aisle="9" data-soscuisine-sip="3939709"><i class="fa fa-cart-plus" title="Ajouter à ma liste d'épicerie"></i><div></div></div></td><td><img class="storeItemImage" alt="cannelloni" src="/media/images/store_item/blank.jpg"></td><td>cannelloni</td><td class="not_printable sorting_1">pâtes, riz &amp; grains</td><td><img style="width:50%;" src="/media/images/logos/marchands/3.png" alt="IGA"></td><td><span itemprop="price">5,00 $</span><span itemprop="eligibleQuantity" itemscope="" itemtype="http://schema.org/QuantitativeValue">/<span itemprop="value">2</span>x<span itemprop="unitText">200g</span></span></td><td>12,50 $/kg</td><td style="display: none;">2020-02-26</td><td style="display: none;"></td><td style="display: none;">Catelli</td><td style="display: none;"></td><td style="display: none;"></td><td style="display: none;"></td><td style="display: none;"></td><td style="display: none;"></td><td style="display: none;"><a class="recipeLink" href="/recipe_ingredient_search_results.php?query=(_QU5E__1__________591__[]_1_1)&amp;sos_l=fr">Recettes avec cannelloni</a></td></tr><tr role="row" class="even"><td tabindex="0"><i class="fas fa-hand-rock"></i></td><td class=" not_printable"><div class="addToGL" data-soscuisine-aisle="9" data-soscuisine-sip="3937827"><i class="fa fa-cart-plus" title="Ajouter à ma liste d'épicerie"></i><div></div></div></td><td><img class="storeItemImage" alt="cannelloni" src="/media/images/store_item/blank.jpg"></td><td>cannelloni</td><td class="not_printable sorting_1">pâtes, riz &amp; grains</td><td><img style="width:50%;" src="/media/images/logos/marchands/1.png" alt="Metro"></td><td><span itemprop="price">5,50 $</span><span itemprop="eligibleQuantity" itemscope="" itemtype="http://schema.org/QuantitativeValue">/<span itemprop="value">2</span>x<span itemprop="unitText">200g</span></span></td><td>13,75 $/kg</td><td style="display: none;">2020-02-26</td><td style="display: none;"></td><td style="display: none;">Catelli</td><td style="display: none;"></td><td style="display: none;"></td><td style="display: none;"></td><td style="display: none;"></td><td style="display: none;"></td><td style="display: none;"><a class="recipeLink" href="/recipe_ingredient_search_results.php?query=(_QU5E__1__________591__[]_1_1)&amp;sos_l=fr">Recettes avec cannelloni</a></td></tr><tr role="row" class="odd"><td tabindex="0"><i class="fa fa-thumbs-down"></i></td><td class=" not_printable"><div class="addToGL" data-soscuisine-aisle="9" data-soscuisine-sip="3940831"><i class="fa fa-cart-plus" title="Ajouter à ma liste d'épicerie"></i><div></div></div></td><td><img class="storeItemImage" alt="cannelloni" src="/media/images/store_item/blank.jpg"></td><td>cannelloni</td><td class="not_printable sorting_1">pâtes, riz &amp; grains</td><td><img style="width:50%;" src="/media/images/logos/marchands/11.png" alt="Tradition"></td><td><span itemprop="price">2,99 $</span><span itemprop="eligibleQuantity" itemscope="" itemtype="http://schema.org/QuantitativeValue">/<span itemprop="unitText">200g</span></span></td><td>14,95 $/kg</td><td style="display: none;">2020-02-26</td><td style="display: none;"></td><td style="display: none;">Catelli</td><td style="display: none;"></td><td style="display: none;"></td><td style="display: none;"></td><td style="display: none;"></td><td style="display: none;"></td><td style="display: none;"><a class="recipeLink" href="/recipe_ingredient_search_results.php?query=(_QU5E__1__________591__[]_1_1)&amp;sos_l=fr">Recettes avec cannelloni</a></td></tr><tr role="row" class="even"><td tabindex="0"><i class="fa fa-thumbs-down"></i></td><td class=" not_printable"><div class="addToGL" data-soscuisine-aisle="9" data-soscuisine-sip="3937349"><i class="fa fa-cart-plus" title="Ajouter à ma liste d'épicerie"></i><div></div></div></td><td><img class="storeItemImage" alt="couscous" src="/media/images/store_item/blank.jpg"></td><td>couscous</td><td class="not_printable sorting_1">pâtes, riz &amp; grains</td><td><img style="width:50%;" src="/media/images/logos/marchands/95.png" alt="Marchés Tau"></td><td><span itemprop="price">3,49 $</span><span itemprop="eligibleQuantity" itemscope="" itemtype="http://schema.org/QuantitativeValue">/<span itemprop="unitText">500g</span></span></td><td>6,98 $/kg</td><td style="display: none;">2020-03-29</td><td style="display: none;"></td><td style="display: none;">Markal</td><td style="display: none;"></td><td style="display: none;"></td><td style="display: none;">Bio</td><td style="display: none;"></td><td style="display: none;"></td><td style="display: none;"><a class="recipeLink" href="/recipe_ingredient_search_results.php?query=(_QU5E__1__________206__[]_1_1)&amp;sos_l=fr">Recettes avec couscous</a></td></tr><tr role="row" class="odd"><td tabindex="0"><i class="fa fa-thumbs-up"></i><i class="fa fa-thumbs-up"></i></td><td class=" not_printable"><div class="addToGL" data-soscuisine-aisle="9" data-soscuisine-sip="3939797"><i class="fa fa-cart-plus" title="Ajouter à ma liste d'épicerie"></i><div></div></div></td><td><img class="storeItemImage" alt="lasagne" src="/media/images/store_item/blank.jpg"></td><td>lasagne</td><td class="not_printable sorting_1">pâtes, riz &amp; grains</td><td><img style="width:50%;" src="/media/images/logos/marchands/10.png" alt="Bonichoix "></td><td><span itemprop="price">1,99 $</span><span itemprop="eligibleQuantity" itemscope="" itemtype="http://schema.org/QuantitativeValue">/<span itemprop="unitText">500g</span></span></td><td>3,98 $/kg</td><td style="display: none;">2020-02-26</td><td style="display: none;"></td><td style="display: none;">marque maison</td><td style="display: none;"></td><td style="display: none;"></td><td style="display: none;"></td><td style="display: none;"></td><td style="display: none;"></td><td style="display: none;"><a class="recipeLink" href="/recipe_ingredient_search_results.php?query=(_QU5E__1__________196__[]_1_1)&amp;sos_l=fr">Recettes avec lasagne</a></td></tr><tr role="row" class="even"><td tabindex="0"><i class="fas fa-hand-rock"></i></td><td class=" not_printable"><div class="addToGL" data-soscuisine-aisle="9" data-soscuisine-sip="3939711"><i class="fa fa-cart-plus" title="Ajouter à ma liste d'épicerie"></i><div></div></div></td><td><img class="storeItemImage" alt="lasagne" src="/media/images/store_item/blank.jpg"></td><td>lasagne</td><td class="not_printable sorting_1">pâtes, riz &amp; grains</td><td><img style="width:50%;" src="/media/images/logos/marchands/3.png" alt="IGA"></td><td><span itemprop="price">5,00 $</span><span itemprop="eligibleQuantity" itemscope="" itemtype="http://schema.org/QuantitativeValue">/<span itemprop="value">2</span>x<span itemprop="unitText">500g</span></span></td><td>5,00 $/kg</td><td style="display: none;">2020-02-26</td><td style="display: none;"></td><td style="display: none;">Catelli</td><td style="display: none;"></td><td style="display: none;"></td><td style="display: none;"></td><td style="display: none;"></td><td style="display: none;"></td><td style="display: none;"><a class="recipeLink" href="/recipe_ingredient_search_results.php?query=(_QU5E__1__________196__[]_1_1)&amp;sos_l=fr">Recettes avec lasagne</a></td></tr><tr role="row" class="odd"><td tabindex="0"><i class="fa fa-thumbs-down"></i></td><td class=" not_printable"><div class="addToGL" data-soscuisine-aisle="9" data-soscuisine-sip="3940827"><i class="fa fa-cart-plus" title="Ajouter à ma liste d'épicerie"></i><div></div></div></td><td><img class="storeItemImage" alt="lasagne" src="/media/images/store_item/blank.jpg"></td><td>lasagne</td><td class="not_printable sorting_1">pâtes, riz &amp; grains</td><td><img style="width:50%;" src="/media/images/logos/marchands/11.png" alt="Tradition"></td><td><span itemprop="price">2,99 $</span><span itemprop="eligibleQuantity" itemscope="" itemtype="http://schema.org/QuantitativeValue">/<span itemprop="unitText">500g</span></span></td><td>5,98 $/kg</td><td style="display: none;">2020-02-26</td><td style="display: none;"></td><td style="display: none;">Catelli</td><td style="display: none;"></td><td style="display: none;"></td><td style="display: none;"></td><td style="display: none;"></td><td style="display: none;"></td><td style="display: none;"><a class="recipeLink" href="/recipe_ingredient_search_results.php?query=(_QU5E__1__________196__[]_1_1)&amp;sos_l=fr">Recettes avec lasagne</a></td></tr><tr role="row" class="even"><td tabindex="0"><i class="fas fa-hand-rock"></i></td><td class=" not_printable"><div class="addToGL" data-soscuisine-aisle="9" data-soscuisine-sip="3939715"><i class="fa fa-cart-plus" title="Ajouter à ma liste d'épicerie"></i><div></div></div></td><td><img class="storeItemImage" alt="nouilles aux oeufs" src="/media/images/store_item/blank.jpg"></td><td>nouilles aux oeufs</td><td class="not_printable sorting_1">pâtes, riz &amp; grains</td><td><img style="width:50%;" src="/media/images/logos/marchands/3.png" alt="IGA"></td><td><span itemprop="price">5,00 $</span><span itemprop="eligibleQuantity" itemscope="" itemtype="http://schema.org/QuantitativeValue">/<span itemprop="value">2</span>x<span itemprop="unitText">375g</span></span></td><td>6,67 $/kg</td><td style="display: none;">2020-02-26</td><td style="display: none;"></td><td style="display: none;">Lancia</td><td style="display: none;"></td><td style="display: none;"></td><td style="display: none;"></td><td style="display: none;"></td><td style="display: none;"></td><td style="display: none;"><a class="recipeLink" href="/recipe_ingredient_search_results.php?query=(_QU5E__1__________835__[]_1_1)&amp;sos_l=fr">Recettes avec nouilles aux oeufs</a></td></tr><tr role="row" class="odd"><td tabindex="0"><i class="fas fa-exclamation"></i></td><td class=" not_printable"><div class="addToGL" data-soscuisine-aisle="9" data-soscuisine-sip="3942133"><i class="fa fa-cart-plus" title="Ajouter à ma liste d'épicerie"></i><div></div></div></td><td><img class="storeItemImage" alt="orge mondé" src="/media/images/store_item/blank.jpg"></td><td>orge mondé</td><td class="not_printable sorting_1">pâtes, riz &amp; grains</td><td><img style="width:50%;" src="/media/images/logos/marchands/13.png" alt="Jardin Mobile"></td><td><span itemprop="price">4,00 $</span><span itemprop="eligibleQuantity" itemscope="" itemtype="http://schema.org/QuantitativeValue">/<span itemprop="value">2</span>x<span itemprop="unitText">2lb (907g)</span></span></td><td>2,20 $/kg</td><td style="display: none;">2020-02-26</td><td style="display: none;"></td><td style="display: none;">Clic</td><td style="display: none;"></td><td style="display: none;"></td><td style="display: none;"></td><td style="display: none;"></td><td style="display: none;"></td><td style="display: none;"><a class="recipeLink" href="/recipe_ingredient_search_results.php?query=(_QU5E__1__________1207__[]_1_1)&amp;sos_l=fr">Recettes avec orge mondé</a></td></tr><tr role="row" class="even"><td tabindex="0"><i class="fas fa-hand-rock"></i></td><td class=" not_printable"><div class="addToGL" data-soscuisine-aisle="9" data-soscuisine-sip="3912969"><i class="fa fa-cart-plus" title="Ajouter à ma liste d'épicerie"></i><div></div></div></td><td><img class="storeItemImage" alt="pâtes alimentaires" src="/media/images/store_item/blank.jpg"></td><td>pâtes alimentaires</td><td class="not_printable sorting_1">pâtes, riz &amp; grains</td><td><img style="width:50%;" src="/media/images/logos/marchands/94.png" alt="Avril"></td><td><span itemprop="price">4,99 $</span><span itemprop="eligibleQuantity" itemscope="" itemtype="http://schema.org/QuantitativeValue">/<span itemprop="value">3</span>x<span itemprop="unitText">500g</span></span></td><td>3,33 $/kg</td><td style="display: none;">2020-03-03</td><td style="display: none;"></td><td style="display: none;">Bioitalia</td><td style="display: none;"></td><td style="display: none;"></td><td style="display: none;">Bio</td><td style="display: none;"></td><td style="display: none;"></td><td style="display: none;"><a class="recipeLink" href="/recipe_ingredient_search_results.php?query=(_QU5E__1__________573__[]_1_1)&amp;sos_l=fr">Recettes avec pâtes alimentaires</a></td></tr><tr role="row" class="odd"><td tabindex="0"><i class="fa fa-thumbs-down"></i></td><td class=" not_printable"><div class="addToGL" data-soscuisine-aisle="9" data-soscuisine-sip="3912971"><i class="fa fa-cart-plus" title="Ajouter à ma liste d'épicerie"></i><div></div></div></td><td><img class="storeItemImage" alt="pâtes alimentaires" src="/media/images/store_item/blank.jpg"></td><td>pâtes alimentaires</td><td class="not_printable sorting_1">pâtes, riz &amp; grains</td><td><img style="width:50%;" src="/media/images/logos/marchands/94.png" alt="Avril"></td><td><span itemprop="price">2,49 $</span><span itemprop="eligibleQuantity" itemscope="" itemtype="http://schema.org/QuantitativeValue">/<span itemprop="unitText">500g</span></span></td><td>4,98 $/kg</td><td style="display: none;">2020-03-03</td><td style="display: none;"></td><td style="display: none;">Bioitalia</td><td style="display: none;"></td><td style="display: none;"></td><td style="display: none;">Bio</td><td style="display: none;"></td><td style="display: none;"></td><td style="display: none;"><a class="recipeLink" href="/recipe_ingredient_search_results.php?query=(_QU5E__1__________573__[]_1_1)&amp;sos_l=fr">Recettes avec pâtes alimentaires</a></td></tr><tr role="row" class="even"><td tabindex="0"><i class="fa fa-thumbs-down"></i></td><td class=" not_printable"><div class="addToGL" data-soscuisine-aisle="9" data-soscuisine-sip="3939705"><i class="fa fa-cart-plus" title="Ajouter à ma liste d'épicerie"></i><div></div></div></td><td><img class="storeItemImage" alt="pâtes alimentaires" src="/media/images/store_item/blank.jpg"></td><td>pâtes alimentaires</td><td class="not_printable sorting_1">pâtes, riz &amp; grains</td><td><img style="width:50%;" src="/media/images/logos/marchands/10.png" alt="Bonichoix "></td><td><span itemprop="price">4,00 $</span><span itemprop="eligibleQuantity" itemscope="" itemtype="http://schema.org/QuantitativeValue">/<span itemprop="value">2</span>x<span itemprop="unitText">454g (1lb)</span></span></td><td>4,41 $/kg</td><td style="display: none;">2020-02-26</td><td style="display: none;"></td><td style="display: none;">Barilla</td><td style="display: none;"></td><td style="display: none;"></td><td style="display: none;"></td><td style="display: none;"></td><td style="display: none;"></td><td style="display: none;"><a class="recipeLink" href="/recipe_ingredient_search_results.php?query=(_QU5E__1__________573__[]_1_1)&amp;sos_l=fr">Recettes avec pâtes alimentaires</a></td></tr><tr role="row" class="odd"><td tabindex="0"><i class="fa fa-thumbs-down"></i></td><td class=" not_printable"><div class="addToGL" data-soscuisine-aisle="9" data-soscuisine-sip="3939629"><i class="fa fa-cart-plus" title="Ajouter à ma liste d'épicerie"></i><div></div></div></td><td><img class="storeItemImage" alt="pâtes alimentaires" src="/media/images/store_item/blank.jpg"></td><td>pâtes alimentaires</td><td class="not_printable sorting_1">pâtes, riz &amp; grains</td><td><img style="width:50%;" src="/media/images/logos/marchands/10.png" alt="Bonichoix "></td><td><span itemprop="price">4,00 $</span><span itemprop="eligibleQuantity" itemscope="" itemtype="http://schema.org/QuantitativeValue">/<span itemprop="value">2</span>x<span itemprop="unitText">340g (12oz)</span></span></td><td>5,88 $/kg</td><td style="display: none;">2020-02-26</td><td style="display: none;"></td><td style="display: none;">Barilla</td><td style="display: none;"></td><td style="display: none;"></td><td style="display: none;"></td><td style="display: none;"></td><td style="display: none;"></td><td style="display: none;"><a class="recipeLink" href="/recipe_ingredient_search_results.php?query=(_QU5E__1__________573__[]_1_1)&amp;sos_l=fr">Recettes avec pâtes alimentaires</a></td></tr><tr role="row" class="even"><td tabindex="0"><i class="fas fa-hand-rock"></i></td><td class=" not_printable"><div class="addToGL" data-soscuisine-aisle="9" data-soscuisine-sip="3939707"><i class="fa fa-cart-plus" title="Ajouter à ma liste d'épicerie"></i><div></div></div></td><td><img class="storeItemImage" alt="pâtes alimentaires" src="/media/images/store_item/blank.jpg"></td><td>pâtes alimentaires</td><td class="not_printable sorting_1">pâtes, riz &amp; grains</td><td><img style="width:50%;" src="/media/images/logos/marchands/3.png" alt="IGA"></td><td><span itemprop="price">5,00 $</span><span itemprop="eligibleQuantity" itemscope="" itemtype="http://schema.org/QuantitativeValue">/<span itemprop="value">2</span>x<span itemprop="unitText">900g</span></span></td><td>2,78 $/kg</td><td style="display: none;">2020-02-26</td><td style="display: none;"></td><td style="display: none;">Catelli</td><td style="display: none;"></td><td style="display: none;"></td><td style="display: none;"></td><td style="display: none;"></td><td style="display: none;"></td><td style="display: none;"><a class="recipeLink" href="/recipe_ingredient_search_results.php?query=(_QU5E__1__________573__[]_1_1)&amp;sos_l=fr">Recettes avec pâtes alimentaires</a></td></tr><tr role="row" class="odd"><td tabindex="0"><i class="fa fa-thumbs-down"></i></td><td class=" not_printable"><div class="addToGL" data-soscuisine-aisle="9" data-soscuisine-sip="3939723"><i class="fa fa-cart-plus" title="Ajouter à ma liste d'épicerie"></i><div></div></div></td><td><img class="storeItemImage" alt="pâtes alimentaires" src="/media/images/store_item/blank.jpg"></td><td>pâtes alimentaires</td><td class="not_printable sorting_1">pâtes, riz &amp; grains</td><td><img style="width:50%;" src="/media/images/logos/marchands/3.png" alt="IGA"></td><td><span itemprop="price">4,00 $</span><span itemprop="eligibleQuantity" itemscope="" itemtype="http://schema.org/QuantitativeValue">/<span itemprop="value">2</span>x<span itemprop="unitText">450g</span></span></td><td>4,44 $/kg</td><td style="display: none;">2020-02-26</td><td style="display: none;"></td><td style="display: none;">Del Verde</td><td style="display: none;"></td><td style="display: none;"></td><td style="display: none;"></td><td style="display: none;"></td><td style="display: none;"></td><td style="display: none;"><a class="recipeLink" href="/recipe_ingredient_search_results.php?query=(_QU5E__1__________573__[]_1_1)&amp;sos_l=fr">Recettes avec pâtes alimentaires</a></td></tr><tr role="row" class="even"><td tabindex="0"><i class="fa fa-thumbs-down"></i></td><td class=" not_printable"><div class="addToGL" data-soscuisine-aisle="9" data-soscuisine-sip="3938743"><i class="fa fa-cart-plus" title="Ajouter à ma liste d'épicerie"></i><div></div></div></td><td><img class="storeItemImage" alt="pâtes alimentaires" src="/media/images/store_item/blank.jpg"></td><td>pâtes alimentaires</td><td class="not_printable sorting_1">pâtes, riz &amp; grains</td><td><img style="width:50%;" src="/media/images/logos/marchands/69.png" alt="Intermarché (Provincial)"></td><td><span itemprop="price">3,00 $</span><span itemprop="eligibleQuantity" itemscope="" itemtype="http://schema.org/QuantitativeValue">/<span itemprop="unitText">500g</span></span></td><td>6,00 $/kg</td><td style="display: none;">2020-02-26</td><td style="display: none;"></td><td style="display: none;">Catelli</td><td style="display: none;"></td><td style="display: none;"></td><td style="display: none;"></td><td style="display: none;"></td><td style="display: none;"></td><td style="display: none;"><a class="recipeLink" href="/recipe_ingredient_search_results.php?query=(_QU5E__1__________573__[]_1_1)&amp;sos_l=fr">Recettes avec pâtes alimentaires</a></td></tr><tr role="row" class="odd"><td tabindex="0"><i class="fa fa-thumbs-down"></i></td><td class=" not_printable"><div class="addToGL" data-soscuisine-aisle="9" data-soscuisine-sip="3938719"><i class="fa fa-cart-plus" title="Ajouter à ma liste d'épicerie"></i><div></div></div></td><td><img class="storeItemImage" alt="pâtes alimentaires" src="/media/images/store_item/blank.jpg"></td><td>pâtes alimentaires</td><td class="not_printable sorting_1">pâtes, riz &amp; grains</td><td><img style="width:50%;" src="/media/images/logos/marchands/69.png" alt="Intermarché (Provincial)"></td><td><span itemprop="price">2,49 $</span><span itemprop="eligibleQuantity" itemscope="" itemtype="http://schema.org/QuantitativeValue">/<span itemprop="unitText">375g</span></span></td><td>6,64 $/kg</td><td style="display: none;">2020-02-26</td><td style="display: none;"></td><td style="display: none;">Catelli</td><td style="display: none;"></td><td style="display: none;"></td><td style="display: none;"></td><td style="display: none;"></td><td style="display: none;">Smart</td><td style="display: none;"><a class="recipeLink" href="/recipe_ingredient_search_results.php?query=(_QU5E__1__________573__[]_1_1)&amp;sos_l=fr">Recettes avec pâtes alimentaires</a></td></tr><tr role="row" class="even"><td tabindex="0"><i class="fas fa-hand-rock"></i></td><td class=" not_printable"><div class="addToGL" data-soscuisine-aisle="9" data-soscuisine-sip="3938447"><i class="fa fa-cart-plus" title="Ajouter à ma liste d'épicerie"></i><div></div></div></td><td><img class="storeItemImage" alt="pâtes alimentaires" src="/media/images/store_item/blank.jpg"></td><td>pâtes alimentaires</td><td class="not_printable sorting_1">pâtes, riz &amp; grains</td><td><img style="width:50%;" src="/media/images/logos/marchands/7.png" alt="Intermarché (Saveurs intl.)"></td><td><span itemprop="price">1,00 $</span><span itemprop="eligibleQuantity" itemscope="" itemtype="http://schema.org/QuantitativeValue">/<span itemprop="unitText">450g</span></span></td><td>2,22 $/kg</td><td style="display: none;">2020-02-26</td><td style="display: none;"></td><td style="display: none;">Aurora</td><td style="display: none;"></td><td style="display: none;"></td><td style="display: none;"></td><td style="display: none;"></td><td style="display: none;"></td><td style="display: none;"><a class="recipeLink" href="/recipe_ingredient_search_results.php?query=(_QU5E__1__________573__[]_1_1)&amp;sos_l=fr">Recettes avec pâtes alimentaires</a></td></tr><tr role="row" class="odd"><td tabindex="0"><i class="fa fa-thumbs-down"></i></td><td class=" not_printable"><div class="addToGL" data-soscuisine-aisle="9" data-soscuisine-sip="3938479"><i class="fa fa-cart-plus" title="Ajouter à ma liste d'épicerie"></i><div></div></div></td><td><img class="storeItemImage" alt="pâtes alimentaires" src="/media/images/store_item/blank.jpg"></td><td>pâtes alimentaires</td><td class="not_printable sorting_1">pâtes, riz &amp; grains</td><td><img style="width:50%;" src="/media/images/logos/marchands/7.png" alt="Intermarché (Saveurs intl.)"></td><td><span itemprop="price">3,00 $</span><span itemprop="eligibleQuantity" itemscope="" itemtype="http://schema.org/QuantitativeValue">/<span itemprop="unitText">500g</span></span></td><td>6,00 $/kg</td><td style="display: none;">2020-02-26</td><td style="display: none;"></td><td style="display: none;">Catelli</td><td style="display: none;"></td><td style="display: none;"></td><td style="display: none;"></td><td style="display: none;"></td><td style="display: none;"></td><td style="display: none;"><a class="recipeLink" href="/recipe_ingredient_search_results.php?query=(_QU5E__1__________573__[]_1_1)&amp;sos_l=fr">Recettes avec pâtes alimentaires</a></td></tr><tr role="row" class="even"><td tabindex="0"><i class="fas fa-hand-rock"></i></td><td class=" not_printable"><div class="addToGL" data-soscuisine-aisle="9" data-soscuisine-sip="3939087"><i class="fa fa-cart-plus" title="Ajouter à ma liste d'épicerie"></i><div></div></div></td><td><img class="storeItemImage" alt="pâtes alimentaires" src="/media/images/store_item/blank.jpg"></td><td>pâtes alimentaires</td><td class="not_printable sorting_1">pâtes, riz &amp; grains</td><td><img style="width:50%;" src="/media/images/logos/marchands/63.png" alt="Marché Adonis"></td><td><span itemprop="price">0,99 $</span><span itemprop="eligibleQuantity" itemscope="" itemtype="http://schema.org/QuantitativeValue">/<span itemprop="unitText">454g (1lb)</span></span></td><td>2,18 $/kg</td><td style="display: none;">2020-02-26</td><td style="display: none;"></td><td style="display: none;">Barilla</td><td style="display: none;"></td><td style="display: none;"></td><td style="display: none;"></td><td style="display: none;"></td><td style="display: none;"></td><td style="display: none;"><a class="recipeLink" href="/recipe_ingredient_search_results.php?query=(_QU5E__1__________573__[]_1_1)&amp;sos_l=fr">Recettes avec pâtes alimentaires</a></td></tr><tr role="row" class="odd"><td tabindex="0"><i class="fa fa-thumbs-up"></i></td><td class=" not_printable"><div class="addToGL" data-soscuisine-aisle="9" data-soscuisine-sip="3937625"><i class="fa fa-cart-plus" title="Ajouter à ma liste d'épicerie"></i><div></div></div></td><td><img class="storeItemImage" alt="pâtes alimentaires" src="/media/images/store_item/blank.jpg"></td><td>pâtes alimentaires</td><td class="not_printable sorting_1">pâtes, riz &amp; grains</td><td><img style="width:50%;" src="/media/images/logos/marchands/1.png" alt="Metro"></td><td><span itemprop="price">0,99 $</span><span itemprop="eligibleQuantity" itemscope="" itemtype="http://schema.org/QuantitativeValue">/<span itemprop="unitText">500g</span></span></td><td>1,98 $/kg</td><td style="display: none;">2020-02-26</td><td style="display: none;"></td><td style="display: none;">Catelli</td><td style="display: none;"></td><td style="display: none;"></td><td style="display: none;"></td><td style="display: none;"></td><td style="display: none;"></td><td style="display: none;"><a class="recipeLink" href="/recipe_ingredient_search_results.php?query=(_QU5E__1__________573__[]_1_1)&amp;sos_l=fr">Recettes avec pâtes alimentaires</a></td></tr><tr role="row" class="even"><td tabindex="0"><i class="fa fa-thumbs-down"></i></td><td class=" not_printable"><div class="addToGL" data-soscuisine-aisle="9" data-soscuisine-sip="3937825"><i class="fa fa-cart-plus" title="Ajouter à ma liste d'épicerie"></i><div></div></div></td><td><img class="storeItemImage" alt="pâtes alimentaires" src="/media/images/store_item/blank.jpg"></td><td>pâtes alimentaires</td><td class="not_printable sorting_1">pâtes, riz &amp; grains</td><td><img style="width:50%;" src="/media/images/logos/marchands/1.png" alt="Metro"></td><td><span itemprop="price">5,50 $</span><span itemprop="eligibleQuantity" itemscope="" itemtype="http://schema.org/QuantitativeValue">/<span itemprop="value">2</span>x<span itemprop="unitText">500g</span></span></td><td>5,50 $/kg</td><td style="display: none;">2020-02-26</td><td style="display: none;"></td><td style="display: none;">Catelli</td><td style="display: none;"></td><td style="display: none;"></td><td style="display: none;"></td><td style="display: none;"></td><td style="display: none;">Bistro, Smart, Moisson Sante</td><td style="display: none;"><a class="recipeLink" href="/recipe_ingredient_search_results.php?query=(_QU5E__1__________573__[]_1_1)&amp;sos_l=fr">Recettes avec pâtes alimentaires</a></td></tr><tr role="row" class="odd"><td tabindex="0"><i class="fa fa-thumbs-up"></i></td><td class=" not_printable"><div class="addToGL" data-soscuisine-aisle="9" data-soscuisine-sip="3938073"><i class="fa fa-cart-plus" title="Ajouter à ma liste d'épicerie"></i><div></div></div></td><td><img class="storeItemImage" alt="pâtes alimentaires" src="/media/images/store_item/blank.jpg"></td><td>pâtes alimentaires</td><td class="not_printable sorting_1">pâtes, riz &amp; grains</td><td><img style="width:50%;" src="/media/images/logos/marchands/2.png" alt="Provigo"></td><td><span itemprop="price">4,98 $</span><span itemprop="eligibleQuantity" itemscope="" itemtype="http://schema.org/QuantitativeValue">/<span itemprop="value">3</span>x<span itemprop="unitText">900g</span></span></td><td>1,84 $/kg</td><td style="display: none;">2020-02-26</td><td style="display: none;"></td><td style="display: none;">Italpasta</td><td style="display: none;"></td><td style="display: none;"></td><td style="display: none;"></td><td style="display: none;"></td><td style="display: none;"></td><td style="display: none;"><a class="recipeLink" href="/recipe_ingredient_search_results.php?query=(_QU5E__1__________573__[]_1_1)&amp;sos_l=fr">Recettes avec pâtes alimentaires</a></td></tr><tr role="row" class="even"><td tabindex="0"><i class="fas fa-hand-rock"></i></td><td class=" not_printable"><div class="addToGL" data-soscuisine-aisle="9" data-soscuisine-sip="3938067"><i class="fa fa-cart-plus" title="Ajouter à ma liste d'épicerie"></i><div></div></div></td><td><img class="storeItemImage" alt="pâtes alimentaires" src="/media/images/store_item/blank.jpg"></td><td>pâtes alimentaires</td><td class="not_printable sorting_1">pâtes, riz &amp; grains</td><td><img style="width:50%;" src="/media/images/logos/marchands/2.png" alt="Provigo"></td><td><span itemprop="price">1,99 $</span><span itemprop="eligibleQuantity" itemscope="" itemtype="http://schema.org/QuantitativeValue">/<span itemprop="unitText">900g</span></span></td><td>2,21 $/kg</td><td style="display: none;">2020-02-26</td><td style="display: none;"></td><td style="display: none;">Italpasta</td><td style="display: none;"></td><td style="display: none;"></td><td style="display: none;"></td><td style="display: none;"></td><td style="display: none;"></td><td style="display: none;"><a class="recipeLink" href="/recipe_ingredient_search_results.php?query=(_QU5E__1__________573__[]_1_1)&amp;sos_l=fr">Recettes avec pâtes alimentaires</a></td></tr><tr role="row" class="odd"><td tabindex="0"><i class="fa fa-thumbs-down"></i></td><td class=" not_printable"><div class="addToGL" data-soscuisine-aisle="9" data-soscuisine-sip="3940929"><i class="fa fa-cart-plus" title="Ajouter à ma liste d'épicerie"></i><div></div></div></td><td><img class="storeItemImage" alt="pâtes alimentaires" src="/media/images/store_item/blank.jpg"></td><td>pâtes alimentaires</td><td class="not_printable sorting_1">pâtes, riz &amp; grains</td><td><img style="width:50%;" src="/media/images/logos/marchands/12.png" alt="Richelieu"></td><td><span itemprop="price">5,00 $</span><span itemprop="eligibleQuantity" itemscope="" itemtype="http://schema.org/QuantitativeValue">/<span itemprop="value">3</span>x<span itemprop="unitText">375g</span></span></td><td>4,44 $/kg</td><td style="display: none;">2020-02-26</td><td style="display: none;"></td><td style="display: none;">Catelli</td><td style="display: none;"></td><td style="display: none;"></td><td style="display: none;"></td><td style="display: none;"></td><td style="display: none;"></td><td style="display: none;"><a class="recipeLink" href="/recipe_ingredient_search_results.php?query=(_QU5E__1__________573__[]_1_1)&amp;sos_l=fr">Recettes avec pâtes alimentaires</a></td></tr><tr role="row" class="even"><td tabindex="0"><i class="fa fa-thumbs-up"></i><i class="fa fa-thumbs-up"></i></td><td class=" not_printable"><div class="addToGL" data-soscuisine-aisle="9" data-soscuisine-sip="3940719"><i class="fa fa-cart-plus" title="Ajouter à ma liste d'épicerie"></i><div></div></div></td><td><img class="storeItemImage" alt="pâtes alimentaires" src="/media/images/store_item/blank.jpg"></td><td>pâtes alimentaires</td><td class="not_printable sorting_1">pâtes, riz &amp; grains</td><td><img style="width:50%;" src="/media/images/logos/marchands/5.png" alt="Super C"></td><td><span itemprop="price">1,00 $</span><span itemprop="eligibleQuantity" itemscope="" itemtype="http://schema.org/QuantitativeValue">/<span itemprop="unitText">900g</span></span></td><td>1,11 $/kg</td><td style="display: none;">2020-02-26</td><td style="display: none;"></td><td style="display: none;">marque maison</td><td style="display: none;"></td><td style="display: none;"></td><td style="display: none;"></td><td style="display: none;"></td><td style="display: none;"></td><td style="display: none;"><a class="recipeLink" href="/recipe_ingredient_search_results.php?query=(_QU5E__1__________573__[]_1_1)&amp;sos_l=fr">Recettes avec pâtes alimentaires</a></td></tr><tr role="row" class="odd"><td tabindex="0"><i class="fa fa-thumbs-up"></i><i class="fa fa-thumbs-up"></i></td><td class=" not_printable"><div class="addToGL" data-soscuisine-aisle="9" data-soscuisine-sip="3935979"><i class="fa fa-cart-plus" title="Ajouter à ma liste d'épicerie"></i><div></div></div></td><td><img class="storeItemImage" alt="pâtes alimentaires" src="/media/images/store_item/blank.jpg"></td><td>pâtes alimentaires</td><td class="not_printable sorting_1">pâtes, riz &amp; grains</td><td><img style="width:50%;" src="/media/images/logos/marchands/62.png" alt="Supermarché PA"></td><td><span itemprop="price">5,00 $</span><span itemprop="eligibleQuantity" itemscope="" itemtype="http://schema.org/QuantitativeValue">/<span itemprop="value">4</span>x<span itemprop="unitText">1kg</span></span></td><td>1,25 $/kg</td><td style="display: none;">2020-02-23</td><td style="display: none;"></td><td style="display: none;">Lori</td><td style="display: none;"></td><td style="display: none;"></td><td style="display: none;"></td><td style="display: none;"></td><td style="display: none;"></td><td style="display: none;"><a class="recipeLink" href="/recipe_ingredient_search_results.php?query=(_QU5E__1__________573__[]_1_1)&amp;sos_l=fr">Recettes avec pâtes alimentaires</a></td></tr><tr role="row" class="even"><td tabindex="0"><i class="fas fa-hand-rock"></i></td><td class=" not_printable"><div class="addToGL" data-soscuisine-aisle="9" data-soscuisine-sip="3940843"><i class="fa fa-cart-plus" title="Ajouter à ma liste d'épicerie"></i><div></div></div></td><td><img class="storeItemImage" alt="pâtes alimentaires" src="/media/images/store_item/blank.jpg"></td><td>pâtes alimentaires</td><td class="not_printable sorting_1">pâtes, riz &amp; grains</td><td><img style="width:50%;" src="/media/images/logos/marchands/11.png" alt="Tradition"></td><td><span itemprop="price">6,99 $</span><span itemprop="eligibleQuantity" itemscope="" itemtype="http://schema.org/QuantitativeValue">/2kg</span></td><td>3,49 $/kg</td><td style="display: none;">2020-02-26</td><td style="display: none;"></td><td style="display: none;">Catelli</td><td style="display: none;"></td><td style="display: none;"></td><td style="display: none;"></td><td style="display: none;"></td><td style="display: none;"></td><td style="display: none;"><a class="recipeLink" href="/recipe_ingredient_search_results.php?query=(_QU5E__1__________573__[]_1_1)&amp;sos_l=fr">Recettes avec pâtes alimentaires</a></td></tr><tr role="row" class="odd"><td tabindex="0"><i class="fa fa-thumbs-down"></i></td><td class=" not_printable"><div class="addToGL" data-soscuisine-aisle="9" data-soscuisine-sip="3940789"><i class="fa fa-cart-plus" title="Ajouter à ma liste d'épicerie"></i><div></div></div></td><td><img class="storeItemImage" alt="pâtes alimentaires" src="/media/images/store_item/blank.jpg"></td><td>pâtes alimentaires</td><td class="not_printable sorting_1">pâtes, riz &amp; grains</td><td><img style="width:50%;" src="/media/images/logos/marchands/11.png" alt="Tradition"></td><td><span itemprop="price">4,50 $</span><span itemprop="eligibleQuantity" itemscope="" itemtype="http://schema.org/QuantitativeValue">/<span itemprop="value">2</span>x<span itemprop="unitText">454g (1lb)</span></span></td><td>4,96 $/kg</td><td style="display: none;">2020-02-26</td><td style="display: none;"></td><td style="display: none;">Barilla</td><td style="display: none;"></td><td style="display: none;"></td><td style="display: none;"></td><td style="display: none;"></td><td style="display: none;"></td><td style="display: none;"><a class="recipeLink" href="/recipe_ingredient_search_results.php?query=(_QU5E__1__________573__[]_1_1)&amp;sos_l=fr">Recettes avec pâtes alimentaires</a></td></tr><tr role="row" class="even"><td tabindex="0"><i class="fas fa-exclamation"></i></td><td class=" not_printable"><div class="addToGL" data-soscuisine-aisle="9" data-soscuisine-sip="3922905"><i class="fa fa-cart-plus" title="Ajouter à ma liste d'épicerie"></i><div></div></div></td><td><img class="storeItemImage" alt="pâtes de légumineuses" src="/media/images/store_item/blank.jpg"></td><td>pâtes de légumineuses</td><td class="not_printable sorting_1">pâtes, riz &amp; grains</td><td><img style="width:50%;" src="/media/images/logos/marchands/94.png" alt="Avril"></td><td><span itemprop="price">4,49 $</span><span itemprop="eligibleQuantity" itemscope="" itemtype="http://schema.org/QuantitativeValue">/<span itemprop="unitText">200g</span></span></td><td>22,45 $/kg</td><td style="display: none;">2020-03-03</td><td style="display: none;"></td><td style="display: none;">Explore</td><td style="display: none;"></td><td style="display: none;"></td><td style="display: none;"></td><td style="display: none;"></td><td style="display: none;"></td><td style="display: none;"><a class="recipeLink" href="/recipe_ingredient_search_results.php?query=(_QU5E__1__________1217__[]_1_1)&amp;sos_l=fr">Recettes avec pâtes de légumineuses</a></td></tr><tr role="row" class="odd"><td tabindex="0"><i class="fas fa-exclamation"></i></td><td class=" not_printable"><div class="addToGL" data-soscuisine-aisle="9" data-soscuisine-sip="3937379"><i class="fa fa-cart-plus" title="Ajouter à ma liste d'épicerie"></i><div></div></div></td><td><img class="storeItemImage" alt="pâtes de légumineuses" src="/media/images/store_item/blank.jpg"></td><td>pâtes de légumineuses</td><td class="not_printable sorting_1">pâtes, riz &amp; grains</td><td><img style="width:50%;" src="/media/images/logos/marchands/95.png" alt="Marchés Tau"></td><td><span itemprop="price">3,99 $</span><span itemprop="eligibleQuantity" itemscope="" itemtype="http://schema.org/QuantitativeValue">/<span itemprop="unitText">200g</span></span></td><td>19,95 $/kg</td><td style="display: none;">2020-03-29</td><td style="display: none;"></td><td style="display: none;"></td><td style="display: none;"></td><td style="display: none;"></td><td style="display: none;"></td><td style="display: none;"></td><td style="display: none;">Liviva</td><td style="display: none;"><a class="recipeLink" href="/recipe_ingredient_search_results.php?query=(_QU5E__1__________1217__[]_1_1)&amp;sos_l=fr">Recettes avec pâtes de légumineuses</a></td></tr><tr role="row" class="even"><td tabindex="0"><i class="fas fa-hand-rock"></i></td><td class=" not_printable"><div class="addToGL" data-soscuisine-aisle="9" data-soscuisine-sip="3937375"><i class="fa fa-cart-plus" title="Ajouter à ma liste d'épicerie"></i><div></div></div></td><td><img class="storeItemImage" alt="quinoa" src="/media/images/store_item/blank.jpg"></td><td>quinoa</td><td class="not_printable sorting_1">pâtes, riz &amp; grains</td><td><img style="width:50%;" src="/media/images/logos/marchands/95.png" alt="Marchés Tau"></td><td><span itemprop="price">8,99 $</span><span itemprop="eligibleQuantity" itemscope="" itemtype="http://schema.org/QuantitativeValue">/<span itemprop="unitText">700g</span></span></td><td>1,28 $/100g</td><td style="display: none;">2020-03-29</td><td style="display: none;"></td><td style="display: none;">marque maison</td><td style="display: none;"></td><td style="display: none;"></td><td style="display: none;">Bio</td><td style="display: none;"></td><td style="display: none;"></td><td style="display: none;"><a class="recipeLink" href="/recipe_ingredient_search_results.php?query=(_QU5E__1__________531__[]_1_1)&amp;sos_l=fr">Recettes avec quinoa</a></td></tr><tr role="row" class="odd"><td tabindex="0"><i class="fas fa-hand-rock"></i></td><td class=" not_printable"><div class="addToGL" data-soscuisine-aisle="9" data-soscuisine-sip="3939237"><i class="fa fa-cart-plus" title="Ajouter à ma liste d'épicerie"></i><div></div></div></td><td><img class="storeItemImage" alt="riz basmati" src="/media/images/store_item/blank.jpg"></td><td>riz basmati</td><td class="not_printable sorting_1">pâtes, riz &amp; grains</td><td><img style="width:50%;" src="/media/images/logos/marchands/63.png" alt="Marché Adonis"></td><td><span itemprop="price">11,99 $</span><span itemprop="eligibleQuantity" itemscope="" itemtype="http://schema.org/QuantitativeValue">/<span itemprop="unitText">10lb (4,54kg)</span></span></td><td>2,64 $/kg</td><td style="display: none;">2020-02-26</td><td style="display: none;"></td><td style="display: none;">Tilda</td><td style="display: none;"></td><td style="display: none;"></td><td style="display: none;"></td><td style="display: none;"></td><td style="display: none;"></td><td style="display: none;"><a class="recipeLink" href="/recipe_ingredient_search_results.php?query=(_QU5E__1__________210__[]_1_1)&amp;sos_l=fr">Recettes avec riz basmati</a></td></tr><tr role="row" class="even"><td tabindex="0"><i class="fas fa-hand-rock"></i></td><td class=" not_printable"><div class="addToGL" data-soscuisine-aisle="9" data-soscuisine-sip="3940951"><i class="fa fa-cart-plus" title="Ajouter à ma liste d'épicerie"></i><div></div></div></td><td><img class="storeItemImage" alt="riz basmati" src="/media/images/store_item/blank.jpg"></td><td>riz basmati</td><td class="not_printable sorting_1">pâtes, riz &amp; grains</td><td><img style="width:50%;" src="/media/images/logos/marchands/12.png" alt="Richelieu"></td><td><span itemprop="price">3,99 $</span><span itemprop="eligibleQuantity" itemscope="" itemtype="http://schema.org/QuantitativeValue">/<span itemprop="unitText">900g</span></span></td><td>4,43 $/kg</td><td style="display: none;">2020-02-26</td><td style="display: none;"></td><td style="display: none;">marque maison</td><td style="display: none;"></td><td style="display: none;"></td><td style="display: none;"></td><td style="display: none;"></td><td style="display: none;"></td><td style="display: none;"><a class="recipeLink" href="/recipe_ingredient_search_results.php?query=(_QU5E__1__________210__[]_1_1)&amp;sos_l=fr">Recettes avec riz basmati</a></td></tr><tr role="row" class="odd"><td tabindex="0"><i class="fas fa-hand-rock"></i></td><td class=" not_printable"><div class="addToGL" data-soscuisine-aisle="9" data-soscuisine-sip="3940953"><i class="fa fa-cart-plus" title="Ajouter à ma liste d'épicerie"></i><div></div></div></td><td><img class="storeItemImage" alt="riz jasmin" src="/media/images/store_item/blank.jpg"></td><td>riz jasmin</td><td class="not_printable sorting_1">pâtes, riz &amp; grains</td><td><img style="width:50%;" src="/media/images/logos/marchands/12.png" alt="Richelieu"></td><td><span itemprop="price">3,99 $</span><span itemprop="eligibleQuantity" itemscope="" itemtype="http://schema.org/QuantitativeValue">/<span itemprop="unitText">900g</span></span></td><td>4,43 $/kg</td><td style="display: none;">2020-02-26</td><td style="display: none;"></td><td style="display: none;">marque maison</td><td style="display: none;"></td><td style="display: none;"></td><td style="display: none;"></td><td style="display: none;"></td><td style="display: none;"></td><td style="display: none;"><a class="recipeLink" href="/recipe_ingredient_search_results.php?query=(_QU5E__1__________834__[]_1_1)&amp;sos_l=fr">Recettes avec riz jasmin</a></td></tr><tr role="row" class="even"><td tabindex="0"><i class="fas fa-hand-rock"></i></td><td class=" not_printable"><div class="addToGL" data-soscuisine-aisle="9" data-soscuisine-sip="3935963"><i class="fa fa-cart-plus" title="Ajouter à ma liste d'épicerie"></i><div></div></div></td><td><img class="storeItemImage" alt="vermicelles de riz" src="/media/images/store_item/blank.jpg"></td><td>vermicelles de riz</td><td class="not_printable sorting_1">pâtes, riz &amp; grains</td><td><img style="width:50%;" src="/media/images/logos/marchands/62.png" alt="Supermarché PA"></td><td><span itemprop="price">3,00 $</span><span itemprop="eligibleQuantity" itemscope="" itemtype="http://schema.org/QuantitativeValue">/<span itemprop="value">2</span>x<span itemprop="unitText">375g</span></span></td><td>4,00 $/kg</td><td style="display: none;">2020-02-23</td><td style="display: none;"></td><td style="display: none;"></td><td style="display: none;"></td><td style="display: none;"></td><td style="display: none;"></td><td style="display: none;"></td><td style="display: none;">Bun Tuoi</td><td style="display: none;"><a class="recipeLink" href="/recipe_ingredient_search_results.php?query=(_QU5E__1__________214__[]_1_1)&amp;sos_l=fr">Recettes avec vermicelles de riz</a></td></tr><tr role="row" class="odd"><td tabindex="0"><i class="fas fa-hand-rock"></i></td><td class=" not_printable"><div class="addToGL" data-soscuisine-aisle="22" data-soscuisine-sip="3939697"><i class="fa fa-cart-plus" title="Ajouter à ma liste d'épicerie"></i><div></div></div></td><td><img class="storeItemImage" itemprop="image" alt="bagels" src="/media/images/store_item/959.jpg"></td><td>bagels</td><td class="not_printable sorting_1">boulangerie</td><td><img style="width:50%;" src="/media/images/logos/marchands/10.png" alt="Bonichoix "></td><td><span itemprop="price">6,00 $</span><span itemprop="eligibleQuantity" itemscope="" itemtype="http://schema.org/QuantitativeValue">/<span itemprop="value">2</span>x paquets de 6</span></td><td>5,56 $/kg</td><td style="display: none;">2020-02-26</td><td style="display: none;">Québec</td><td style="display: none;">Pom</td><td style="display: none;">standard</td><td style="display: none;"></td><td style="display: none;"></td><td style="display: none;"></td><td style="display: none;"></td><td style="display: none;"><a class="recipeLink" href="/recipe_ingredient_search_results.php?query=(_QU5E__1__________959__[]_1_1)&amp;sos_l=fr">Recettes avec bagels</a></td></tr><tr role="row" class="even"><td tabindex="0"><i class="fa fa-thumbs-up"></i></td><td class=" not_printable"><div class="addToGL" data-soscuisine-aisle="22" data-soscuisine-sip="3938395"><i class="fa fa-cart-plus" title="Ajouter à ma liste d'épicerie"></i><div></div></div></td><td><img class="storeItemImage" itemprop="image" alt="bagels" src="/media/images/store_item/959.jpg"></td><td>bagels</td><td class="not_printable sorting_1">boulangerie</td><td><img style="width:50%;" src="/media/images/logos/marchands/7.png" alt="Intermarché (Saveurs intl.)"></td><td><span itemprop="price">1,79 $</span><span itemprop="eligibleQuantity" itemscope="" itemtype="http://schema.org/QuantitativeValue">/<span itemprop="unitText">480g</span></span></td><td>3,73 $/kg</td><td style="display: none;">2020-02-26</td><td style="display: none;"></td><td style="display: none;">Vieux moulin</td><td style="display: none;"></td><td style="display: none;">blé entier</td><td style="display: none;"></td><td style="display: none;"></td><td style="display: none;"></td><td style="display: none;"><a class="recipeLink" href="/recipe_ingredient_search_results.php?query=(_QU5E__1__________959__[]_1_1)&amp;sos_l=fr">Recettes avec bagels</a></td></tr><tr role="row" class="odd"><td tabindex="0"><i class="fa fa-thumbs-up"></i></td><td class=" not_printable"><div class="addToGL" data-soscuisine-aisle="22" data-soscuisine-sip="3937537"><i class="fa fa-cart-plus" title="Ajouter à ma liste d'épicerie"></i><div></div></div></td><td><img class="storeItemImage" itemprop="image" alt="bagels" src="/media/images/store_item/959.jpg"></td><td>bagels</td><td class="not_printable sorting_1">boulangerie</td><td><img style="width:50%;" src="/media/images/logos/marchands/6.png" alt="Maxi"></td><td><span itemprop="price">2,00 $</span><span itemprop="eligibleQuantity" itemscope="" itemtype="http://schema.org/QuantitativeValue">/<span itemprop="unitText">paq. de 6</span></span></td><td>3,70 $/kg</td><td style="display: none;">2020-02-26</td><td style="display: none;"></td><td style="display: none;">Gadoua</td><td style="display: none;">standard</td><td style="display: none;"></td><td style="display: none;"></td><td style="display: none;"></td><td style="display: none;"></td><td style="display: none;"><a class="recipeLink" href="/recipe_ingredient_search_results.php?query=(_QU5E__1__________959__[]_1_1)&amp;sos_l=fr">Recettes avec bagels</a></td></tr><tr role="row" class="even"><td tabindex="0"><i class="fa fa-thumbs-up"></i></td><td class=" not_printable"><div class="addToGL" data-soscuisine-aisle="22" data-soscuisine-sip="3939067"><i class="fa fa-cart-plus" title="Ajouter à ma liste d'épicerie"></i><div></div></div></td><td><img class="storeItemImage" itemprop="image" alt="bagels" src="/media/images/store_item/959.jpg"></td><td>bagels</td><td class="not_printable sorting_1">boulangerie</td><td><img style="width:50%;" src="/media/images/logos/marchands/64.png" alt="Mourelatos"></td><td><span itemprop="price">1,99 $</span><span itemprop="eligibleQuantity" itemscope="" itemtype="http://schema.org/QuantitativeValue">/<span itemprop="unitText">480g</span></span></td><td>4,15 $/kg</td><td style="display: none;">2020-02-25</td><td style="display: none;"></td><td style="display: none;">Vieux moulin</td><td style="display: none;"></td><td style="display: none;">blé entier</td><td style="display: none;"></td><td style="display: none;"></td><td style="display: none;"></td><td style="display: none;"><a class="recipeLink" href="/recipe_ingredient_search_results.php?query=(_QU5E__1__________959__[]_1_1)&amp;sos_l=fr">Recettes avec bagels</a></td></tr><tr role="row" class="odd"><td tabindex="0"><i class="fas fa-hand-rock"></i></td><td class=" not_printable"><div class="addToGL" data-soscuisine-aisle="22" data-soscuisine-sip="3940399"><i class="fa fa-cart-plus" title="Ajouter à ma liste d'épicerie"></i><div></div></div></td><td><img class="storeItemImage" itemprop="image" alt="bagels" src="/media/images/store_item/959.jpg"></td><td>bagels</td><td class="not_printable sorting_1">boulangerie</td><td><img style="width:50%;" src="/media/images/logos/marchands/5.png" alt="Super C"></td><td><span itemprop="price">2,88 $</span><span itemprop="eligibleQuantity" itemscope="" itemtype="http://schema.org/QuantitativeValue">/<span itemprop="unitText">paq. de 6</span></span></td><td>5,33 $/kg</td><td style="display: none;">2020-02-26</td><td style="display: none;"></td><td style="display: none;">Pom</td><td style="display: none;">standard</td><td style="display: none;"></td><td style="display: none;"></td><td style="display: none;"></td><td style="display: none;"></td><td style="display: none;"><a class="recipeLink" href="/recipe_ingredient_search_results.php?query=(_QU5E__1__________959__[]_1_1)&amp;sos_l=fr">Recettes avec bagels</a></td></tr><tr role="row" class="even"><td tabindex="0"><i class="fas fa-hand-rock"></i></td><td class=" not_printable"><div class="addToGL" data-soscuisine-aisle="22" data-soscuisine-sip="3940791"><i class="fa fa-cart-plus" title="Ajouter à ma liste d'épicerie"></i><div></div></div></td><td><img class="storeItemImage" itemprop="image" alt="bagels" src="/media/images/store_item/959.jpg"></td><td>bagels</td><td class="not_printable sorting_1">boulangerie</td><td><img style="width:50%;" src="/media/images/logos/marchands/11.png" alt="Tradition"></td><td><span itemprop="price">6,00 $</span><span itemprop="eligibleQuantity" itemscope="" itemtype="http://schema.org/QuantitativeValue">/<span itemprop="value">2</span>x paquets de 6</span></td><td>5,56 $/kg</td><td style="display: none;">2020-02-26</td><td style="display: none;">Québec</td><td style="display: none;">Pom</td><td style="display: none;">standard</td><td style="display: none;"></td><td style="display: none;"></td><td style="display: none;"></td><td style="display: none;"></td><td style="display: none;"><a class="recipeLink" href="/recipe_ingredient_search_results.php?query=(_QU5E__1__________959__[]_1_1)&amp;sos_l=fr">Recettes avec bagels</a></td></tr><tr role="row" class="odd"><td tabindex="0"><i class="fas fa-hand-rock"></i></td><td class=" not_printable"><div class="addToGL" data-soscuisine-aisle="22" data-soscuisine-sip="3939789"><i class="fa fa-cart-plus" title="Ajouter à ma liste d'épicerie"></i><div></div></div></td><td><img class="storeItemImage" itemprop="image" alt="baguettes" src="/media/images/store_item/551.jpg"></td><td>baguettes</td><td class="not_printable sorting_1">boulangerie</td><td><img style="width:50%;" src="/media/images/logos/marchands/10.png" alt="Bonichoix "></td><td><span itemprop="price">5,00 $</span><span itemprop="eligibleQuantity" itemscope="" itemtype="http://schema.org/QuantitativeValue">/<span itemprop="value">2</span>x<span itemprop="unitText">325g</span></span></td><td>7,69 $/kg</td><td style="display: none;">2020-02-26</td><td style="display: none;">Québec</td><td style="display: none;">Au Pain Doré</td><td style="display: none;"></td><td style="display: none;">ciabatta</td><td style="display: none;"></td><td style="display: none;"></td><td style="display: none;"></td><td style="display: none;"><a class="recipeLink" href="/recipe_ingredient_search_results.php?query=(_QU5E__1__________551__[]_1_1)&amp;sos_l=fr">Recettes avec baguettes</a></td></tr><tr role="row" class="even"><td tabindex="0"><i class="fas fa-hand-rock"></i></td><td class=" not_printable"><div class="addToGL" data-soscuisine-aisle="22" data-soscuisine-sip="3939785"><i class="fa fa-cart-plus" title="Ajouter à ma liste d'épicerie"></i><div></div></div></td><td><img class="storeItemImage" itemprop="image" alt="baguettes" src="/media/images/store_item/551.jpg"></td><td>baguettes</td><td class="not_printable sorting_1">boulangerie</td><td><img style="width:50%;" src="/media/images/logos/marchands/10.png" alt="Bonichoix "></td><td><span itemprop="price">2,99 $</span><span itemprop="eligibleQuantity" itemscope="" itemtype="http://schema.org/QuantitativeValue">/<span itemprop="unitText">325g</span></span></td><td>9,20 $/kg</td><td style="display: none;">2020-02-26</td><td style="display: none;">Québec</td><td style="display: none;">Au Pain Doré</td><td style="display: none;"></td><td style="display: none;">ciabatta</td><td style="display: none;"></td><td style="display: none;"></td><td style="display: none;"></td><td style="display: none;"><a class="recipeLink" href="/recipe_ingredient_search_results.php?query=(_QU5E__1__________551__[]_1_1)&amp;sos_l=fr">Recettes avec baguettes</a></td></tr><tr role="row" class="odd"><td tabindex="0"><i class="fa fa-thumbs-up"></i><i class="fa fa-thumbs-up"></i></td><td class=" not_printable"><div class="addToGL" data-soscuisine-aisle="22" data-soscuisine-sip="3938065"><i class="fa fa-cart-plus" title="Ajouter à ma liste d'épicerie"></i><div></div></div></td><td><img class="storeItemImage" itemprop="image" alt="baguettes" src="/media/images/store_item/551.jpg"></td><td>baguettes</td><td class="not_printable sorting_1">boulangerie</td><td><img style="width:50%;" src="/media/images/logos/marchands/7.png" alt="Intermarché (Saveurs intl.)"></td><td><span itemprop="price">1,00 $</span><span itemprop="eligibleQuantity" itemscope="" itemtype="http://schema.org/QuantitativeValue">/<span itemprop="unitText">255g (9oz)</span></span></td><td>3,92 $/kg</td><td style="display: none;">2020-02-26</td><td style="display: none;"></td><td style="display: none;"></td><td style="display: none;"></td><td style="display: none;"></td><td style="display: none;"></td><td style="display: none;"></td><td style="display: none;"></td><td style="display: none;"><a class="recipeLink" href="/recipe_ingredient_search_results.php?query=(_QU5E__1__________551__[]_1_1)&amp;sos_l=fr">Recettes avec baguettes</a></td></tr><tr role="row" class="even"><td tabindex="0"><i class="fa fa-thumbs-up"></i></td><td class=" not_printable"><div class="addToGL" data-soscuisine-aisle="22" data-soscuisine-sip="3937533"><i class="fa fa-cart-plus" title="Ajouter à ma liste d'épicerie"></i><div></div></div></td><td><img class="storeItemImage" itemprop="image" alt="baguettes" src="/media/images/store_item/551.jpg"></td><td>baguettes</td><td class="not_printable sorting_1">boulangerie</td><td><img style="width:50%;" src="/media/images/logos/marchands/6.png" alt="Maxi"></td><td><span itemprop="price">2,00 $</span><span itemprop="eligibleQuantity" itemscope="" itemtype="http://schema.org/QuantitativeValue">/<span itemprop="unitText">284g</span></span></td><td>7,04 $/kg</td><td style="display: none;">2020-02-26</td><td style="display: none;"></td><td style="display: none;"></td><td style="display: none;"></td><td style="display: none;"></td><td style="display: none;"></td><td style="display: none;"></td><td style="display: none;">La Baguetterie, blanche</td><td style="display: none;"><a class="recipeLink" href="/recipe_ingredient_search_results.php?query=(_QU5E__1__________551__[]_1_1)&amp;sos_l=fr">Recettes avec baguettes</a></td></tr><tr role="row" class="odd"><td tabindex="0"><i class="fas fa-hand-rock"></i></td><td class=" not_printable"><div class="addToGL" data-soscuisine-aisle="22" data-soscuisine-sip="3937773"><i class="fa fa-cart-plus" title="Ajouter à ma liste d'épicerie"></i><div></div></div></td><td><img class="storeItemImage" itemprop="image" alt="baguettes" src="/media/images/store_item/551.jpg"></td><td>baguettes</td><td class="not_printable sorting_1">boulangerie</td><td><img style="width:50%;" src="/media/images/logos/marchands/1.png" alt="Metro"></td><td><span itemprop="price">2,99 $</span><span itemprop="eligibleQuantity" itemscope="" itemtype="http://schema.org/QuantitativeValue">/<span itemprop="unitText">325g</span></span></td><td>9,20 $/kg</td><td style="display: none;">2020-02-26</td><td style="display: none;"></td><td style="display: none;">Première Moisson</td><td style="display: none;"></td><td style="display: none;"></td><td style="display: none;"></td><td style="display: none;"></td><td style="display: none;"></td><td style="display: none;"><a class="recipeLink" href="/recipe_ingredient_search_results.php?query=(_QU5E__1__________551__[]_1_1)&amp;sos_l=fr">Recettes avec baguettes</a></td></tr><tr role="row" class="even"><td tabindex="0"><i class="fa fa-thumbs-down"></i></td><td class=" not_printable"><div class="addToGL" data-soscuisine-aisle="22" data-soscuisine-sip="3937771"><i class="fa fa-cart-plus" title="Ajouter à ma liste d'épicerie"></i><div></div></div></td><td><img class="storeItemImage" itemprop="image" alt="baguettes" src="/media/images/store_item/551.jpg"></td><td>baguettes</td><td class="not_printable sorting_1">boulangerie</td><td><img style="width:50%;" src="/media/images/logos/marchands/1.png" alt="Metro"></td><td><span itemprop="price">4,00 $</span><span itemprop="eligibleQuantity" itemscope="" itemtype="http://schema.org/QuantitativeValue">/<span itemprop="value">2</span>x180g</span></td><td>11,11 $/kg</td><td style="display: none;">2020-02-26</td><td style="display: none;"></td><td style="display: none;">Première Moisson</td><td style="display: none;"></td><td style="display: none;">ciabatta</td><td style="display: none;"></td><td style="display: none;"></td><td style="display: none;">demi</td><td style="display: none;"><a class="recipeLink" href="/recipe_ingredient_search_results.php?query=(_QU5E__1__________551__[]_1_1)&amp;sos_l=fr">Recettes avec baguettes</a></td></tr><tr role="row" class="odd"><td tabindex="0"><i class="fa fa-thumbs-up"></i></td><td class=" not_printable"><div class="addToGL" data-soscuisine-aisle="22" data-soscuisine-sip="3938247"><i class="fa fa-cart-plus" title="Ajouter à ma liste d'épicerie"></i><div></div></div></td><td><img class="storeItemImage" itemprop="image" alt="baguettes" src="/media/images/store_item/551.jpg"></td><td>baguettes</td><td class="not_printable sorting_1">boulangerie</td><td><img style="width:50%;" src="/media/images/logos/marchands/2.png" alt="Provigo"></td><td><span itemprop="price">1,29 $</span><span itemprop="eligibleQuantity" itemscope="" itemtype="http://schema.org/QuantitativeValue">/<span itemprop="unitText">255g (9oz)</span></span></td><td>5,06 $/kg</td><td style="display: none;">2020-02-26</td><td style="display: none;"></td><td style="display: none;"></td><td style="display: none;"></td><td style="display: none;"></td><td style="display: none;"></td><td style="display: none;"></td><td style="display: none;">blanc ou ble entier</td><td style="display: none;"><a class="recipeLink" href="/recipe_ingredient_search_results.php?query=(_QU5E__1__________551__[]_1_1)&amp;sos_l=fr">Recettes avec baguettes</a></td></tr><tr role="row" class="even"><td tabindex="0"><i class="fa fa-thumbs-up"></i></td><td class=" not_printable"><div class="addToGL" data-soscuisine-aisle="22" data-soscuisine-sip="3937531"><i class="fa fa-cart-plus" title="Ajouter à ma liste d'épicerie"></i><div></div></div></td><td><img class="storeItemImage" itemprop="image" alt="croissants" src="/media/images/store_item/1006.jpg"></td><td>croissants</td><td class="not_printable sorting_1">boulangerie</td><td><img style="width:50%;" src="/media/images/logos/marchands/6.png" alt="Maxi"></td><td><span itemprop="price">2,00 $</span><span itemprop="eligibleQuantity" itemscope="" itemtype="http://schema.org/QuantitativeValue">/<span itemprop="unitText">paq. de 6</span></span></td><td>1,11 $/100g</td><td style="display: none;">2020-02-26</td><td style="display: none;"></td><td style="display: none;">Dumas</td><td style="display: none;">standard</td><td style="display: none;"></td><td style="display: none;"></td><td style="display: none;"></td><td style="display: none;"></td><td style="display: none;"><a class="recipeLink" href="/recipe_ingredient_search_results.php?query=(_QU5E__1__________1006__[]_1_1)&amp;sos_l=fr">Recettes avec croissants</a></td></tr><tr role="row" class="odd"><td tabindex="0"><i class="fas fa-hand-rock"></i></td><td class=" not_printable"><div class="addToGL" data-soscuisine-aisle="22" data-soscuisine-sip="3939771"><i class="fa fa-cart-plus" title="Ajouter à ma liste d'épicerie"></i><div></div></div></td><td><img class="storeItemImage" itemprop="image" alt="galettes de riz" src="/media/images/store_item/987.jpg"></td><td>galettes de riz</td><td class="not_printable sorting_1">boulangerie</td><td><img style="width:50%;" src="/media/images/logos/marchands/10.png" alt="Bonichoix "></td><td><span itemprop="price">4,00 $</span><span itemprop="eligibleQuantity" itemscope="" itemtype="http://schema.org/QuantitativeValue">/<span itemprop="value">2</span>x<span itemprop="unitText">127g</span></span></td><td>1,57 $/100g</td><td style="display: none;">2020-02-26</td><td style="display: none;"></td><td style="display: none;">Quaker</td><td style="display: none;"></td><td style="display: none;"></td><td style="display: none;"></td><td style="display: none;"></td><td style="display: none;"></td><td style="display: none;"><a class="recipeLink" href="/recipe_ingredient_search_results.php?query=(_QU5E__1__________987__[]_1_1)&amp;sos_l=fr">Recettes avec galettes de riz</a></td></tr><tr role="row" class="even"><td tabindex="0"><i class="fas fa-hand-rock"></i></td><td class=" not_printable"><div class="addToGL" data-soscuisine-aisle="22" data-soscuisine-sip="3938739"><i class="fa fa-cart-plus" title="Ajouter à ma liste d'épicerie"></i><div></div></div></td><td><img class="storeItemImage" itemprop="image" alt="galettes de riz" src="/media/images/store_item/987.jpg"></td><td>galettes de riz</td><td class="not_printable sorting_1">boulangerie</td><td><img style="width:50%;" src="/media/images/logos/marchands/69.png" alt="Intermarché (Provincial)"></td><td><span itemprop="price">2,00 $</span><span itemprop="eligibleQuantity" itemscope="" itemtype="http://schema.org/QuantitativeValue">/<span itemprop="unitText">127g</span></span></td><td>1,57 $/100g</td><td style="display: none;">2020-02-26</td><td style="display: none;"></td><td style="display: none;">Quaker</td><td style="display: none;"></td><td style="display: none;"></td><td style="display: none;"></td><td style="display: none;"></td><td style="display: none;"></td><td style="display: none;"><a class="recipeLink" href="/recipe_ingredient_search_results.php?query=(_QU5E__1__________987__[]_1_1)&amp;sos_l=fr">Recettes avec galettes de riz</a></td></tr><tr role="row" class="odd"><td tabindex="0"><i class="fas fa-hand-rock"></i></td><td class=" not_printable"><div class="addToGL" data-soscuisine-aisle="22" data-soscuisine-sip="3938475"><i class="fa fa-cart-plus" title="Ajouter à ma liste d'épicerie"></i><div></div></div></td><td><img class="storeItemImage" itemprop="image" alt="galettes de riz" src="/media/images/store_item/987.jpg"></td><td>galettes de riz</td><td class="not_printable sorting_1">boulangerie</td><td><img style="width:50%;" src="/media/images/logos/marchands/7.png" alt="Intermarché (Saveurs intl.)"></td><td><span itemprop="price">2,00 $</span><span itemprop="eligibleQuantity" itemscope="" itemtype="http://schema.org/QuantitativeValue">/<span itemprop="unitText">127g</span></span></td><td>1,57 $/100g</td><td style="display: none;">2020-02-26</td><td style="display: none;"></td><td style="display: none;">Quaker</td><td style="display: none;"></td><td style="display: none;"></td><td style="display: none;"></td><td style="display: none;"></td><td style="display: none;"></td><td style="display: none;"><a class="recipeLink" href="/recipe_ingredient_search_results.php?query=(_QU5E__1__________987__[]_1_1)&amp;sos_l=fr">Recettes avec galettes de riz</a></td></tr><tr role="row" class="even"><td tabindex="0"><i class="fa fa-thumbs-up"></i><i class="fa fa-thumbs-up"></i></td><td class=" not_printable"><div class="addToGL" data-soscuisine-aisle="22" data-soscuisine-sip="3938069"><i class="fa fa-cart-plus" title="Ajouter à ma liste d'épicerie"></i><div></div></div></td><td><img class="storeItemImage" itemprop="image" alt="muffins anglais" src="/media/images/store_item/1151.jpg"></td><td>muffins anglais</td><td class="not_printable sorting_1">boulangerie</td><td><img style="width:50%;" src="/media/images/logos/marchands/7.png" alt="Intermarché (Saveurs intl.)"></td><td><span itemprop="price">1,00 $</span><span itemprop="eligibleQuantity" itemscope="" itemtype="http://schema.org/QuantitativeValue">/<span itemprop="unitText">340g</span></span></td><td>2,94 $/kg</td><td style="display: none;">2020-02-26</td><td style="display: none;"></td><td style="display: none;">Vieux moulin</td><td style="display: none;"></td><td style="display: none;"></td><td style="display: none;"></td><td style="display: none;"></td><td style="display: none;"></td><td style="display: none;"><a class="recipeLink" href="/recipe_ingredient_search_results.php?query=(_QU5E__1__________1151__[]_1_1)&amp;sos_l=fr">Recettes avec muffins anglais</a></td></tr><tr role="row" class="odd"><td tabindex="0"><i class="fa fa-thumbs-up"></i></td><td class=" not_printable"><div class="addToGL" data-soscuisine-aisle="22" data-soscuisine-sip="3942127"><i class="fa fa-cart-plus" title="Ajouter à ma liste d'épicerie"></i><div></div></div></td><td><img class="storeItemImage" itemprop="image" alt="muffins anglais" src="/media/images/store_item/1151.jpg"></td><td>muffins anglais</td><td class="not_printable sorting_1">boulangerie</td><td><img style="width:50%;" src="/media/images/logos/marchands/13.png" alt="Jardin Mobile"></td><td><span itemprop="price">3,00 $</span><span itemprop="eligibleQuantity" itemscope="" itemtype="http://schema.org/QuantitativeValue">/<span itemprop="value">2</span>x paquets de 6</span></td><td>4,17 $/kg</td><td style="display: none;">2020-02-26</td><td style="display: none;"></td><td style="display: none;">Gadoua</td><td style="display: none;">standard</td><td style="display: none;"></td><td style="display: none;"></td><td style="display: none;"></td><td style="display: none;"></td><td style="display: none;"><a class="recipeLink" href="/recipe_ingredient_search_results.php?query=(_QU5E__1__________1151__[]_1_1)&amp;sos_l=fr">Recettes avec muffins anglais</a></td></tr><tr role="row" class="even"><td tabindex="0"><i class="fas fa-hand-rock"></i></td><td class=" not_printable"><div class="addToGL" data-soscuisine-aisle="22" data-soscuisine-sip="3937535"><i class="fa fa-cart-plus" title="Ajouter à ma liste d'épicerie"></i><div></div></div></td><td><img class="storeItemImage" itemprop="image" alt="muffins anglais" src="/media/images/store_item/1151.jpg"></td><td>muffins anglais</td><td class="not_printable sorting_1">boulangerie</td><td><img style="width:50%;" src="/media/images/logos/marchands/6.png" alt="Maxi"></td><td><span itemprop="price">2,00 $</span><span itemprop="eligibleQuantity" itemscope="" itemtype="http://schema.org/QuantitativeValue">/<span itemprop="unitText">paq. de 6</span></span></td><td>5,56 $/kg</td><td style="display: none;">2020-02-26</td><td style="display: none;"></td><td style="display: none;">Gadoua</td><td style="display: none;">standard</td><td style="display: none;"></td><td style="display: none;"></td><td style="display: none;"></td><td style="display: none;"></td><td style="display: none;"><a class="recipeLink" href="/recipe_ingredient_search_results.php?query=(_QU5E__1__________1151__[]_1_1)&amp;sos_l=fr">Recettes avec muffins anglais</a></td></tr><tr role="row" class="odd"><td tabindex="0"><i class="fa fa-thumbs-up"></i></td><td class=" not_printable"><div class="addToGL" data-soscuisine-aisle="22" data-soscuisine-sip="3938251"><i class="fa fa-cart-plus" title="Ajouter à ma liste d'épicerie"></i><div></div></div></td><td><img class="storeItemImage" itemprop="image" alt="muffins anglais" src="/media/images/store_item/1151.jpg"></td><td>muffins anglais</td><td class="not_printable sorting_1">boulangerie</td><td><img style="width:50%;" src="/media/images/logos/marchands/2.png" alt="Provigo"></td><td><span itemprop="price">3,00 $</span><span itemprop="eligibleQuantity" itemscope="" itemtype="http://schema.org/QuantitativeValue">/<span itemprop="value">2</span>x paquets de 6</span></td><td>4,17 $/kg</td><td style="display: none;">2020-02-26</td><td style="display: none;"></td><td style="display: none;">marque maison</td><td style="display: none;">standard</td><td style="display: none;"></td><td style="display: none;"></td><td style="display: none;"></td><td style="display: none;"></td><td style="display: none;"><a class="recipeLink" href="/recipe_ingredient_search_results.php?query=(_QU5E__1__________1151__[]_1_1)&amp;sos_l=fr">Recettes avec muffins anglais</a></td></tr><tr role="row" class="even"><td tabindex="0"><i class="fa fa-thumbs-up"></i></td><td class=" not_printable"><div class="addToGL" data-soscuisine-aisle="22" data-soscuisine-sip="3938249"><i class="fa fa-cart-plus" title="Ajouter à ma liste d'épicerie"></i><div></div></div></td><td><img class="storeItemImage" itemprop="image" alt="muffins anglais" src="/media/images/store_item/1151.jpg"></td><td>muffins anglais</td><td class="not_printable sorting_1">boulangerie</td><td><img style="width:50%;" src="/media/images/logos/marchands/2.png" alt="Provigo"></td><td><span itemprop="price">1,79 $</span><span itemprop="eligibleQuantity" itemscope="" itemtype="http://schema.org/QuantitativeValue">/<span itemprop="unitText">paq. de 6</span></span></td><td>4,97 $/kg</td><td style="display: none;">2020-02-26</td><td style="display: none;"></td><td style="display: none;">marque maison</td><td style="display: none;">standard</td><td style="display: none;"></td><td style="display: none;"></td><td style="display: none;"></td><td style="display: none;"></td><td style="display: none;"><a class="recipeLink" href="/recipe_ingredient_search_results.php?query=(_QU5E__1__________1151__[]_1_1)&amp;sos_l=fr">Recettes avec muffins anglais</a></td></tr><tr role="row" class="odd"><td tabindex="0"><i class="fa fa-thumbs-up"></i></td><td class=" not_printable"><div class="addToGL" data-soscuisine-aisle="22" data-soscuisine-sip="3937929"><i class="fa fa-cart-plus" title="Ajouter à ma liste d'épicerie"></i><div></div></div></td><td><img class="storeItemImage" itemprop="image" alt="pain à hot dog" src="/media/images/store_item/962.jpg"></td><td>pain à hot dog</td><td class="not_printable sorting_1">boulangerie</td><td><img style="width:50%;" src="/media/images/logos/marchands/1.png" alt="Metro"></td><td><span itemprop="price">4,00 $</span><span itemprop="eligibleQuantity" itemscope="" itemtype="http://schema.org/QuantitativeValue">/<span itemprop="value">2</span>x paquets de 12</span></td><td>2,38 $/kg</td><td style="display: none;">2020-02-26</td><td style="display: none;">Québec</td><td style="display: none;">marque maison</td><td style="display: none;">standard</td><td style="display: none;"></td><td style="display: none;"></td><td style="display: none;"></td><td style="display: none;"></td><td style="display: none;"></td></tr><tr role="row" class="even"><td tabindex="0"><i class="fa fa-thumbs-up"></i></td><td class=" not_printable"><div class="addToGL" data-soscuisine-aisle="22" data-soscuisine-sip="3940963"><i class="fa fa-cart-plus" title="Ajouter à ma liste d'épicerie"></i><div></div></div></td><td><img class="storeItemImage" itemprop="image" alt="pain à hot dog" src="/media/images/store_item/962.jpg"></td><td>pain à hot dog</td><td class="not_printable sorting_1">boulangerie</td><td><img style="width:50%;" src="/media/images/logos/marchands/12.png" alt="Richelieu"></td><td><span itemprop="price">4,00 $</span><span itemprop="eligibleQuantity" itemscope="" itemtype="http://schema.org/QuantitativeValue">/<span itemprop="value">2</span>x paquets de 12</span></td><td>2,38 $/kg</td><td style="display: none;">2020-02-26</td><td style="display: none;"></td><td style="display: none;">marque maison</td><td style="display: none;">standard</td><td style="display: none;"></td><td style="display: none;"></td><td style="display: none;"></td><td style="display: none;"></td><td style="display: none;"></td></tr><tr role="row" class="odd"><td tabindex="0"><i class="fas fa-hand-rock"></i></td><td class=" not_printable"><div class="addToGL" data-soscuisine-aisle="22" data-soscuisine-sip="3939699"><i class="fa fa-cart-plus" title="Ajouter à ma liste d'épicerie"></i><div></div></div></td><td><img class="storeItemImage" itemprop="image" alt="pain aux raisins" src="/media/images/store_item/1111.jpg"></td><td>pain aux raisins</td><td class="not_printable sorting_1">boulangerie</td><td><img style="width:50%;" src="/media/images/logos/marchands/10.png" alt="Bonichoix "></td><td><span itemprop="price">6,00 $</span><span itemprop="eligibleQuantity" itemscope="" itemtype="http://schema.org/QuantitativeValue">/<span itemprop="value">2</span>x<span itemprop="unitText">450g</span></span></td><td>0,67 $/100g</td><td style="display: none;">2020-02-26</td><td style="display: none;">Québec</td><td style="display: none;">Sun-Maid</td><td style="display: none;"></td><td style="display: none;"></td><td style="display: none;"></td><td style="display: none;"></td><td style="display: none;"></td><td style="display: none;"><a class="recipeLink" href="/recipe_ingredient_search_results.php?query=(_QU5E__1__________1111__[]_1_1)&amp;sos_l=fr">Recettes avec pain aux raisins</a></td></tr><tr role="row" class="even"><td tabindex="0"><i class="fas fa-hand-rock"></i></td><td class=" not_printable"><div class="addToGL" data-soscuisine-aisle="22" data-soscuisine-sip="3939371"><i class="fa fa-cart-plus" title="Ajouter à ma liste d'épicerie"></i><div></div></div></td><td><img class="storeItemImage" itemprop="image" alt="pain aux raisins" src="/media/images/store_item/1111.jpg"></td><td>pain aux raisins</td><td class="not_printable sorting_1">boulangerie</td><td><img style="width:50%;" src="/media/images/logos/marchands/63.png" alt="Marché Adonis"></td><td><span itemprop="price">2,99 $</span><span itemprop="eligibleQuantity" itemscope="" itemtype="http://schema.org/QuantitativeValue">/<span itemprop="unitText">450g</span></span></td><td>0,66 $/100g</td><td style="display: none;">2020-02-26</td><td style="display: none;"></td><td style="display: none;">Sun-Maid</td><td style="display: none;"></td><td style="display: none;"></td><td style="display: none;"></td><td style="display: none;"></td><td style="display: none;"></td><td style="display: none;"><a class="recipeLink" href="/recipe_ingredient_search_results.php?query=(_QU5E__1__________1111__[]_1_1)&amp;sos_l=fr">Recettes avec pain aux raisins</a></td></tr><tr role="row" class="odd"><td tabindex="0"><i class="fas fa-hand-rock"></i></td><td class=" not_printable"><div class="addToGL" data-soscuisine-aisle="22" data-soscuisine-sip="3940397"><i class="fa fa-cart-plus" title="Ajouter à ma liste d'épicerie"></i><div></div></div></td><td><img class="storeItemImage" itemprop="image" alt="pain aux raisins" src="/media/images/store_item/1111.jpg"></td><td>pain aux raisins</td><td class="not_printable sorting_1">boulangerie</td><td><img style="width:50%;" src="/media/images/logos/marchands/5.png" alt="Super C"></td><td><span itemprop="price">2,88 $</span><span itemprop="eligibleQuantity" itemscope="" itemtype="http://schema.org/QuantitativeValue">/<span itemprop="unitText">450g</span></span></td><td>0,64 $/100g</td><td style="display: none;">2020-02-26</td><td style="display: none;"></td><td style="display: none;">Sun-Maid</td><td style="display: none;"></td><td style="display: none;"></td><td style="display: none;"></td><td style="display: none;"></td><td style="display: none;"></td><td style="display: none;"><a class="recipeLink" href="/recipe_ingredient_search_results.php?query=(_QU5E__1__________1111__[]_1_1)&amp;sos_l=fr">Recettes avec pain aux raisins</a></td></tr><tr role="row" class="even"><td tabindex="0"><i class="fas fa-hand-rock"></i></td><td class=" not_printable"><div class="addToGL" data-soscuisine-aisle="22" data-soscuisine-sip="3940793"><i class="fa fa-cart-plus" title="Ajouter à ma liste d'épicerie"></i><div></div></div></td><td><img class="storeItemImage" itemprop="image" alt="pain aux raisins" src="/media/images/store_item/1111.jpg"></td><td>pain aux raisins</td><td class="not_printable sorting_1">boulangerie</td><td><img style="width:50%;" src="/media/images/logos/marchands/11.png" alt="Tradition"></td><td><span itemprop="price">6,00 $</span><span itemprop="eligibleQuantity" itemscope="" itemtype="http://schema.org/QuantitativeValue">/<span itemprop="value">2</span>x<span itemprop="unitText">450g</span></span></td><td>0,67 $/100g</td><td style="display: none;">2020-02-26</td><td style="display: none;">Québec</td><td style="display: none;">Sun-Maid</td><td style="display: none;"></td><td style="display: none;"></td><td style="display: none;"></td><td style="display: none;"></td><td style="display: none;"></td><td style="display: none;"><a class="recipeLink" href="/recipe_ingredient_search_results.php?query=(_QU5E__1__________1111__[]_1_1)&amp;sos_l=fr">Recettes avec pain aux raisins</a></td></tr><tr role="row" class="odd"><td tabindex="0"><i class="fas fa-hand-rock"></i></td><td class=" not_printable"><div class="addToGL" data-soscuisine-aisle="22" data-soscuisine-sip="3939069"><i class="fa fa-cart-plus" title="Ajouter à ma liste d'épicerie"></i><div></div></div></td><td><img class="storeItemImage" itemprop="image" alt="pain de seigle" src="/media/images/store_item/519.jpg"></td><td>pain de seigle</td><td class="not_printable sorting_1">boulangerie</td><td><img style="width:50%;" src="/media/images/logos/marchands/64.png" alt="Mourelatos"></td><td><span itemprop="price">5,00 $</span><span itemprop="eligibleQuantity" itemscope="" itemtype="http://schema.org/QuantitativeValue">/<span itemprop="value">2</span>x<span itemprop="unitText">1lb (454g)</span></span></td><td>5,51 $/kg</td><td style="display: none;">2020-02-25</td><td style="display: none;"></td><td style="display: none;">Rubschlager</td><td style="display: none;"></td><td style="display: none;"></td><td style="display: none;"></td><td style="display: none;"></td><td style="display: none;"></td><td style="display: none;"><a class="recipeLink" href="/recipe_ingredient_search_results.php?query=(_QU5E__1__________519__[]_1_1)&amp;sos_l=fr">Recettes avec pain de seigle</a></td></tr><tr role="row" class="even"><td tabindex="0"><i class="fa fa-thumbs-up"></i></td><td class=" not_printable"><div class="addToGL" data-soscuisine-aisle="22" data-soscuisine-sip="3937931"><i class="fa fa-cart-plus" title="Ajouter à ma liste d'épicerie"></i><div></div></div></td><td><img class="storeItemImage" itemprop="image" alt="pains à hamburger" src="/media/images/store_item/512.jpg"></td><td>pains à hamburger</td><td class="not_printable sorting_1">boulangerie</td><td><img style="width:50%;" src="/media/images/logos/marchands/1.png" alt="Metro"></td><td><span itemprop="price">4,00 $</span><span itemprop="eligibleQuantity" itemscope="" itemtype="http://schema.org/QuantitativeValue">/<span itemprop="value">2</span>x paquets de 12</span></td><td>3,47 $/kg</td><td style="display: none;">2020-02-26</td><td style="display: none;">Québec</td><td style="display: none;">marque maison</td><td style="display: none;">standard</td><td style="display: none;"></td><td style="display: none;"></td><td style="display: none;"></td><td style="display: none;"></td><td style="display: none;"><a class="recipeLink" href="/recipe_ingredient_search_results.php?query=(_QU5E__1__________512__[]_1_1)&amp;sos_l=fr">Recettes avec pains à hamburger</a></td></tr><tr role="row" class="odd"><td tabindex="0"><i class="fa fa-thumbs-up"></i></td><td class=" not_printable"><div class="addToGL" data-soscuisine-aisle="22" data-soscuisine-sip="3940961"><i class="fa fa-cart-plus" title="Ajouter à ma liste d'épicerie"></i><div></div></div></td><td><img class="storeItemImage" itemprop="image" alt="pains à hamburger" src="/media/images/store_item/512.jpg"></td><td>pains à hamburger</td><td class="not_printable sorting_1">boulangerie</td><td><img style="width:50%;" src="/media/images/logos/marchands/12.png" alt="Richelieu"></td><td><span itemprop="price">4,00 $</span><span itemprop="eligibleQuantity" itemscope="" itemtype="http://schema.org/QuantitativeValue">/<span itemprop="value">2</span>x paquets de 12</span></td><td>3,47 $/kg</td><td style="display: none;">2020-02-26</td><td style="display: none;"></td><td style="display: none;">marque maison</td><td style="display: none;">standard</td><td style="display: none;"></td><td style="display: none;"></td><td style="display: none;"></td><td style="display: none;"></td><td style="display: none;"><a class="recipeLink" href="/recipe_ingredient_search_results.php?query=(_QU5E__1__________512__[]_1_1)&amp;sos_l=fr">Recettes avec pains à hamburger</a></td></tr><tr role="row" class="even"><td tabindex="0"><i class="fa fa-thumbs-up"></i></td><td class=" not_printable"><div class="addToGL" data-soscuisine-aisle="22" data-soscuisine-sip="3940671"><i class="fa fa-cart-plus" title="Ajouter à ma liste d'épicerie"></i><div></div></div></td><td><img class="storeItemImage" itemprop="image" alt="pains Kaiser" src="/media/images/store_item/589.jpg"></td><td>pains Kaiser</td><td class="not_printable sorting_1">boulangerie</td><td><img style="width:50%;" src="/media/images/logos/marchands/5.png" alt="Super C"></td><td><span itemprop="price">2,49 $</span><span itemprop="eligibleQuantity" itemscope="" itemtype="http://schema.org/QuantitativeValue">/<span itemprop="unitText">paq. de 6</span></span></td><td>5,32 $/kg</td><td style="display: none;">2020-02-26</td><td style="display: none;"></td><td style="display: none;"></td><td style="display: none;">standard</td><td style="display: none;"></td><td style="display: none;"></td><td style="display: none;"></td><td style="display: none;"></td><td style="display: none;"><a class="recipeLink" href="/recipe_ingredient_search_results.php?query=(_QU5E__1__________589__[]_1_1)&amp;sos_l=fr">Recettes avec pains Kaiser</a></td></tr><tr role="row" class="odd"><td tabindex="0"><i class="fa fa-thumbs-up"></i></td><td class=" not_printable"><div class="addToGL" data-soscuisine-aisle="22" data-soscuisine-sip="3939577"><i class="fa fa-cart-plus" title="Ajouter à ma liste d'épicerie"></i><div></div></div></td><td><img class="storeItemImage" alt="paninis" src="/media/images/store_item/blank.jpg"></td><td>paninis</td><td class="not_printable sorting_1">boulangerie</td><td><img style="width:50%;" src="/media/images/logos/marchands/10.png" alt="Bonichoix "></td><td><span itemprop="price">2,49 $</span><span itemprop="eligibleQuantity" itemscope="" itemtype="http://schema.org/QuantitativeValue">/<span itemprop="unitText">paq. de 6</span></span></td><td>0,42 $/100g</td><td style="display: none;">2020-02-26</td><td style="display: none;"></td><td style="display: none;"></td><td style="display: none;">standard</td><td style="display: none;"></td><td style="display: none;"></td><td style="display: none;"></td><td style="display: none;">nature ou ble</td><td style="display: none;"><a class="recipeLink" href="/recipe_ingredient_search_results.php?query=(_QU5E__1__________617__[]_1_1)&amp;sos_l=fr">Recettes avec paninis</a></td></tr><tr role="row" class="even"><td tabindex="0"><i class="fa fa-thumbs-down"></i></td><td class=" not_printable"><div class="addToGL" data-soscuisine-aisle="22" data-soscuisine-sip="3940925"><i class="fa fa-cart-plus" title="Ajouter à ma liste d'épicerie"></i><div></div></div></td><td><img class="storeItemImage" alt="paninis" src="/media/images/store_item/blank.jpg"></td><td>paninis</td><td class="not_printable sorting_1">boulangerie</td><td><img style="width:50%;" src="/media/images/logos/marchands/12.png" alt="Richelieu"></td><td><span itemprop="price">2,99 $</span><span itemprop="eligibleQuantity" itemscope="" itemtype="http://schema.org/QuantitativeValue">/<span itemprop="value">6</span></span></td><td>0,50 $/100g</td><td style="display: none;">2020-02-26</td><td style="display: none;"></td><td style="display: none;"></td><td style="display: none;">standard</td><td style="display: none;"></td><td style="display: none;"></td><td style="display: none;"></td><td style="display: none;"></td><td style="display: none;"><a class="recipeLink" href="/recipe_ingredient_search_results.php?query=(_QU5E__1__________617__[]_1_1)&amp;sos_l=fr">Recettes avec paninis</a></td></tr><tr role="row" class="odd"><td tabindex="0"><i class="fas fa-hand-rock"></i></td><td class=" not_printable"><div class="addToGL" data-soscuisine-aisle="22" data-soscuisine-sip="3939417"><i class="fa fa-cart-plus" title="Ajouter à ma liste d'épicerie"></i><div></div></div></td><td><img class="storeItemImage" itemprop="image" alt="tortillas" src="/media/images/store_item/244.jpg"></td><td>tortillas</td><td class="not_printable sorting_1">boulangerie</td><td><img style="width:50%;" src="/media/images/logos/marchands/3.png" alt="IGA"></td><td><span itemprop="price">5,00 $</span><span itemprop="eligibleQuantity" itemscope="" itemtype="http://schema.org/QuantitativeValue">/<span itemprop="value">2</span>x<span itemprop="unitText">340g</span></span></td><td>0,74 $/100g</td><td style="display: none;">2020-02-26</td><td style="display: none;"></td><td style="display: none;">marque maison</td><td style="display: none;"></td><td style="display: none;"></td><td style="display: none;"></td><td style="display: none;"></td><td style="display: none;"></td><td style="display: none;"><a class="recipeLink" href="/recipe_ingredient_search_results.php?query=(_QU5E__1__________244__[]_1_1)&amp;sos_l=fr">Recettes avec tortillas</a></td></tr><tr role="row" class="even"><td tabindex="0"><i class="fa fa-thumbs-down"></i></td><td class=" not_printable"><div class="addToGL" data-soscuisine-aisle="22" data-soscuisine-sip="3939727"><i class="fa fa-cart-plus" title="Ajouter à ma liste d'épicerie"></i><div></div></div></td><td><img class="storeItemImage" itemprop="image" alt="tortillas" src="/media/images/store_item/244.jpg"></td><td>tortillas</td><td class="not_printable sorting_1">boulangerie</td><td><img style="width:50%;" src="/media/images/logos/marchands/3.png" alt="IGA"></td><td><span itemprop="price">5,00 $</span><span itemprop="eligibleQuantity" itemscope="" itemtype="http://schema.org/QuantitativeValue">/<span itemprop="value">2</span>x<span itemprop="unitText">297g</span></span></td><td>0,84 $/100g</td><td style="display: none;">2020-02-26</td><td style="display: none;"></td><td style="display: none;">Old el Paso</td><td style="display: none;"></td><td style="display: none;"></td><td style="display: none;"></td><td style="display: none;"></td><td style="display: none;"></td><td style="display: none;"><a class="recipeLink" href="/recipe_ingredient_search_results.php?query=(_QU5E__1__________244__[]_1_1)&amp;sos_l=fr">Recettes avec tortillas</a></td></tr><tr role="row" class="odd"><td tabindex="0"><i class="fas fa-hand-rock"></i></td><td class=" not_printable"><div class="addToGL" data-soscuisine-aisle="22" data-soscuisine-sip="3938683"><i class="fa fa-cart-plus" title="Ajouter à ma liste d'épicerie"></i><div></div></div></td><td><img class="storeItemImage" itemprop="image" alt="tortillas" src="/media/images/store_item/244.jpg"></td><td>tortillas</td><td class="not_printable sorting_1">boulangerie</td><td><img style="width:50%;" src="/media/images/logos/marchands/69.png" alt="Intermarché (Provincial)"></td><td><span itemprop="price">2,49 $</span><span itemprop="eligibleQuantity" itemscope="" itemtype="http://schema.org/QuantitativeValue">/<span itemprop="unitText">340g</span></span></td><td>0,73 $/100g</td><td style="display: none;">2020-02-26</td><td style="display: none;"></td><td style="display: none;">Gadoua</td><td style="display: none;"></td><td style="display: none;"></td><td style="display: none;"></td><td style="display: none;"></td><td style="display: none;"></td><td style="display: none;"><a class="recipeLink" href="/recipe_ingredient_search_results.php?query=(_QU5E__1__________244__[]_1_1)&amp;sos_l=fr">Recettes avec tortillas</a></td></tr><tr role="row" class="even"><td tabindex="0"><i class="fas fa-hand-rock"></i></td><td class=" not_printable"><div class="addToGL" data-soscuisine-aisle="22" data-soscuisine-sip="3938397"><i class="fa fa-cart-plus" title="Ajouter à ma liste d'épicerie"></i><div></div></div></td><td><img class="storeItemImage" itemprop="image" alt="tortillas" src="/media/images/store_item/244.jpg"></td><td>tortillas</td><td class="not_printable sorting_1">boulangerie</td><td><img style="width:50%;" src="/media/images/logos/marchands/7.png" alt="Intermarché (Saveurs intl.)"></td><td><span itemprop="price">2,79 $</span><span itemprop="eligibleQuantity" itemscope="" itemtype="http://schema.org/QuantitativeValue">/<span itemprop="unitText">340g</span></span></td><td>0,82 $/100g</td><td style="display: none;">2020-02-26</td><td style="display: none;"></td><td style="display: none;">Gadoua</td><td style="display: none;"></td><td style="display: none;"></td><td style="display: none;"></td><td style="display: none;"></td><td style="display: none;"></td><td style="display: none;"><a class="recipeLink" href="/recipe_ingredient_search_results.php?query=(_QU5E__1__________244__[]_1_1)&amp;sos_l=fr">Recettes avec tortillas</a></td></tr><tr role="row" class="odd"><td tabindex="0"><i class="fas fa-hand-rock"></i></td><td class=" not_printable"><div class="addToGL" data-soscuisine-aisle="22" data-soscuisine-sip="3940673"><i class="fa fa-cart-plus" title="Ajouter à ma liste d'épicerie"></i><div></div></div></td><td><img class="storeItemImage" itemprop="image" alt="tortillas" src="/media/images/store_item/244.jpg"></td><td>tortillas</td><td class="not_printable sorting_1">boulangerie</td><td><img style="width:50%;" src="/media/images/logos/marchands/5.png" alt="Super C"></td><td><span itemprop="price">2,49 $</span><span itemprop="eligibleQuantity" itemscope="" itemtype="http://schema.org/QuantitativeValue">/<span itemprop="unitText">340g</span></span></td><td>0,73 $/100g</td><td style="display: none;">2020-02-26</td><td style="display: none;"></td><td style="display: none;">marque maison</td><td style="display: none;"></td><td style="display: none;"></td><td style="display: none;"></td><td style="display: none;"></td><td style="display: none;"></td><td style="display: none;"><a class="recipeLink" href="/recipe_ingredient_search_results.php?query=(_QU5E__1__________244__[]_1_1)&amp;sos_l=fr">Recettes avec tortillas</a></td></tr><tr role="row" class="even"><td tabindex="0"><i class="fas fa-circle"></i></td><td class=" not_printable"><div class="addToGL" data-soscuisine-aisle="22" data-soscuisine-sip="3941027"><i class="fa fa-cart-plus" title="Ajouter à ma liste d'épicerie"></i><div></div></div></td><td><img class="storeItemImage" itemprop="image" alt="tortillas" src="/media/images/store_item/244.jpg"></td><td>tortillas</td><td class="not_printable sorting_1">boulangerie</td><td><img style="width:50%;" src="/media/images/logos/marchands/73.png" alt="Walmart"></td><td><span itemprop="price">3,77 $</span><span itemprop="eligibleQuantity" itemscope="" itemtype="http://schema.org/QuantitativeValue">/<span itemprop="unitText">paq. de 10</span></span></td><td>N/A</td><td style="display: none;">2020-02-26</td><td style="display: none;"></td><td style="display: none;">Pom</td><td style="display: none;">10 pouces</td><td style="display: none;"></td><td style="display: none;"></td><td style="display: none;"></td><td style="display: none;"></td><td style="display: none;"><a class="recipeLink" href="/recipe_ingredient_search_results.php?query=(_QU5E__1__________244__[]_1_1)&amp;sos_l=fr">Recettes avec tortillas</a></td></tr><tr role="row" class="odd"><td tabindex="0"><i class="fa fa-thumbs-up"></i><i class="fa fa-thumbs-up"></i></td><td class=" not_printable"><div class="addToGL" data-soscuisine-aisle="24" data-soscuisine-sip="3938453"><i class="fa fa-cart-plus" title="Ajouter à ma liste d'épicerie"></i><div></div></div></td><td><img class="storeItemImage" alt="chapelure" src="/media/images/store_item/blank.jpg"></td><td>chapelure</td><td class="not_printable sorting_1">produits pour cuisson</td><td><img style="width:50%;" src="/media/images/logos/marchands/7.png" alt="Intermarché (Saveurs intl.)"></td><td><span itemprop="price">2,50 $</span><span itemprop="eligibleQuantity" itemscope="" itemtype="http://schema.org/QuantitativeValue">/<span itemprop="unitText">680g (24oz)</span></span></td><td>0,37 $/100g</td><td style="display: none;">2020-02-26</td><td style="display: none;"></td><td style="display: none;">Aurora</td><td style="display: none;"></td><td style="display: none;"></td><td style="display: none;"></td><td style="display: none;"></td><td style="display: none;"></td><td style="display: none;"><a class="recipeLink" href="/recipe_ingredient_search_results.php?query=(_QU5E__1__________204__[]_1_1)&amp;sos_l=fr">Recettes avec chapelure</a></td></tr><tr role="row" class="even"><td tabindex="0"><i class="fas fa-hand-rock"></i></td><td class=" not_printable"><div class="addToGL" data-soscuisine-aisle="24" data-soscuisine-sip="3939457"><i class="fa fa-cart-plus" title="Ajouter à ma liste d'épicerie"></i><div></div></div></td><td><img class="storeItemImage" alt="farine blanche (tout usage)" src="/media/images/store_item/blank.jpg"></td><td>farine blanche (tout usage)</td><td class="not_printable sorting_1">produits pour cuisson</td><td><img style="width:50%;" src="/media/images/logos/marchands/3.png" alt="IGA"></td><td><span itemprop="price">4,99 $</span><span itemprop="eligibleQuantity" itemscope="" itemtype="http://schema.org/QuantitativeValue">/<span itemprop="unitText">2,5kg</span></span></td><td>2,00 $/kg</td><td style="display: none;">2020-02-26</td><td style="display: none;"></td><td style="display: none;">Five Roses, Robin Hood</td><td style="display: none;"></td><td style="display: none;"></td><td style="display: none;"></td><td style="display: none;"></td><td style="display: none;">ou Brodie</td><td style="display: none;"><a class="recipeLink" href="/recipe_ingredient_search_results.php?query=(_QU5E__1__________198__[]_1_1)&amp;sos_l=fr">Recettes avec farine blanche (tout usage)</a></td></tr><tr role="row" class="odd"><td tabindex="0"><i class="fa fa-thumbs-up"></i></td><td class=" not_printable"><div class="addToGL" data-soscuisine-aisle="24" data-soscuisine-sip="3939233"><i class="fa fa-cart-plus" title="Ajouter à ma liste d'épicerie"></i><div></div></div></td><td><img class="storeItemImage" alt="farine blanche (tout usage)" src="/media/images/store_item/blank.jpg"></td><td>farine blanche (tout usage)</td><td class="not_printable sorting_1">produits pour cuisson</td><td><img style="width:50%;" src="/media/images/logos/marchands/63.png" alt="Marché Adonis"></td><td><span itemprop="price">9,99 $</span><span itemprop="eligibleQuantity" itemscope="" itemtype="http://schema.org/QuantitativeValue">/<span itemprop="unitText">10kg</span></span></td><td>1,00 $/kg</td><td style="display: none;">2020-02-26</td><td style="display: none;"></td><td style="display: none;">Five Roses</td><td style="display: none;"></td><td style="display: none;"></td><td style="display: none;"></td><td style="display: none;"></td><td style="display: none;"></td><td style="display: none;"><a class="recipeLink" href="/recipe_ingredient_search_results.php?query=(_QU5E__1__________198__[]_1_1)&amp;sos_l=fr">Recettes avec farine blanche (tout usage)</a></td></tr><tr role="row" class="even"><td tabindex="0"><i class="fa fa-thumbs-down"></i></td><td class=" not_printable"><div class="addToGL" data-soscuisine-aisle="24" data-soscuisine-sip="3937333"><i class="fa fa-cart-plus" title="Ajouter à ma liste d'épicerie"></i><div></div></div></td><td><img class="storeItemImage" alt="farine blanche (tout usage)" src="/media/images/store_item/blank.jpg"></td><td>farine blanche (tout usage)</td><td class="not_printable sorting_1">produits pour cuisson</td><td><img style="width:50%;" src="/media/images/logos/marchands/95.png" alt="Marchés Tau"></td><td><span itemprop="price">3,29 $</span><span itemprop="eligibleQuantity" itemscope="" itemtype="http://schema.org/QuantitativeValue">/<span itemprop="unitText">1kg</span></span></td><td>3,29 $/kg</td><td style="display: none;">2020-03-29</td><td style="display: none;"></td><td style="display: none;">Milanaise</td><td style="display: none;"></td><td style="display: none;"></td><td style="display: none;">Bio</td><td style="display: none;"></td><td style="display: none;"></td><td style="display: none;"><a class="recipeLink" href="/recipe_ingredient_search_results.php?query=(_QU5E__1__________198__[]_1_1)&amp;sos_l=fr">Recettes avec farine blanche (tout usage)</a></td></tr><tr role="row" class="odd"><td tabindex="0"><i class="fas fa-exclamation"></i></td><td class=" not_printable"><div class="addToGL" data-soscuisine-aisle="24" data-soscuisine-sip="3912939"><i class="fa fa-cart-plus" title="Ajouter à ma liste d'épicerie"></i><div></div></div></td><td><img class="storeItemImage" alt="farine de noix de coco" src="/media/images/store_item/blank.jpg"></td><td>farine de noix de coco</td><td class="not_printable sorting_1">produits pour cuisson</td><td><img style="width:50%;" src="/media/images/logos/marchands/94.png" alt="Avril"></td><td><span itemprop="price">6,99 $</span><span itemprop="eligibleQuantity" itemscope="" itemtype="http://schema.org/QuantitativeValue">/<span itemprop="unitText">700g</span></span></td><td>9,99 $/kg</td><td style="display: none;">2020-03-03</td><td style="display: none;"></td><td style="display: none;">Cuisine Soleil</td><td style="display: none;"></td><td style="display: none;">sans gluten</td><td style="display: none;">Bio</td><td style="display: none;"></td><td style="display: none;"></td><td style="display: none;"><a class="recipeLink" href="/recipe_ingredient_search_results.php?query=(_QU5E__1__________1098__[]_1_1)&amp;sos_l=fr">Recettes avec farine de noix de coco</a></td></tr><tr role="row" class="even"><td tabindex="0"><i class="fas fa-hand-rock"></i></td><td class=" not_printable"><div class="addToGL" data-soscuisine-aisle="24" data-soscuisine-sip="3939663"><i class="fa fa-cart-plus" title="Ajouter à ma liste d'épicerie"></i><div></div></div></td><td><img class="storeItemImage" alt="flocons d'avoine" src="/media/images/store_item/blank.jpg"></td><td>flocons d'avoine</td><td class="not_printable sorting_1">produits pour cuisson</td><td><img style="width:50%;" src="/media/images/logos/marchands/3.png" alt="IGA"></td><td><span itemprop="price">2,79 $</span><span itemprop="eligibleQuantity" itemscope="" itemtype="http://schema.org/QuantitativeValue">/<span itemprop="unitText">1kg</span></span></td><td>0,28 $/100g</td><td style="display: none;">2020-02-26</td><td style="display: none;"></td><td style="display: none;">Robin Hood</td><td style="display: none;"></td><td style="display: none;"></td><td style="display: none;"></td><td style="display: none;"></td><td style="display: none;"></td><td style="display: none;"><a class="recipeLink" href="/recipe_ingredient_search_results.php?query=(_QU5E__1__________221__[]_1_1)&amp;sos_l=fr">Recettes avec flocons d'avoine</a></td></tr><tr role="row" class="odd"><td tabindex="0"><i class="fa fa-thumbs-down"></i></td><td class=" not_printable"><div class="addToGL" data-soscuisine-aisle="24" data-soscuisine-sip="3937337"><i class="fa fa-cart-plus" title="Ajouter à ma liste d'épicerie"></i><div></div></div></td><td><img class="storeItemImage" alt="flocons d'avoine" src="/media/images/store_item/blank.jpg"></td><td>flocons d'avoine</td><td class="not_printable sorting_1">produits pour cuisson</td><td><img style="width:50%;" src="/media/images/logos/marchands/95.png" alt="Marchés Tau"></td><td><span itemprop="price">5,99 $</span><span itemprop="eligibleQuantity" itemscope="" itemtype="http://schema.org/QuantitativeValue">/<span itemprop="unitText">2lb (907g)</span></span></td><td>0,66 $/100g</td><td style="display: none;">2020-03-29</td><td style="display: none;"></td><td style="display: none;">Bob's Red Mill</td><td style="display: none;"></td><td style="display: none;"></td><td style="display: none;">Bio</td><td style="display: none;"></td><td style="display: none;"></td><td style="display: none;"><a class="recipeLink" href="/recipe_ingredient_search_results.php?query=(_QU5E__1__________221__[]_1_1)&amp;sos_l=fr">Recettes avec flocons d'avoine</a></td></tr><tr role="row" class="even"><td tabindex="0"><i class="fas fa-hand-rock"></i></td><td class=" not_printable"><div class="addToGL" data-soscuisine-aisle="24" data-soscuisine-sip="3939027"><i class="fa fa-cart-plus" title="Ajouter à ma liste d'épicerie"></i><div></div></div></td><td><img class="storeItemImage" alt="flocons d'avoine" src="/media/images/store_item/blank.jpg"></td><td>flocons d'avoine</td><td class="not_printable sorting_1">produits pour cuisson</td><td><img style="width:50%;" src="/media/images/logos/marchands/64.png" alt="Mourelatos"></td><td><span itemprop="price">3,49 $</span><span itemprop="eligibleQuantity" itemscope="" itemtype="http://schema.org/QuantitativeValue">/<span itemprop="unitText">1kg</span></span></td><td>0,35 $/100g</td><td style="display: none;">2020-02-25</td><td style="display: none;"></td><td style="display: none;">Robin Hood</td><td style="display: none;"></td><td style="display: none;">instantané</td><td style="display: none;"></td><td style="display: none;"></td><td style="display: none;"></td><td style="display: none;"><a class="recipeLink" href="/recipe_ingredient_search_results.php?query=(_QU5E__1__________221__[]_1_1)&amp;sos_l=fr">Recettes avec flocons d'avoine</a></td></tr><tr role="row" class="odd"><td tabindex="0"><i class="fa fa-thumbs-down"></i></td><td class=" not_printable"><div class="addToGL" data-soscuisine-aisle="24" data-soscuisine-sip="3938713"><i class="fa fa-cart-plus" title="Ajouter à ma liste d'épicerie"></i><div></div></div></td><td><img class="storeItemImage" alt="lait concentré sucré" src="/media/images/store_item/blank.jpg"></td><td>lait concentré sucré</td><td class="not_printable sorting_1">produits pour cuisson</td><td><img style="width:50%;" src="/media/images/logos/marchands/69.png" alt="Intermarché (Provincial)"></td><td><span itemprop="price">3,49 $</span><span itemprop="eligibleQuantity" itemscope="" itemtype="http://schema.org/QuantitativeValue">/<span itemprop="unitText">300mL</span></span></td><td>0,90 $/100g</td><td style="display: none;">2020-02-26</td><td style="display: none;"></td><td style="display: none;">Eagle Brand</td><td style="display: none;"></td><td style="display: none;"></td><td style="display: none;"></td><td style="display: none;"></td><td style="display: none;"></td><td style="display: none;"><a class="recipeLink" href="/recipe_ingredient_search_results.php?query=(_QU5E__1__________401__[]_1_1)&amp;sos_l=fr">Recettes avec lait concentré sucré</a></td></tr><tr role="row" class="even"><td tabindex="0"><i class="fa fa-thumbs-up"></i><i class="fa fa-thumbs-up"></i></td><td class=" not_printable"><div class="addToGL" data-soscuisine-aisle="24" data-soscuisine-sip="3937427"><i class="fa fa-cart-plus" title="Ajouter à ma liste d'épicerie"></i><div></div></div></td><td><img class="storeItemImage" alt="lait évaporé" src="/media/images/store_item/blank.jpg"></td><td>lait évaporé</td><td class="not_printable sorting_1">produits pour cuisson</td><td><img style="width:50%;" src="/media/images/logos/marchands/6.png" alt="Maxi"></td><td><span itemprop="price">1,00 $</span><span itemprop="eligibleQuantity" itemscope="" itemtype="http://schema.org/QuantitativeValue">/<span itemprop="unitText">353mL</span></span></td><td>2,83 $/L</td><td style="display: none;">2020-02-26</td><td style="display: none;"></td><td style="display: none;">Carnation</td><td style="display: none;"></td><td style="display: none;"></td><td style="display: none;"></td><td style="display: none;"></td><td style="display: none;"></td><td style="display: none;"><a class="recipeLink" href="/recipe_ingredient_search_results.php?query=(_QU5E__1__________528__[]_1_1)&amp;sos_l=fr">Recettes avec lait évaporé</a></td></tr><tr role="row" class="odd"><td tabindex="0"><i class="fas fa-exclamation"></i></td><td class=" not_printable"><div class="addToGL" data-soscuisine-aisle="24" data-soscuisine-sip="3912955"><i class="fa fa-cart-plus" title="Ajouter à ma liste d'épicerie"></i><div></div></div></td><td><img class="storeItemImage" alt="levure alimentaire" src="/media/images/store_item/blank.jpg"></td><td>levure alimentaire</td><td class="not_printable sorting_1">produits pour cuisson</td><td><img style="width:50%;" src="/media/images/logos/marchands/94.png" alt="Avril"></td><td><span itemprop="price">5,99 $</span><span itemprop="eligibleQuantity" itemscope="" itemtype="http://schema.org/QuantitativeValue">/125g</span></td><td>4,79 $/100g</td><td style="display: none;">2020-03-03</td><td style="display: none;"></td><td style="display: none;"></td><td style="display: none;"></td><td style="display: none;">sans gluten</td><td style="display: none;"></td><td style="display: none;"></td><td style="display: none;">Novae Nutrition</td><td style="display: none;"><a class="recipeLink" href="/recipe_ingredient_search_results.php?query=(_QU5E__1__________1096__[]_1_1)&amp;sos_l=fr">Recettes avec levure alimentaire</a></td></tr><tr role="row" class="even"><td tabindex="0"><i class="fas fa-exclamation"></i></td><td class=" not_printable"><div class="addToGL" data-soscuisine-aisle="24" data-soscuisine-sip="3912953"><i class="fa fa-cart-plus" title="Ajouter à ma liste d'épicerie"></i><div></div></div></td><td><img class="storeItemImage" alt="levure alimentaire" src="/media/images/store_item/blank.jpg"></td><td>levure alimentaire</td><td class="not_printable sorting_1">produits pour cuisson</td><td><img style="width:50%;" src="/media/images/logos/marchands/94.png" alt="Avril"></td><td><span itemprop="price">5,49 $</span><span itemprop="eligibleQuantity" itemscope="" itemtype="http://schema.org/QuantitativeValue">/<span itemprop="unitText">100g</span></span></td><td>5,49 $/100g</td><td style="display: none;">2020-03-03</td><td style="display: none;"></td><td style="display: none;"></td><td style="display: none;"></td><td style="display: none;">sans gluten</td><td style="display: none;"></td><td style="display: none;"></td><td style="display: none;">Novae Nutrition</td><td style="display: none;"><a class="recipeLink" href="/recipe_ingredient_search_results.php?query=(_QU5E__1__________1096__[]_1_1)&amp;sos_l=fr">Recettes avec levure alimentaire</a></td></tr><tr role="row" class="odd"><td tabindex="0"><i class="fas fa-exclamation"></i></td><td class=" not_printable"><div class="addToGL" data-soscuisine-aisle="24" data-soscuisine-sip="3937299"><i class="fa fa-cart-plus" title="Ajouter à ma liste d'épicerie"></i><div></div></div></td><td><img class="storeItemImage" alt="levure alimentaire" src="/media/images/store_item/blank.jpg"></td><td>levure alimentaire</td><td class="not_printable sorting_1">produits pour cuisson</td><td><img style="width:50%;" src="/media/images/logos/marchands/95.png" alt="Marchés Tau"></td><td><span itemprop="price">11,99 $</span><span itemprop="eligibleQuantity" itemscope="" itemtype="http://schema.org/QuantitativeValue">/<span itemprop="unitText">284g</span></span></td><td>4,22 $/100g</td><td style="display: none;">2020-03-29</td><td style="display: none;"></td><td style="display: none;"></td><td style="display: none;"></td><td style="display: none;"></td><td style="display: none;"></td><td style="display: none;"></td><td style="display: none;">Now Real Food</td><td style="display: none;"><a class="recipeLink" href="/recipe_ingredient_search_results.php?query=(_QU5E__1__________1096__[]_1_1)&amp;sos_l=fr">Recettes avec levure alimentaire</a></td></tr><tr role="row" class="even"><td tabindex="0"><i class="fas fa-hand-rock"></i></td><td class=" not_printable"><div class="addToGL" data-soscuisine-aisle="24" data-soscuisine-sip="3912927"><i class="fa fa-cart-plus" title="Ajouter à ma liste d'épicerie"></i><div></div></div></td><td><img class="storeItemImage" alt="miel" src="/media/images/store_item/blank.jpg"></td><td>miel</td><td class="not_printable sorting_1">produits pour cuisson</td><td><img style="width:50%;" src="/media/images/logos/marchands/94.png" alt="Avril"></td><td><span itemprop="price">4,49 $</span><span itemprop="eligibleQuantity" itemscope="" itemtype="http://schema.org/QuantitativeValue">/<span itemprop="unitText">375g</span></span></td><td>1,20 $/100g</td><td style="display: none;">2020-03-03</td><td style="display: none;"></td><td style="display: none;">Naturoney</td><td style="display: none;"></td><td style="display: none;"></td><td style="display: none;"></td><td style="display: none;"></td><td style="display: none;"></td><td style="display: none;"><a class="recipeLink" href="/recipe_ingredient_search_results.php?query=(_QU5E__1__________273__[]_1_1)&amp;sos_l=fr">Recettes avec miel</a></td></tr><tr role="row" class="odd"><td tabindex="0"><i class="fa fa-thumbs-up"></i></td><td class=" not_printable"><div class="addToGL" data-soscuisine-aisle="24" data-soscuisine-sip="3939817"><i class="fa fa-cart-plus" title="Ajouter à ma liste d'épicerie"></i><div></div></div></td><td><img class="storeItemImage" alt="miel" src="/media/images/store_item/blank.jpg"></td><td>miel</td><td class="not_printable sorting_1">produits pour cuisson</td><td><img style="width:50%;" src="/media/images/logos/marchands/3.png" alt="IGA"></td><td><span itemprop="price">8,99 $</span><span itemprop="eligibleQuantity" itemscope="" itemtype="http://schema.org/QuantitativeValue">/<span itemprop="unitText">1kg</span></span></td><td>0,90 $/100g</td><td style="display: none;">2020-02-26</td><td style="display: none;"></td><td style="display: none;">marque maison</td><td style="display: none;"></td><td style="display: none;"></td><td style="display: none;"></td><td style="display: none;"></td><td style="display: none;"></td><td style="display: none;"><a class="recipeLink" href="/recipe_ingredient_search_results.php?query=(_QU5E__1__________273__[]_1_1)&amp;sos_l=fr">Recettes avec miel</a></td></tr><tr role="row" class="even"><td tabindex="0"><i class="fa fa-thumbs-down"></i></td><td class=" not_printable"><div class="addToGL" data-soscuisine-aisle="24" data-soscuisine-sip="3939673"><i class="fa fa-cart-plus" title="Ajouter à ma liste d'épicerie"></i><div></div></div></td><td><img class="storeItemImage" alt="miel" src="/media/images/store_item/blank.jpg"></td><td>miel</td><td class="not_printable sorting_1">produits pour cuisson</td><td><img style="width:50%;" src="/media/images/logos/marchands/3.png" alt="IGA"></td><td><span itemprop="price">4,99 $</span><span itemprop="eligibleQuantity" itemscope="" itemtype="http://schema.org/QuantitativeValue">/<span itemprop="unitText">375g</span></span></td><td>1,33 $/100g</td><td style="display: none;">2020-02-26</td><td style="display: none;"></td><td style="display: none;">Le miel d'Émilie</td><td style="display: none;"></td><td style="display: none;"></td><td style="display: none;"></td><td style="display: none;"></td><td style="display: none;"></td><td style="display: none;"><a class="recipeLink" href="/recipe_ingredient_search_results.php?query=(_QU5E__1__________273__[]_1_1)&amp;sos_l=fr">Recettes avec miel</a></td></tr><tr role="row" class="odd"><td tabindex="0"><i class="fa fa-thumbs-up"></i></td><td class=" not_printable"><div class="addToGL" data-soscuisine-aisle="24" data-soscuisine-sip="3942031"><i class="fa fa-cart-plus" title="Ajouter à ma liste d'épicerie"></i><div></div></div></td><td><img class="storeItemImage" alt="miel" src="/media/images/store_item/blank.jpg"></td><td>miel</td><td class="not_printable sorting_1">produits pour cuisson</td><td><img style="width:50%;" src="/media/images/logos/marchands/13.png" alt="Jardin Mobile"></td><td><span itemprop="price">3,99 $</span><span itemprop="eligibleQuantity" itemscope="" itemtype="http://schema.org/QuantitativeValue">/<span itemprop="unitText">500g</span></span></td><td>0,80 $/100g</td><td style="display: none;">2020-02-26</td><td style="display: none;"></td><td style="display: none;">Dubreuil</td><td style="display: none;"></td><td style="display: none;"></td><td style="display: none;"></td><td style="display: none;"></td><td style="display: none;"></td><td style="display: none;"><a class="recipeLink" href="/recipe_ingredient_search_results.php?query=(_QU5E__1__________273__[]_1_1)&amp;sos_l=fr">Recettes avec miel</a></td></tr><tr role="row" class="even"><td tabindex="0"><i class="fa fa-thumbs-down"></i></td><td class=" not_printable"><div class="addToGL" data-soscuisine-aisle="24" data-soscuisine-sip="3937793"><i class="fa fa-cart-plus" title="Ajouter à ma liste d'épicerie"></i><div></div></div></td><td><img class="storeItemImage" alt="miel" src="/media/images/store_item/blank.jpg"></td><td>miel</td><td class="not_printable sorting_1">produits pour cuisson</td><td><img style="width:50%;" src="/media/images/logos/marchands/1.png" alt="Metro"></td><td><span itemprop="price">4,99 $</span><span itemprop="eligibleQuantity" itemscope="" itemtype="http://schema.org/QuantitativeValue">/<span itemprop="unitText">375g</span></span></td><td>1,33 $/100g</td><td style="display: none;">2020-02-26</td><td style="display: none;">Québec</td><td style="display: none;">Le miel d'Émilie</td><td style="display: none;"></td><td style="display: none;"></td><td style="display: none;"></td><td style="display: none;"></td><td style="display: none;"></td><td style="display: none;"><a class="recipeLink" href="/recipe_ingredient_search_results.php?query=(_QU5E__1__________273__[]_1_1)&amp;sos_l=fr">Recettes avec miel</a></td></tr><tr role="row" class="odd"><td tabindex="0"><i class="fas fa-hand-rock"></i></td><td class=" not_printable"><div class="addToGL" data-soscuisine-aisle="24" data-soscuisine-sip="3940941"><i class="fa fa-cart-plus" title="Ajouter à ma liste d'épicerie"></i><div></div></div></td><td><img class="storeItemImage" alt="miel" src="/media/images/store_item/blank.jpg"></td><td>miel</td><td class="not_printable sorting_1">produits pour cuisson</td><td><img style="width:50%;" src="/media/images/logos/marchands/12.png" alt="Richelieu"></td><td><span itemprop="price">5,99 $</span><span itemprop="eligibleQuantity" itemscope="" itemtype="http://schema.org/QuantitativeValue">/<span itemprop="unitText">500g</span></span></td><td>1,20 $/100g</td><td style="display: none;">2020-02-26</td><td style="display: none;"></td><td style="display: none;">Le miel d'Émilie</td><td style="display: none;"></td><td style="display: none;"></td><td style="display: none;"></td><td style="display: none;"></td><td style="display: none;"></td><td style="display: none;"><a class="recipeLink" href="/recipe_ingredient_search_results.php?query=(_QU5E__1__________273__[]_1_1)&amp;sos_l=fr">Recettes avec miel</a></td></tr><tr role="row" class="even"><td tabindex="0"><i class="fas fa-exclamation"></i></td><td class=" not_printable"><div class="addToGL" data-soscuisine-aisle="24" data-soscuisine-sip="3937383"><i class="fa fa-cart-plus" title="Ajouter à ma liste d'épicerie"></i><div></div></div></td><td><img class="storeItemImage" alt="poudre d'amande" src="/media/images/store_item/blank.jpg"></td><td>poudre d'amande</td><td class="not_printable sorting_1">produits pour cuisson</td><td><img style="width:50%;" src="/media/images/logos/marchands/95.png" alt="Marchés Tau"></td><td><span itemprop="price">8,99 $</span><span itemprop="eligibleQuantity" itemscope="" itemtype="http://schema.org/QuantitativeValue">/<span itemprop="unitText">284g</span></span></td><td>3,17 $/100g</td><td style="display: none;">2020-03-29</td><td style="display: none;"></td><td style="display: none;">Now Real Food</td><td style="display: none;"></td><td style="display: none;"></td><td style="display: none;"></td><td style="display: none;"></td><td style="display: none;"></td><td style="display: none;"><a class="recipeLink" href="/recipe_ingredient_search_results.php?query=(_QU5E__1__________1092__[]_1_1)&amp;sos_l=fr">Recettes avec poudre d'amande</a></td></tr><tr role="row" class="odd"><td tabindex="0"><i class="fas fa-hand-rock"></i></td><td class=" not_printable"><div class="addToGL" data-soscuisine-aisle="24" data-soscuisine-sip="3939375"><i class="fa fa-cart-plus" title="Ajouter à ma liste d'épicerie"></i><div></div></div></td><td><img class="storeItemImage" alt="sirop d'érable" src="/media/images/store_item/blank.jpg"></td><td>sirop d'érable</td><td class="not_printable sorting_1">produits pour cuisson</td><td><img style="width:50%;" src="/media/images/logos/marchands/3.png" alt="IGA"></td><td><span itemprop="price">13,99 $</span><span itemprop="eligibleQuantity" itemscope="" itemtype="http://schema.org/QuantitativeValue">/<span itemprop="unitText">1L</span></span></td><td>1,40 $/100mL</td><td style="display: none;">2020-02-26</td><td style="display: none;"></td><td style="display: none;">marque maison</td><td style="display: none;"></td><td style="display: none;"></td><td style="display: none;"></td><td style="display: none;"></td><td style="display: none;"></td><td style="display: none;"><a class="recipeLink" href="/recipe_ingredient_search_results.php?query=(_QU5E__1__________272__[]_1_1)&amp;sos_l=fr">Recettes avec sirop d'érable</a></td></tr><tr role="row" class="even"><td tabindex="0"><i class="fa fa-thumbs-up"></i><i class="fa fa-thumbs-up"></i></td><td class=" not_printable"><div class="addToGL" data-soscuisine-aisle="24" data-soscuisine-sip="3938021"><i class="fa fa-cart-plus" title="Ajouter à ma liste d'épicerie"></i><div></div></div></td><td><img class="storeItemImage" alt="sirop d'érable" src="/media/images/store_item/blank.jpg"></td><td>sirop d'érable</td><td class="not_printable sorting_1">produits pour cuisson</td><td><img style="width:50%;" src="/media/images/logos/marchands/2.png" alt="Provigo"></td><td><span itemprop="price">4,99 $</span><span itemprop="eligibleQuantity" itemscope="" itemtype="http://schema.org/QuantitativeValue">/<span itemprop="unitText">540mL</span></span></td><td>0,92 $/100mL</td><td style="display: none;">2020-02-26</td><td style="display: none;">Québec</td><td style="display: none;">Bernard</td><td style="display: none;"></td><td style="display: none;"></td><td style="display: none;"></td><td style="display: none;"></td><td style="display: none;"></td><td style="display: none;"><a class="recipeLink" href="/recipe_ingredient_search_results.php?query=(_QU5E__1__________272__[]_1_1)&amp;sos_l=fr">Recettes avec sirop d'érable</a></td></tr><tr role="row" class="odd"><td tabindex="0"><i class="fa fa-thumbs-up"></i><i class="fa fa-thumbs-up"></i></td><td class=" not_printable"><div class="addToGL" data-soscuisine-aisle="24" data-soscuisine-sip="3940441"><i class="fa fa-cart-plus" title="Ajouter à ma liste d'épicerie"></i><div></div></div></td><td><img class="storeItemImage" alt="sirop d'érable" src="/media/images/store_item/blank.jpg"></td><td>sirop d'érable</td><td class="not_printable sorting_1">produits pour cuisson</td><td><img style="width:50%;" src="/media/images/logos/marchands/5.png" alt="Super C"></td><td><span itemprop="price">4,99 $</span><span itemprop="eligibleQuantity" itemscope="" itemtype="http://schema.org/QuantitativeValue">/<span itemprop="unitText">540mL</span></span></td><td>0,92 $/100mL</td><td style="display: none;">2020-02-26</td><td style="display: none;"></td><td style="display: none;">marque maison</td><td style="display: none;"></td><td style="display: none;"></td><td style="display: none;"></td><td style="display: none;"></td><td style="display: none;"></td><td style="display: none;"><a class="recipeLink" href="/recipe_ingredient_search_results.php?query=(_QU5E__1__________272__[]_1_1)&amp;sos_l=fr">Recettes avec sirop d'érable</a></td></tr><tr role="row" class="even"><td tabindex="0"><i class="fas fa-hand-rock"></i></td><td class=" not_printable"><div class="addToGL" data-soscuisine-aisle="24" data-soscuisine-sip="3940531"><i class="fa fa-cart-plus" title="Ajouter à ma liste d'épicerie"></i><div></div></div></td><td><img class="storeItemImage" alt="sirop d'érable" src="/media/images/store_item/blank.jpg"></td><td>sirop d'érable</td><td class="not_printable sorting_1">produits pour cuisson</td><td><img style="width:50%;" src="/media/images/logos/marchands/11.png" alt="Tradition"></td><td><span itemprop="price">5,99 $</span><span itemprop="eligibleQuantity" itemscope="" itemtype="http://schema.org/QuantitativeValue">/<span itemprop="unitText">540mL</span></span></td><td>1,11 $/100mL</td><td style="display: none;">2020-02-26</td><td style="display: none;"></td><td style="display: none;">Beaurivage</td><td style="display: none;"></td><td style="display: none;"></td><td style="display: none;"></td><td style="display: none;"></td><td style="display: none;"></td><td style="display: none;"><a class="recipeLink" href="/recipe_ingredient_search_results.php?query=(_QU5E__1__________272__[]_1_1)&amp;sos_l=fr">Recettes avec sirop d'érable</a></td></tr><tr role="row" class="odd"><td tabindex="0"><i class="fas fa-hand-rock"></i></td><td class=" not_printable"><div class="addToGL" data-soscuisine-aisle="24" data-soscuisine-sip="3939775"><i class="fa fa-cart-plus" title="Ajouter à ma liste d'épicerie"></i><div></div></div></td><td><img class="storeItemImage" alt="sucre" src="/media/images/store_item/blank.jpg"></td><td>sucre</td><td class="not_printable sorting_1">produits pour cuisson</td><td><img style="width:50%;" src="/media/images/logos/marchands/10.png" alt="Bonichoix "></td><td><span itemprop="price">2,49 $</span><span itemprop="eligibleQuantity" itemscope="" itemtype="http://schema.org/QuantitativeValue">/2kg</span></td><td>1,25 $/kg</td><td style="display: none;">2020-02-26</td><td style="display: none;"></td><td style="display: none;">Lantic</td><td style="display: none;"></td><td style="display: none;"></td><td style="display: none;"></td><td style="display: none;"></td><td style="display: none;"></td><td style="display: none;"><a class="recipeLink" href="/recipe_ingredient_search_results.php?query=(_QU5E__1__________271__[]_1_1)&amp;sos_l=fr">Recettes avec sucre</a></td></tr><tr role="row" class="even"><td tabindex="0"><i class="fas fa-hand-rock"></i></td><td class=" not_printable"><div class="addToGL" data-soscuisine-aisle="24" data-soscuisine-sip="3938961"><i class="fa fa-cart-plus" title="Ajouter à ma liste d'épicerie"></i><div></div></div></td><td><img class="storeItemImage" alt="sucre" src="/media/images/store_item/blank.jpg"></td><td>sucre</td><td class="not_printable sorting_1">produits pour cuisson</td><td><img style="width:50%;" src="/media/images/logos/marchands/3.png" alt="IGA"></td><td><span itemprop="price">1,99 $</span><span itemprop="eligibleQuantity" itemscope="" itemtype="http://schema.org/QuantitativeValue">/2kg</span></td><td>1,00 $/kg</td><td style="display: none;">2020-02-26</td><td style="display: none;"></td><td style="display: none;">Lantic</td><td style="display: none;"></td><td style="display: none;"></td><td style="display: none;"></td><td style="display: none;"></td><td style="display: none;"></td><td style="display: none;"><a class="recipeLink" href="/recipe_ingredient_search_results.php?query=(_QU5E__1__________271__[]_1_1)&amp;sos_l=fr">Recettes avec sucre</a></td></tr><tr role="row" class="odd"><td tabindex="0"><i class="fas fa-exclamation"></i></td><td class=" not_printable"><div class="addToGL" data-soscuisine-aisle="18" data-soscuisine-sip="3937329"><i class="fa fa-cart-plus" title="Ajouter à ma liste d'épicerie"></i><div></div></div></td><td><img class="storeItemImage" alt="curcuma" src="/media/images/store_item/blank.jpg"></td><td>curcuma</td><td class="not_printable sorting_1">épices &amp; herbes séchées</td><td><img style="width:50%;" src="/media/images/logos/marchands/95.png" alt="Marchés Tau"></td><td><span itemprop="price">6,99 $</span><span itemprop="eligibleQuantity" itemscope="" itemtype="http://schema.org/QuantitativeValue">/<span itemprop="unitText">200g</span></span></td><td>3,49 $/100g</td><td style="display: none;">2020-03-29</td><td style="display: none;"></td><td style="display: none;"></td><td style="display: none;"></td><td style="display: none;"></td><td style="display: none;"></td><td style="display: none;"></td><td style="display: none;">Organic Traditions</td><td style="display: none;"><a class="recipeLink" href="/recipe_ingredient_search_results.php?query=(_QU5E__1__________367__[]_1_1)&amp;sos_l=fr">Recettes avec curcuma</a></td></tr><tr role="row" class="even"><td tabindex="0"><i class="fas fa-exclamation"></i></td><td class=" not_printable"><div class="addToGL" data-soscuisine-aisle="19" data-soscuisine-sip="3938367"><i class="fa fa-cart-plus" title="Ajouter à ma liste d'épicerie"></i><div></div></div></td><td><img class="storeItemImage" alt="huile d'avocat" src="/media/images/store_item/blank.jpg"></td><td>huile d'avocat</td><td class="not_printable sorting_1">huiles &amp; vinaigres</td><td><img style="width:50%;" src="/media/images/logos/marchands/7.png" alt="Intermarché (Saveurs intl.)"></td><td><span itemprop="price">14,49 $</span><span itemprop="eligibleQuantity" itemscope="" itemtype="http://schema.org/QuantitativeValue">/<span itemprop="unitText">750mL</span></span></td><td>19,32 $/L</td><td style="display: none;">2020-02-26</td><td style="display: none;"></td><td style="display: none;">Chosen Foods</td><td style="display: none;"></td><td style="display: none;"></td><td style="display: none;"></td><td style="display: none;"></td><td style="display: none;"></td><td style="display: none;"><a class="recipeLink" href="/recipe_ingredient_search_results.php?query=(_QU5E__1__________1275__[]_1_1)&amp;sos_l=fr">Recettes avec huile d'avocat</a></td></tr><tr role="row" class="odd"><td tabindex="0"><i class="fa fa-thumbs-down"></i></td><td class=" not_printable"><div class="addToGL" data-soscuisine-aisle="19" data-soscuisine-sip="3937363"><i class="fa fa-cart-plus" title="Ajouter à ma liste d'épicerie"></i><div></div></div></td><td><img class="storeItemImage" alt="huile d'olive" src="/media/images/store_item/blank.jpg"></td><td>huile d'olive</td><td class="not_printable sorting_1">huiles &amp; vinaigres</td><td><img style="width:50%;" src="/media/images/logos/marchands/95.png" alt="Marchés Tau"></td><td><span itemprop="price">9,99 $</span><span itemprop="eligibleQuantity" itemscope="" itemtype="http://schema.org/QuantitativeValue">/<span itemprop="unitText">500mL</span></span></td><td>19,98 $/L</td><td style="display: none;">2020-03-29</td><td style="display: none;"></td><td style="display: none;">Maison d'Orphée</td><td style="display: none;"></td><td style="display: none;"></td><td style="display: none;">Bio</td><td style="display: none;"></td><td style="display: none;"></td><td style="display: none;"><a class="recipeLink" href="/recipe_ingredient_search_results.php?query=(_QU5E__1__________14__[]_1_1)&amp;sos_l=fr">Recettes avec huile d'olive</a></td></tr><tr role="row" class="even"><td tabindex="0"><i class="fas fa-hand-rock"></i></td><td class=" not_printable"><div class="addToGL" data-soscuisine-aisle="19" data-soscuisine-sip="3937823"><i class="fa fa-cart-plus" title="Ajouter à ma liste d'épicerie"></i><div></div></div></td><td><img class="storeItemImage" alt="huile d'olive" src="/media/images/store_item/blank.jpg"></td><td>huile d'olive</td><td class="not_printable sorting_1">huiles &amp; vinaigres</td><td><img style="width:50%;" src="/media/images/logos/marchands/1.png" alt="Metro"></td><td><span itemprop="price">9,99 $</span><span itemprop="eligibleQuantity" itemscope="" itemtype="http://schema.org/QuantitativeValue">/<span itemprop="unitText">1L</span></span></td><td>9,99 $/L</td><td style="display: none;">2020-02-26</td><td style="display: none;"></td><td style="display: none;">Bertolli</td><td style="display: none;"></td><td style="display: none;"></td><td style="display: none;"></td><td style="display: none;"></td><td style="display: none;"></td><td style="display: none;"><a class="recipeLink" href="/recipe_ingredient_search_results.php?query=(_QU5E__1__________14__[]_1_1)&amp;sos_l=fr">Recettes avec huile d'olive</a></td></tr><tr role="row" class="odd"><td tabindex="0"><i class="fa fa-thumbs-down"></i></td><td class=" not_printable"><div class="addToGL" data-soscuisine-aisle="19" data-soscuisine-sip="3937821"><i class="fa fa-cart-plus" title="Ajouter à ma liste d'épicerie"></i><div></div></div></td><td><img class="storeItemImage" alt="huile d'olive" src="/media/images/store_item/blank.jpg"></td><td>huile d'olive</td><td class="not_printable sorting_1">huiles &amp; vinaigres</td><td><img style="width:50%;" src="/media/images/logos/marchands/1.png" alt="Metro"></td><td><span itemprop="price">9,99 $</span><span itemprop="eligibleQuantity" itemscope="" itemtype="http://schema.org/QuantitativeValue">/<span itemprop="unitText">500mL</span></span></td><td>19,98 $/L</td><td style="display: none;">2020-02-26</td><td style="display: none;"></td><td style="display: none;">Carapelli</td><td style="display: none;"></td><td style="display: none;"></td><td style="display: none;"></td><td style="display: none;"></td><td style="display: none;"></td><td style="display: none;"><a class="recipeLink" href="/recipe_ingredient_search_results.php?query=(_QU5E__1__________14__[]_1_1)&amp;sos_l=fr">Recettes avec huile d'olive</a></td></tr><tr role="row" class="even"><td tabindex="0"><i class="fa fa-thumbs-up"></i></td><td class=" not_printable"><div class="addToGL" data-soscuisine-aisle="19" data-soscuisine-sip="3938327"><i class="fa fa-cart-plus" title="Ajouter à ma liste d'épicerie"></i><div></div></div></td><td><img class="storeItemImage" alt="huile d'olive" src="/media/images/store_item/blank.jpg"></td><td>huile d'olive</td><td class="not_printable sorting_1">huiles &amp; vinaigres</td><td><img style="width:50%;" src="/media/images/logos/marchands/2.png" alt="Provigo"></td><td><span itemprop="price">7,99 $</span><span itemprop="eligibleQuantity" itemscope="" itemtype="http://schema.org/QuantitativeValue">/<span itemprop="unitText">1L</span></span></td><td>7,99 $/L</td><td style="display: none;">2020-02-26</td><td style="display: none;"></td><td style="display: none;">Bertolli</td><td style="display: none;"></td><td style="display: none;"></td><td style="display: none;"></td><td style="display: none;"></td><td style="display: none;"></td><td style="display: none;"><a class="recipeLink" href="/recipe_ingredient_search_results.php?query=(_QU5E__1__________14__[]_1_1)&amp;sos_l=fr">Recettes avec huile d'olive</a></td></tr><tr role="row" class="odd"><td tabindex="0"><i class="fas fa-hand-rock"></i></td><td class=" not_printable"><div class="addToGL" data-soscuisine-aisle="19" data-soscuisine-sip="3938331"><i class="fa fa-cart-plus" title="Ajouter à ma liste d'épicerie"></i><div></div></div></td><td><img class="storeItemImage" alt="huile d'olive" src="/media/images/store_item/blank.jpg"></td><td>huile d'olive</td><td class="not_printable sorting_1">huiles &amp; vinaigres</td><td><img style="width:50%;" src="/media/images/logos/marchands/2.png" alt="Provigo"></td><td><span itemprop="price">7,99 $</span><span itemprop="eligibleQuantity" itemscope="" itemtype="http://schema.org/QuantitativeValue">/<span itemprop="unitText">750mL</span></span></td><td>10,65 $/L</td><td style="display: none;">2020-02-26</td><td style="display: none;"></td><td style="display: none;">Bertolli</td><td style="display: none;"></td><td style="display: none;"></td><td style="display: none;">Bio</td><td style="display: none;"></td><td style="display: none;"></td><td style="display: none;"><a class="recipeLink" href="/recipe_ingredient_search_results.php?query=(_QU5E__1__________14__[]_1_1)&amp;sos_l=fr">Recettes avec huile d'olive</a></td></tr><tr role="row" class="even"><td tabindex="0"><i class="fa fa-thumbs-down"></i></td><td class=" not_printable"><div class="addToGL" data-soscuisine-aisle="19" data-soscuisine-sip="3938333"><i class="fa fa-cart-plus" title="Ajouter à ma liste d'épicerie"></i><div></div></div></td><td><img class="storeItemImage" alt="huile d'olive" src="/media/images/store_item/blank.jpg"></td><td>huile d'olive</td><td class="not_printable sorting_1">huiles &amp; vinaigres</td><td><img style="width:50%;" src="/media/images/logos/marchands/2.png" alt="Provigo"></td><td><span itemprop="price">7,99 $</span><span itemprop="eligibleQuantity" itemscope="" itemtype="http://schema.org/QuantitativeValue">/<span itemprop="unitText">500mL</span></span></td><td>15,98 $/L</td><td style="display: none;">2020-02-26</td><td style="display: none;"></td><td style="display: none;">Carapelli</td><td style="display: none;"></td><td style="display: none;"></td><td style="display: none;"></td><td style="display: none;"></td><td style="display: none;"></td><td style="display: none;"><a class="recipeLink" href="/recipe_ingredient_search_results.php?query=(_QU5E__1__________14__[]_1_1)&amp;sos_l=fr">Recettes avec huile d'olive</a></td></tr><tr role="row" class="odd"><td tabindex="0"><i class="fa fa-thumbs-up"></i><i class="fa fa-thumbs-up"></i></td><td class=" not_printable"><div class="addToGL" data-soscuisine-aisle="19" data-soscuisine-sip="3940723"><i class="fa fa-cart-plus" title="Ajouter à ma liste d'épicerie"></i><div></div></div></td><td><img class="storeItemImage" alt="huile d'olive" src="/media/images/store_item/blank.jpg"></td><td>huile d'olive</td><td class="not_printable sorting_1">huiles &amp; vinaigres</td><td><img style="width:50%;" src="/media/images/logos/marchands/5.png" alt="Super C"></td><td><span itemprop="price">6,99 $</span><span itemprop="eligibleQuantity" itemscope="" itemtype="http://schema.org/QuantitativeValue">/<span itemprop="unitText">1L</span></span></td><td>6,99 $/L</td><td style="display: none;">2020-02-26</td><td style="display: none;"></td><td style="display: none;">marque maison</td><td style="display: none;"></td><td style="display: none;"></td><td style="display: none;"></td><td style="display: none;"></td><td style="display: none;"></td><td style="display: none;"><a class="recipeLink" href="/recipe_ingredient_search_results.php?query=(_QU5E__1__________14__[]_1_1)&amp;sos_l=fr">Recettes avec huile d'olive</a></td></tr><tr role="row" class="even"><td tabindex="0"><i class="fas fa-hand-rock"></i></td><td class=" not_printable"><div class="addToGL" data-soscuisine-aisle="19" data-soscuisine-sip="3938455"><i class="fa fa-cart-plus" title="Ajouter à ma liste d'épicerie"></i><div></div></div></td><td><img class="storeItemImage" alt="huile d'olive extra vierge" src="/media/images/store_item/blank.jpg"></td><td>huile d'olive extra vierge</td><td class="not_printable sorting_1">huiles &amp; vinaigres</td><td><img style="width:50%;" src="/media/images/logos/marchands/7.png" alt="Intermarché (Saveurs intl.)"></td><td><span itemprop="price">6,00 $</span><span itemprop="eligibleQuantity" itemscope="" itemtype="http://schema.org/QuantitativeValue">/<span itemprop="unitText">750mL</span></span></td><td>8,00 $/L</td><td style="display: none;">2020-02-26</td><td style="display: none;"></td><td style="display: none;">Aurora</td><td style="display: none;"></td><td style="display: none;"></td><td style="display: none;"></td><td style="display: none;"></td><td style="display: none;"></td><td style="display: none;"><a class="recipeLink" href="/recipe_ingredient_search_results.php?query=(_QU5E__1__________344__[]_1_1)&amp;sos_l=fr">Recettes avec huile d'olive extra vierge</a></td></tr><tr role="row" class="odd"><td tabindex="0"><i class="fa fa-thumbs-up"></i></td><td class=" not_printable"><div class="addToGL" data-soscuisine-aisle="19" data-soscuisine-sip="3939077"><i class="fa fa-cart-plus" title="Ajouter à ma liste d'épicerie"></i><div></div></div></td><td><img class="storeItemImage" alt="huile d'olive extra vierge" src="/media/images/store_item/blank.jpg"></td><td>huile d'olive extra vierge</td><td class="not_printable sorting_1">huiles &amp; vinaigres</td><td><img style="width:50%;" src="/media/images/logos/marchands/63.png" alt="Marché Adonis"></td><td><span itemprop="price">18,95 $</span><span itemprop="eligibleQuantity" itemscope="" itemtype="http://schema.org/QuantitativeValue">/<span itemprop="unitText">3L</span></span></td><td>6,32 $/L</td><td style="display: none;">2020-02-26</td><td style="display: none;"></td><td style="display: none;">Solon</td><td style="display: none;"></td><td style="display: none;"></td><td style="display: none;"></td><td style="display: none;"></td><td style="display: none;"></td><td style="display: none;"><a class="recipeLink" href="/recipe_ingredient_search_results.php?query=(_QU5E__1__________344__[]_1_1)&amp;sos_l=fr">Recettes avec huile d'olive extra vierge</a></td></tr><tr role="row" class="even"><td tabindex="0"><i class="fa fa-thumbs-down"></i></td><td class=" not_printable"><div class="addToGL" data-soscuisine-aisle="19" data-soscuisine-sip="3937359"><i class="fa fa-cart-plus" title="Ajouter à ma liste d'épicerie"></i><div></div></div></td><td><img class="storeItemImage" alt="huile d'olive extra vierge" src="/media/images/store_item/blank.jpg"></td><td>huile d'olive extra vierge</td><td class="not_printable sorting_1">huiles &amp; vinaigres</td><td><img style="width:50%;" src="/media/images/logos/marchands/95.png" alt="Marchés Tau"></td><td><span itemprop="price">9,99 $</span><span itemprop="eligibleQuantity" itemscope="" itemtype="http://schema.org/QuantitativeValue">/<span itemprop="unitText">500mL</span></span></td><td>19,98 $/L</td><td style="display: none;">2020-03-29</td><td style="display: none;"></td><td style="display: none;">Maison d'Orphée</td><td style="display: none;"></td><td style="display: none;"></td><td style="display: none;">Bio</td><td style="display: none;"></td><td style="display: none;"></td><td style="display: none;"><a class="recipeLink" href="/recipe_ingredient_search_results.php?query=(_QU5E__1__________344__[]_1_1)&amp;sos_l=fr">Recettes avec huile d'olive extra vierge</a></td></tr><tr role="row" class="odd"><td tabindex="0"><i class="fa fa-thumbs-up"></i><i class="fa fa-thumbs-up"></i></td><td class=" not_printable"><div class="addToGL" data-soscuisine-aisle="19" data-soscuisine-sip="3939033"><i class="fa fa-cart-plus" title="Ajouter à ma liste d'épicerie"></i><div></div></div></td><td><img class="storeItemImage" alt="huile d'olive extra vierge" src="/media/images/store_item/blank.jpg"></td><td>huile d'olive extra vierge</td><td class="not_printable sorting_1">huiles &amp; vinaigres</td><td><img style="width:50%;" src="/media/images/logos/marchands/64.png" alt="Mourelatos"></td><td><span itemprop="price">15,99 $</span><span itemprop="eligibleQuantity" itemscope="" itemtype="http://schema.org/QuantitativeValue">/<span itemprop="unitText">3L</span></span></td><td>5,33 $/L</td><td style="display: none;">2020-02-26</td><td style="display: none;">Grèce</td><td style="display: none;"></td><td style="display: none;"></td><td style="display: none;"></td><td style="display: none;"></td><td style="display: none;"></td><td style="display: none;">Ariston, valable du 24 au 26 seulement</td><td style="display: none;"><a class="recipeLink" href="/recipe_ingredient_search_results.php?query=(_QU5E__1__________344__[]_1_1)&amp;sos_l=fr">Recettes avec huile d'olive extra vierge</a></td></tr><tr role="row" class="even"><td tabindex="0"><i class="fa fa-thumbs-up"></i><i class="fa fa-thumbs-up"></i></td><td class=" not_printable"><div class="addToGL" data-soscuisine-aisle="19" data-soscuisine-sip="3939025"><i class="fa fa-cart-plus" title="Ajouter à ma liste d'épicerie"></i><div></div></div></td><td><img class="storeItemImage" alt="huile d'olive extra vierge" src="/media/images/store_item/blank.jpg"></td><td>huile d'olive extra vierge</td><td class="not_printable sorting_1">huiles &amp; vinaigres</td><td><img style="width:50%;" src="/media/images/logos/marchands/64.png" alt="Mourelatos"></td><td><span itemprop="price">5,49 $</span><span itemprop="eligibleQuantity" itemscope="" itemtype="http://schema.org/QuantitativeValue">/<span itemprop="unitText">1L</span></span></td><td>5,49 $/L</td><td style="display: none;">2020-02-25</td><td style="display: none;"></td><td style="display: none;">Mastro</td><td style="display: none;"></td><td style="display: none;"></td><td style="display: none;"></td><td style="display: none;"></td><td style="display: none;"></td><td style="display: none;"><a class="recipeLink" href="/recipe_ingredient_search_results.php?query=(_QU5E__1__________344__[]_1_1)&amp;sos_l=fr">Recettes avec huile d'olive extra vierge</a></td></tr><tr role="row" class="odd"><td tabindex="0"><i class="fas fa-hand-rock"></i></td><td class=" not_printable"><div class="addToGL" data-soscuisine-aisle="19" data-soscuisine-sip="3938329"><i class="fa fa-cart-plus" title="Ajouter à ma liste d'épicerie"></i><div></div></div></td><td><img class="storeItemImage" alt="huile d'olive extra vierge" src="/media/images/store_item/blank.jpg"></td><td>huile d'olive extra vierge</td><td class="not_printable sorting_1">huiles &amp; vinaigres</td><td><img style="width:50%;" src="/media/images/logos/marchands/2.png" alt="Provigo"></td><td><span itemprop="price">7,99 $</span><span itemprop="eligibleQuantity" itemscope="" itemtype="http://schema.org/QuantitativeValue">/<span itemprop="unitText">1L</span></span></td><td>7,99 $/L</td><td style="display: none;">2020-02-26</td><td style="display: none;"></td><td style="display: none;">Bertolli</td><td style="display: none;"></td><td style="display: none;"></td><td style="display: none;"></td><td style="display: none;"></td><td style="display: none;"></td><td style="display: none;"><a class="recipeLink" href="/recipe_ingredient_search_results.php?query=(_QU5E__1__________344__[]_1_1)&amp;sos_l=fr">Recettes avec huile d'olive extra vierge</a></td></tr><tr role="row" class="even"><td tabindex="0"><i class="fa fa-thumbs-up"></i><i class="fa fa-thumbs-up"></i></td><td class=" not_printable"><div class="addToGL" data-soscuisine-aisle="19" data-soscuisine-sip="3935919"><i class="fa fa-cart-plus" title="Ajouter à ma liste d'épicerie"></i><div></div></div></td><td><img class="storeItemImage" alt="huile d'olive extra vierge" src="/media/images/store_item/blank.jpg"></td><td>huile d'olive extra vierge</td><td class="not_printable sorting_1">huiles &amp; vinaigres</td><td><img style="width:50%;" src="/media/images/logos/marchands/62.png" alt="Supermarché PA"></td><td><span itemprop="price">3,99 $</span><span itemprop="eligibleQuantity" itemscope="" itemtype="http://schema.org/QuantitativeValue">/<span itemprop="unitText">750mL</span></span></td><td>5,32 $/L</td><td style="display: none;">2020-02-23</td><td style="display: none;"></td><td style="display: none;"></td><td style="display: none;"></td><td style="display: none;"></td><td style="display: none;"></td><td style="display: none;"></td><td style="display: none;">Don Camillo</td><td style="display: none;"><a class="recipeLink" href="/recipe_ingredient_search_results.php?query=(_QU5E__1__________344__[]_1_1)&amp;sos_l=fr">Recettes avec huile d'olive extra vierge</a></td></tr><tr role="row" class="odd"><td tabindex="0"><i class="fas fa-hand-rock"></i></td><td class=" not_printable"><div class="addToGL" data-soscuisine-aisle="19" data-soscuisine-sip="3940779"><i class="fa fa-cart-plus" title="Ajouter à ma liste d'épicerie"></i><div></div></div></td><td><img class="storeItemImage" alt="huile d'olive extra vierge" src="/media/images/store_item/blank.jpg"></td><td>huile d'olive extra vierge</td><td class="not_printable sorting_1">huiles &amp; vinaigres</td><td><img style="width:50%;" src="/media/images/logos/marchands/11.png" alt="Tradition"></td><td><span itemprop="price">8,49 $</span><span itemprop="eligibleQuantity" itemscope="" itemtype="http://schema.org/QuantitativeValue">/<span itemprop="unitText">1L</span></span></td><td>8,49 $/L</td><td style="display: none;">2020-02-26</td><td style="display: none;"></td><td style="display: none;">Emma</td><td style="display: none;"></td><td style="display: none;"></td><td style="display: none;"></td><td style="display: none;"></td><td style="display: none;"></td><td style="display: none;"><a class="recipeLink" href="/recipe_ingredient_search_results.php?query=(_QU5E__1__________344__[]_1_1)&amp;sos_l=fr">Recettes avec huile d'olive extra vierge</a></td></tr><tr role="row" class="even"><td tabindex="0"><i class="fa fa-thumbs-down"></i></td><td class=" not_printable"><div class="addToGL" data-soscuisine-aisle="19" data-soscuisine-sip="3940777"><i class="fa fa-cart-plus" title="Ajouter à ma liste d'épicerie"></i><div></div></div></td><td><img class="storeItemImage" alt="huile d'olive extra vierge" src="/media/images/store_item/blank.jpg"></td><td>huile d'olive extra vierge</td><td class="not_printable sorting_1">huiles &amp; vinaigres</td><td><img style="width:50%;" src="/media/images/logos/marchands/11.png" alt="Tradition"></td><td><span itemprop="price">8,49 $</span><span itemprop="eligibleQuantity" itemscope="" itemtype="http://schema.org/QuantitativeValue">/<span itemprop="unitText">500mL</span></span></td><td>16,98 $/L</td><td style="display: none;">2020-02-26</td><td style="display: none;"></td><td style="display: none;">Maison d'Orphée</td><td style="display: none;"></td><td style="display: none;"></td><td style="display: none;"></td><td style="display: none;"></td><td style="display: none;"></td><td style="display: none;"><a class="recipeLink" href="/recipe_ingredient_search_results.php?query=(_QU5E__1__________344__[]_1_1)&amp;sos_l=fr">Recettes avec huile d'olive extra vierge</a></td></tr><tr role="row" class="odd"><td tabindex="0"><i class="fa fa-thumbs-down"></i></td><td class=" not_printable"><div class="addToGL" data-soscuisine-aisle="19" data-soscuisine-sip="3939691"><i class="fa fa-cart-plus" title="Ajouter à ma liste d'épicerie"></i><div></div></div></td><td><img class="storeItemImage" alt="huile de canola" src="/media/images/store_item/blank.jpg"></td><td>huile de canola</td><td class="not_printable sorting_1">huiles &amp; vinaigres</td><td><img style="width:50%;" src="/media/images/logos/marchands/10.png" alt="Bonichoix "></td><td><span itemprop="price">5,49 $</span><span itemprop="eligibleQuantity" itemscope="" itemtype="http://schema.org/QuantitativeValue">/<span itemprop="unitText">1,18L</span></span></td><td>4,65 $/L</td><td style="display: none;">2020-02-26</td><td style="display: none;"></td><td style="display: none;">Mazola</td><td style="display: none;"></td><td style="display: none;"></td><td style="display: none;"></td><td style="display: none;"></td><td style="display: none;"></td><td style="display: none;"><a class="recipeLink" href="/recipe_ingredient_search_results.php?query=(_QU5E__1__________225__[]_1_1)&amp;sos_l=fr">Recettes avec huile de canola</a></td></tr><tr role="row" class="even"><td tabindex="0"><i class="fas fa-hand-rock"></i></td><td class=" not_printable"><div class="addToGL" data-soscuisine-aisle="19" data-soscuisine-sip="3938459"><i class="fa fa-cart-plus" title="Ajouter à ma liste d'épicerie"></i><div></div></div></td><td><img class="storeItemImage" alt="huile de canola" src="/media/images/store_item/blank.jpg"></td><td>huile de canola</td><td class="not_printable sorting_1">huiles &amp; vinaigres</td><td><img style="width:50%;" src="/media/images/logos/marchands/7.png" alt="Intermarché (Saveurs intl.)"></td><td><span itemprop="price">6,00 $</span><span itemprop="eligibleQuantity" itemscope="" itemtype="http://schema.org/QuantitativeValue">/<span itemprop="unitText">2,84L</span></span></td><td>2,11 $/L</td><td style="display: none;">2020-02-26</td><td style="display: none;"></td><td style="display: none;">Aurora</td><td style="display: none;"></td><td style="display: none;"></td><td style="display: none;"></td><td style="display: none;"></td><td style="display: none;"></td><td style="display: none;"><a class="recipeLink" href="/recipe_ingredient_search_results.php?query=(_QU5E__1__________225__[]_1_1)&amp;sos_l=fr">Recettes avec huile de canola</a></td></tr><tr role="row" class="odd"><td tabindex="0"><i class="fas fa-hand-rock"></i></td><td class=" not_printable"><div class="addToGL" data-soscuisine-aisle="19" data-soscuisine-sip="3912993"><i class="fa fa-cart-plus" title="Ajouter à ma liste d'épicerie"></i><div></div></div></td><td><img class="storeItemImage" alt="huile de coco BIO" src="/media/images/store_item/blank.jpg"></td><td>huile de coco BIO</td><td class="not_printable sorting_1">huiles &amp; vinaigres</td><td><img style="width:50%;" src="/media/images/logos/marchands/94.png" alt="Avril"></td><td><span itemprop="price">13,99 $</span><span itemprop="eligibleQuantity" itemscope="" itemtype="http://schema.org/QuantitativeValue">/<span itemprop="unitText">857mL</span></span></td><td>16,32 $/L</td><td style="display: none;">2020-03-03</td><td style="display: none;"></td><td style="display: none;">Naked Coconuts</td><td style="display: none;"></td><td style="display: none;"></td><td style="display: none;"></td><td style="display: none;"></td><td style="display: none;"></td><td style="display: none;"><a class="recipeLink" href="/recipe_ingredient_search_results.php?query=(_QU5E__1__________1231__[]_1_1)&amp;sos_l=fr">Recettes avec huile de coco BIO</a></td></tr><tr role="row" class="even"><td tabindex="0"><i class="fas fa-hand-rock"></i></td><td class=" not_printable"><div class="addToGL" data-soscuisine-aisle="19" data-soscuisine-sip="3937335"><i class="fa fa-cart-plus" title="Ajouter à ma liste d'épicerie"></i><div></div></div></td><td><img class="storeItemImage" alt="huile de coco BIO" src="/media/images/store_item/blank.jpg"></td><td>huile de coco BIO</td><td class="not_printable sorting_1">huiles &amp; vinaigres</td><td><img style="width:50%;" src="/media/images/logos/marchands/95.png" alt="Marchés Tau"></td><td><span itemprop="price">16,99 $</span><span itemprop="eligibleQuantity" itemscope="" itemtype="http://schema.org/QuantitativeValue">/<span itemprop="unitText">860mL</span></span></td><td>19,76 $/L</td><td style="display: none;">2020-03-29</td><td style="display: none;"></td><td style="display: none;">Nutiva</td><td style="display: none;"></td><td style="display: none;"></td><td style="display: none;"></td><td style="display: none;"></td><td style="display: none;"></td><td style="display: none;"><a class="recipeLink" href="/recipe_ingredient_search_results.php?query=(_QU5E__1__________1231__[]_1_1)&amp;sos_l=fr">Recettes avec huile de coco BIO</a></td></tr><tr role="row" class="odd"><td tabindex="0"><i class="fas fa-hand-rock"></i></td><td class=" not_printable"><div class="addToGL" data-soscuisine-aisle="19" data-soscuisine-sip="3938345"><i class="fa fa-cart-plus" title="Ajouter à ma liste d'épicerie"></i><div></div></div></td><td><img class="storeItemImage" alt="huile de coco BIO" src="/media/images/store_item/blank.jpg"></td><td>huile de coco BIO</td><td class="not_printable sorting_1">huiles &amp; vinaigres</td><td><img style="width:50%;" src="/media/images/logos/marchands/2.png" alt="Provigo"></td><td><span itemprop="price">13,99 $</span><span itemprop="eligibleQuantity" itemscope="" itemtype="http://schema.org/QuantitativeValue">/<span itemprop="unitText">860mL</span></span></td><td>16,27 $/L</td><td style="display: none;">2020-02-26</td><td style="display: none;"></td><td style="display: none;">marque maison</td><td style="display: none;"></td><td style="display: none;"></td><td style="display: none;"></td><td style="display: none;"></td><td style="display: none;"></td><td style="display: none;"><a class="recipeLink" href="/recipe_ingredient_search_results.php?query=(_QU5E__1__________1231__[]_1_1)&amp;sos_l=fr">Recettes avec huile de coco BIO</a></td></tr><tr role="row" class="even"><td tabindex="0"><i class="fa fa-thumbs-down"></i></td><td class=" not_printable"><div class="addToGL" data-soscuisine-aisle="19" data-soscuisine-sip="3939693"><i class="fa fa-cart-plus" title="Ajouter à ma liste d'épicerie"></i><div></div></div></td><td><img class="storeItemImage" alt="huile de maïs" src="/media/images/store_item/blank.jpg"></td><td>huile de maïs</td><td class="not_printable sorting_1">huiles &amp; vinaigres</td><td><img style="width:50%;" src="/media/images/logos/marchands/10.png" alt="Bonichoix "></td><td><span itemprop="price">5,49 $</span><span itemprop="eligibleQuantity" itemscope="" itemtype="http://schema.org/QuantitativeValue">/<span itemprop="unitText">1,18L</span></span></td><td>4,65 $/L</td><td style="display: none;">2020-02-26</td><td style="display: none;"></td><td style="display: none;">Mazola</td><td style="display: none;"></td><td style="display: none;"></td><td style="display: none;"></td><td style="display: none;"></td><td style="display: none;"></td><td style="display: none;"><a class="recipeLink" href="/recipe_ingredient_search_results.php?query=(_QU5E__1__________787__[]_1_1)&amp;sos_l=fr">Recettes avec huile de maïs</a></td></tr><tr role="row" class="odd"><td tabindex="0"><i class="fas fa-hand-rock"></i></td><td class=" not_printable"><div class="addToGL" data-soscuisine-aisle="19" data-soscuisine-sip="3939023"><i class="fa fa-cart-plus" title="Ajouter à ma liste d'épicerie"></i><div></div></div></td><td><img class="storeItemImage" alt="huile de maïs" src="/media/images/store_item/blank.jpg"></td><td>huile de maïs</td><td class="not_printable sorting_1">huiles &amp; vinaigres</td><td><img style="width:50%;" src="/media/images/logos/marchands/64.png" alt="Mourelatos"></td><td><span itemprop="price">6,99 $</span><span itemprop="eligibleQuantity" itemscope="" itemtype="http://schema.org/QuantitativeValue">/<span itemprop="unitText">2,84L</span></span></td><td>2,46 $/L</td><td style="display: none;">2020-02-25</td><td style="display: none;"></td><td style="display: none;">Mazola</td><td style="display: none;"></td><td style="display: none;"></td><td style="display: none;"></td><td style="display: none;"></td><td style="display: none;"></td><td style="display: none;"><a class="recipeLink" href="/recipe_ingredient_search_results.php?query=(_QU5E__1__________787__[]_1_1)&amp;sos_l=fr">Recettes avec huile de maïs</a></td></tr><tr role="row" class="even"><td tabindex="0"><i class="fa fa-thumbs-down"></i></td><td class=" not_printable"><div class="addToGL" data-soscuisine-aisle="19" data-soscuisine-sip="3939695"><i class="fa fa-cart-plus" title="Ajouter à ma liste d'épicerie"></i><div></div></div></td><td><img class="storeItemImage" alt="huile végétale" src="/media/images/store_item/blank.jpg"></td><td>huile végétale</td><td class="not_printable sorting_1">huiles &amp; vinaigres</td><td><img style="width:50%;" src="/media/images/logos/marchands/10.png" alt="Bonichoix "></td><td><span itemprop="price">5,49 $</span><span itemprop="eligibleQuantity" itemscope="" itemtype="http://schema.org/QuantitativeValue">/<span itemprop="unitText">1,18L</span></span></td><td>4,65 $/L</td><td style="display: none;">2020-02-26</td><td style="display: none;"></td><td style="display: none;">Mazola</td><td style="display: none;"></td><td style="display: none;"></td><td style="display: none;"></td><td style="display: none;"></td><td style="display: none;"></td><td style="display: none;"><a class="recipeLink" href="/recipe_ingredient_search_results.php?query=(_QU5E__1__________751__[]_1_1)&amp;sos_l=fr">Recettes avec huile végétale</a></td></tr><tr role="row" class="odd"><td tabindex="0"><i class="fas fa-hand-rock"></i></td><td class=" not_printable"><div class="addToGL" data-soscuisine-aisle="19" data-soscuisine-sip="3938457"><i class="fa fa-cart-plus" title="Ajouter à ma liste d'épicerie"></i><div></div></div></td><td><img class="storeItemImage" alt="huile végétale" src="/media/images/store_item/blank.jpg"></td><td>huile végétale</td><td class="not_printable sorting_1">huiles &amp; vinaigres</td><td><img style="width:50%;" src="/media/images/logos/marchands/7.png" alt="Intermarché (Saveurs intl.)"></td><td><span itemprop="price">6,00 $</span><span itemprop="eligibleQuantity" itemscope="" itemtype="http://schema.org/QuantitativeValue">/<span itemprop="unitText">2,84L</span></span></td><td>2,11 $/L</td><td style="display: none;">2020-02-26</td><td style="display: none;"></td><td style="display: none;">Aurora</td><td style="display: none;"></td><td style="display: none;"></td><td style="display: none;"></td><td style="display: none;"></td><td style="display: none;"></td><td style="display: none;"><a class="recipeLink" href="/recipe_ingredient_search_results.php?query=(_QU5E__1__________751__[]_1_1)&amp;sos_l=fr">Recettes avec huile végétale</a></td></tr><tr role="row" class="even"><td tabindex="0"><i class="fa fa-thumbs-up"></i><i class="fa fa-thumbs-up"></i></td><td class=" not_printable"><div class="addToGL" data-soscuisine-aisle="19" data-soscuisine-sip="3939083"><i class="fa fa-cart-plus" title="Ajouter à ma liste d'épicerie"></i><div></div></div></td><td><img class="storeItemImage" alt="huile végétale" src="/media/images/store_item/blank.jpg"></td><td>huile végétale</td><td class="not_printable sorting_1">huiles &amp; vinaigres</td><td><img style="width:50%;" src="/media/images/logos/marchands/63.png" alt="Marché Adonis"></td><td><span itemprop="price">3,99 $</span><span itemprop="eligibleQuantity" itemscope="" itemtype="http://schema.org/QuantitativeValue">/<span itemprop="unitText">2,84L</span></span></td><td>1,40 $/L</td><td style="display: none;">2020-02-26</td><td style="display: none;"></td><td style="display: none;">Cedar</td><td style="display: none;"></td><td style="display: none;"></td><td style="display: none;"></td><td style="display: none;"></td><td style="display: none;"></td><td style="display: none;"><a class="recipeLink" href="/recipe_ingredient_search_results.php?query=(_QU5E__1__________751__[]_1_1)&amp;sos_l=fr">Recettes avec huile végétale</a></td></tr><tr role="row" class="odd"><td tabindex="0"><i class="fa fa-thumbs-up"></i><i class="fa fa-thumbs-up"></i></td><td class=" not_printable"><div class="addToGL" data-soscuisine-aisle="19" data-soscuisine-sip="3938445"><i class="fa fa-cart-plus" title="Ajouter à ma liste d'épicerie"></i><div></div></div></td><td><img class="storeItemImage" alt="vinaigre balsamique" src="/media/images/store_item/blank.jpg"></td><td>vinaigre balsamique</td><td class="not_printable sorting_1">huiles &amp; vinaigres</td><td><img style="width:50%;" src="/media/images/logos/marchands/7.png" alt="Intermarché (Saveurs intl.)"></td><td><span itemprop="price">2,00 $</span><span itemprop="eligibleQuantity" itemscope="" itemtype="http://schema.org/QuantitativeValue">/<span itemprop="unitText">500mL</span></span></td><td>0,40 $/100g</td><td style="display: none;">2020-02-26</td><td style="display: none;"></td><td style="display: none;">Emma</td><td style="display: none;"></td><td style="display: none;"></td><td style="display: none;"></td><td style="display: none;"></td><td style="display: none;"></td><td style="display: none;"><a class="recipeLink" href="/recipe_ingredient_search_results.php?query=(_QU5E__1__________49__[]_1_1)&amp;sos_l=fr">Recettes avec vinaigre balsamique</a></td></tr><tr role="row" class="even"><td tabindex="0"><i class="fa fa-thumbs-down"></i></td><td class=" not_printable"><div class="addToGL" data-soscuisine-aisle="19" data-soscuisine-sip="3937899"><i class="fa fa-cart-plus" title="Ajouter à ma liste d'épicerie"></i><div></div></div></td><td><img class="storeItemImage" alt="vinaigre balsamique" src="/media/images/store_item/blank.jpg"></td><td>vinaigre balsamique</td><td class="not_printable sorting_1">huiles &amp; vinaigres</td><td><img style="width:50%;" src="/media/images/logos/marchands/1.png" alt="Metro"></td><td><span itemprop="price">6,99 $</span><span itemprop="eligibleQuantity" itemscope="" itemtype="http://schema.org/QuantitativeValue">/<span itemprop="unitText">500mL</span></span></td><td>1,40 $/100g</td><td style="display: none;">2020-02-26</td><td style="display: none;"></td><td style="display: none;">Maille</td><td style="display: none;"></td><td style="display: none;"></td><td style="display: none;"></td><td style="display: none;"></td><td style="display: none;"></td><td style="display: none;"><a class="recipeLink" href="/recipe_ingredient_search_results.php?query=(_QU5E__1__________49__[]_1_1)&amp;sos_l=fr">Recettes avec vinaigre balsamique</a></td></tr><tr role="row" class="odd"><td tabindex="0"><i class="fa fa-thumbs-up"></i><i class="fa fa-thumbs-up"></i></td><td class=" not_printable"><div class="addToGL" data-soscuisine-aisle="19" data-soscuisine-sip="3937565"><i class="fa fa-cart-plus" title="Ajouter à ma liste d'épicerie"></i><div></div></div></td><td><img class="storeItemImage" alt="vinaigre blanc" src="/media/images/store_item/blank.jpg"></td><td>vinaigre blanc</td><td class="not_printable sorting_1">huiles &amp; vinaigres</td><td><img style="width:50%;" src="/media/images/logos/marchands/6.png" alt="Maxi"></td><td><span itemprop="price">2,00 $</span><span itemprop="eligibleQuantity" itemscope="" itemtype="http://schema.org/QuantitativeValue">/<span itemprop="unitText">4L</span></span></td><td>0,05 $/100g</td><td style="display: none;">2020-02-26</td><td style="display: none;"></td><td style="display: none;">marque maison</td><td style="display: none;"></td><td style="display: none;"></td><td style="display: none;"></td><td style="display: none;"></td><td style="display: none;"></td><td style="display: none;"><a class="recipeLink" href="/recipe_ingredient_search_results.php?query=(_QU5E__1__________364__[]_1_1)&amp;sos_l=fr">Recettes avec vinaigre blanc</a></td></tr><tr role="row" class="even"><td tabindex="0"><i class="fa fa-thumbs-down"></i></td><td class=" not_printable"><div class="addToGL" data-soscuisine-aisle="19" data-soscuisine-sip="3938849"><i class="fa fa-cart-plus" title="Ajouter à ma liste d'épicerie"></i><div></div></div></td><td><img class="storeItemImage" alt="vinaigre de pomme" src="/media/images/store_item/blank.jpg"></td><td>vinaigre de pomme</td><td class="not_printable sorting_1">huiles &amp; vinaigres</td><td><img style="width:50%;" src="/media/images/logos/marchands/93.png" alt="Rachelle Béry"></td><td><span itemprop="price">3,69 $</span><span itemprop="eligibleQuantity" itemscope="" itemtype="http://schema.org/QuantitativeValue">/<span itemprop="unitText">355mL</span></span></td><td>1,04 $/100g</td><td style="display: none;">2020-03-04</td><td style="display: none;"></td><td style="display: none;">Omega Nutrition</td><td style="display: none;"></td><td style="display: none;"></td><td style="display: none;">Bio</td><td style="display: none;"></td><td style="display: none;"></td><td style="display: none;"><a class="recipeLink" href="/recipe_ingredient_search_results.php?query=(_QU5E__1__________51__[]_1_1)&amp;sos_l=fr">Recettes avec vinaigre de pomme</a></td></tr><tr role="row" class="odd"><td tabindex="0"><i class="fa fa-thumbs-up"></i></td><td class=" not_printable"><div class="addToGL" data-soscuisine-aisle="19" data-soscuisine-sip="3938441"><i class="fa fa-cart-plus" title="Ajouter à ma liste d'épicerie"></i><div></div></div></td><td><img class="storeItemImage" alt="vinaigre de vin" src="/media/images/store_item/blank.jpg"></td><td>vinaigre de vin</td><td class="not_printable sorting_1">huiles &amp; vinaigres</td><td><img style="width:50%;" src="/media/images/logos/marchands/7.png" alt="Intermarché (Saveurs intl.)"></td><td><span itemprop="price">1,50 $</span><span itemprop="eligibleQuantity" itemscope="" itemtype="http://schema.org/QuantitativeValue">/<span itemprop="unitText">500mL</span></span></td><td>0,30 $/100g</td><td style="display: none;">2020-02-26</td><td style="display: none;"></td><td style="display: none;">Emma</td><td style="display: none;"></td><td style="display: none;"></td><td style="display: none;"></td><td style="display: none;"></td><td style="display: none;"></td><td style="display: none;"><a class="recipeLink" href="/recipe_ingredient_search_results.php?query=(_QU5E__1__________48__[]_1_1)&amp;sos_l=fr">Recettes avec vinaigre de vin</a></td></tr><tr role="row" class="even"><td tabindex="0"><i class="fas fa-exclamation"></i></td><td class=" not_printable"><div class="addToGL" data-soscuisine-aisle="20" data-soscuisine-sip="3939085"><i class="fa fa-cart-plus" title="Ajouter à ma liste d'épicerie"></i><div></div></div></td><td><img class="storeItemImage" alt="câpres" src="/media/images/store_item/blank.jpg"></td><td>câpres</td><td class="not_printable sorting_1">condiments</td><td><img style="width:50%;" src="/media/images/logos/marchands/63.png" alt="Marché Adonis"></td><td><span itemprop="price">0,99 $</span><span itemprop="eligibleQuantity" itemscope="" itemtype="http://schema.org/QuantitativeValue">/<span itemprop="unitText">105mL</span></span></td><td>1,57 $/100g</td><td style="display: none;">2020-02-26</td><td style="display: none;"></td><td style="display: none;"></td><td style="display: none;"></td><td style="display: none;"></td><td style="display: none;"></td><td style="display: none;"></td><td style="display: none;">Cedar</td><td style="display: none;"><a class="recipeLink" href="/recipe_ingredient_search_results.php?query=(_QU5E__1__________56__[]_1_1)&amp;sos_l=fr">Recettes avec câpres</a></td></tr><tr role="row" class="odd"><td tabindex="0"><i class="fa fa-thumbs-down"></i></td><td class=" not_printable"><div class="addToGL" data-soscuisine-aisle="20" data-soscuisine-sip="3939239"><i class="fa fa-cart-plus" title="Ajouter à ma liste d'épicerie"></i><div></div></div></td><td><img class="storeItemImage" alt="crème Tahini" src="/media/images/store_item/blank.jpg"></td><td>crème Tahini</td><td class="not_printable sorting_1">condiments</td><td><img style="width:50%;" src="/media/images/logos/marchands/63.png" alt="Marché Adonis"></td><td><span itemprop="price">7,00 $</span><span itemprop="eligibleQuantity" itemscope="" itemtype="http://schema.org/QuantitativeValue">/<span itemprop="value">2</span>x<span itemprop="unitText">454g (1lb)</span></span></td><td>0,77 $/100g</td><td style="display: none;">2020-02-26</td><td style="display: none;"></td><td style="display: none;">Al-Rabih</td><td style="display: none;"></td><td style="display: none;"></td><td style="display: none;"></td><td style="display: none;"></td><td style="display: none;"></td><td style="display: none;"><a class="recipeLink" href="/recipe_ingredient_search_results.php?query=(_QU5E__1__________335__[]_1_1)&amp;sos_l=fr">Recettes avec crème Tahini</a></td></tr><tr role="row" class="even"><td tabindex="0"><i class="fa fa-thumbs-down"></i></td><td class=" not_printable"><div class="addToGL" data-soscuisine-aisle="20" data-soscuisine-sip="3939021"><i class="fa fa-cart-plus" title="Ajouter à ma liste d'épicerie"></i><div></div></div></td><td><img class="storeItemImage" alt="crème Tahini" src="/media/images/store_item/blank.jpg"></td><td>crème Tahini</td><td class="not_printable sorting_1">condiments</td><td><img style="width:50%;" src="/media/images/logos/marchands/64.png" alt="Mourelatos"></td><td><span itemprop="price">3,99 $</span><span itemprop="eligibleQuantity" itemscope="" itemtype="http://schema.org/QuantitativeValue">/<span itemprop="unitText">454g (1lb)</span></span></td><td>0,88 $/100g</td><td style="display: none;">2020-02-25</td><td style="display: none;"></td><td style="display: none;">Cortas</td><td style="display: none;"></td><td style="display: none;"></td><td style="display: none;"></td><td style="display: none;"></td><td style="display: none;"></td><td style="display: none;"><a class="recipeLink" href="/recipe_ingredient_search_results.php?query=(_QU5E__1__________335__[]_1_1)&amp;sos_l=fr">Recettes avec crème Tahini</a></td></tr><tr role="row" class="odd"><td tabindex="0"><i class="fa fa-thumbs-down"></i></td><td class=" not_printable"><div class="addToGL" data-soscuisine-aisle="20" data-soscuisine-sip="3913001"><i class="fa fa-cart-plus" title="Ajouter à ma liste d'épicerie"></i><div></div></div></td><td><img class="storeItemImage" alt="ketchup" src="/media/images/store_item/blank.jpg"></td><td>ketchup</td><td class="not_printable sorting_1">condiments</td><td><img style="width:50%;" src="/media/images/logos/marchands/94.png" alt="Avril"></td><td><span itemprop="price">4,99 $</span><span itemprop="eligibleQuantity" itemscope="" itemtype="http://schema.org/QuantitativeValue">/<span itemprop="unitText">575mL</span></span></td><td>0,85 $/100g</td><td style="display: none;">2020-03-03</td><td style="display: none;"></td><td style="display: none;">Heinz</td><td style="display: none;"></td><td style="display: none;"></td><td style="display: none;">Bio</td><td style="display: none;"></td><td style="display: none;"></td><td style="display: none;"><a class="recipeLink" href="/recipe_ingredient_search_results.php?query=(_QU5E__1__________45__[]_1_1)&amp;sos_l=fr">Recettes avec ketchup</a></td></tr><tr role="row" class="even"><td tabindex="0"><i class="fas fa-hand-rock"></i></td><td class=" not_printable"><div class="addToGL" data-soscuisine-aisle="20" data-soscuisine-sip="3939681"><i class="fa fa-cart-plus" title="Ajouter à ma liste d'épicerie"></i><div></div></div></td><td><img class="storeItemImage" alt="ketchup" src="/media/images/store_item/blank.jpg"></td><td>ketchup</td><td class="not_printable sorting_1">condiments</td><td><img style="width:50%;" src="/media/images/logos/marchands/10.png" alt="Bonichoix "></td><td><span itemprop="price">5,99 $</span><span itemprop="eligibleQuantity" itemscope="" itemtype="http://schema.org/QuantitativeValue">/<span itemprop="unitText">1,5L</span></span></td><td>0,39 $/100g</td><td style="display: none;">2020-02-26</td><td style="display: none;"></td><td style="display: none;">Heinz</td><td style="display: none;"></td><td style="display: none;"></td><td style="display: none;"></td><td style="display: none;"></td><td style="display: none;"></td><td style="display: none;"><a class="recipeLink" href="/recipe_ingredient_search_results.php?query=(_QU5E__1__________45__[]_1_1)&amp;sos_l=fr">Recettes avec ketchup</a></td></tr><tr role="row" class="odd"><td tabindex="0"><i class="fas fa-hand-rock"></i></td><td class=" not_printable"><div class="addToGL" data-soscuisine-aisle="20" data-soscuisine-sip="3939679"><i class="fa fa-cart-plus" title="Ajouter à ma liste d'épicerie"></i><div></div></div></td><td><img class="storeItemImage" alt="ketchup" src="/media/images/store_item/blank.jpg"></td><td>ketchup</td><td class="not_printable sorting_1">condiments</td><td><img style="width:50%;" src="/media/images/logos/marchands/3.png" alt="IGA"></td><td><span itemprop="price">5,49 $</span><span itemprop="eligibleQuantity" itemscope="" itemtype="http://schema.org/QuantitativeValue">/<span itemprop="unitText">1,5L</span></span></td><td>0,36 $/100g</td><td style="display: none;">2020-02-26</td><td style="display: none;"></td><td style="display: none;">Heinz</td><td style="display: none;"></td><td style="display: none;"></td><td style="display: none;"></td><td style="display: none;"></td><td style="display: none;"></td><td style="display: none;"><a class="recipeLink" href="/recipe_ingredient_search_results.php?query=(_QU5E__1__________45__[]_1_1)&amp;sos_l=fr">Recettes avec ketchup</a></td></tr><tr role="row" class="even"><td tabindex="0"><i class="fas fa-hand-rock"></i></td><td class=" not_printable"><div class="addToGL" data-soscuisine-aisle="20" data-soscuisine-sip="3937859"><i class="fa fa-cart-plus" title="Ajouter à ma liste d'épicerie"></i><div></div></div></td><td><img class="storeItemImage" alt="ketchup" src="/media/images/store_item/blank.jpg"></td><td>ketchup</td><td class="not_printable sorting_1">condiments</td><td><img style="width:50%;" src="/media/images/logos/marchands/1.png" alt="Metro"></td><td><span itemprop="price">3,00 $</span><span itemprop="eligibleQuantity" itemscope="" itemtype="http://schema.org/QuantitativeValue">/<span itemprop="unitText">1L</span></span></td><td>0,30 $/100g</td><td style="display: none;">2020-02-26</td><td style="display: none;"></td><td style="display: none;">French's</td><td style="display: none;"></td><td style="display: none;"></td><td style="display: none;"></td><td style="display: none;"></td><td style="display: none;"></td><td style="display: none;"><a class="recipeLink" href="/recipe_ingredient_search_results.php?query=(_QU5E__1__________45__[]_1_1)&amp;sos_l=fr">Recettes avec ketchup</a></td></tr><tr role="row" class="odd"><td tabindex="0"><i class="fa fa-thumbs-up"></i><i class="fa fa-thumbs-up"></i></td><td class=" not_printable"><div class="addToGL" data-soscuisine-aisle="20" data-soscuisine-sip="3938009"><i class="fa fa-cart-plus" title="Ajouter à ma liste d'épicerie"></i><div></div></div></td><td><img class="storeItemImage" alt="ketchup" src="/media/images/store_item/blank.jpg"></td><td>ketchup</td><td class="not_printable sorting_1">condiments</td><td><img style="width:50%;" src="/media/images/logos/marchands/2.png" alt="Provigo"></td><td><span itemprop="price">2,99 $</span><span itemprop="eligibleQuantity" itemscope="" itemtype="http://schema.org/QuantitativeValue">/<span itemprop="unitText">1L</span></span></td><td>0,29 $/100g</td><td style="display: none;">2020-02-26</td><td style="display: none;"></td><td style="display: none;">Heinz</td><td style="display: none;"></td><td style="display: none;"></td><td style="display: none;"></td><td style="display: none;"></td><td style="display: none;"></td><td style="display: none;"><a class="recipeLink" href="/recipe_ingredient_search_results.php?query=(_QU5E__1__________45__[]_1_1)&amp;sos_l=fr">Recettes avec ketchup</a></td></tr><tr role="row" class="even"><td tabindex="0"><i class="fas fa-hand-rock"></i></td><td class=" not_printable"><div class="addToGL" data-soscuisine-aisle="20" data-soscuisine-sip="3938323"><i class="fa fa-cart-plus" title="Ajouter à ma liste d'épicerie"></i><div></div></div></td><td><img class="storeItemImage" alt="ketchup" src="/media/images/store_item/blank.jpg"></td><td>ketchup</td><td class="not_printable sorting_1">condiments</td><td><img style="width:50%;" src="/media/images/logos/marchands/2.png" alt="Provigo"></td><td><span itemprop="price">3,49 $</span><span itemprop="eligibleQuantity" itemscope="" itemtype="http://schema.org/QuantitativeValue">/<span itemprop="unitText">1L</span></span></td><td>0,34 $/100g</td><td style="display: none;">2020-02-26</td><td style="display: none;"></td><td style="display: none;">French's</td><td style="display: none;"></td><td style="display: none;"></td><td style="display: none;"></td><td style="display: none;"></td><td style="display: none;"></td><td style="display: none;"><a class="recipeLink" href="/recipe_ingredient_search_results.php?query=(_QU5E__1__________45__[]_1_1)&amp;sos_l=fr">Recettes avec ketchup</a></td></tr><tr role="row" class="odd"><td tabindex="0"><i class="fas fa-hand-rock"></i></td><td class=" not_printable"><div class="addToGL" data-soscuisine-aisle="20" data-soscuisine-sip="3940927"><i class="fa fa-cart-plus" title="Ajouter à ma liste d'épicerie"></i><div></div></div></td><td><img class="storeItemImage" alt="ketchup" src="/media/images/store_item/blank.jpg"></td><td>ketchup</td><td class="not_printable sorting_1">condiments</td><td><img style="width:50%;" src="/media/images/logos/marchands/12.png" alt="Richelieu"></td><td><span itemprop="price">3,99 $</span><span itemprop="eligibleQuantity" itemscope="" itemtype="http://schema.org/QuantitativeValue">/<span itemprop="unitText">1L</span></span></td><td>0,39 $/100g</td><td style="display: none;">2020-02-26</td><td style="display: none;"></td><td style="display: none;">Heinz</td><td style="display: none;"></td><td style="display: none;"></td><td style="display: none;"></td><td style="display: none;"></td><td style="display: none;"></td><td style="display: none;"><a class="recipeLink" href="/recipe_ingredient_search_results.php?query=(_QU5E__1__________45__[]_1_1)&amp;sos_l=fr">Recettes avec ketchup</a></td></tr><tr role="row" class="even"><td tabindex="0"><i class="fa fa-thumbs-up"></i><i class="fa fa-thumbs-up"></i></td><td class=" not_printable"><div class="addToGL" data-soscuisine-aisle="20" data-soscuisine-sip="3940649"><i class="fa fa-cart-plus" title="Ajouter à ma liste d'épicerie"></i><div></div></div></td><td><img class="storeItemImage" alt="ketchup" src="/media/images/store_item/blank.jpg"></td><td>ketchup</td><td class="not_printable sorting_1">condiments</td><td><img style="width:50%;" src="/media/images/logos/marchands/5.png" alt="Super C"></td><td><span itemprop="price">2,99 $</span><span itemprop="eligibleQuantity" itemscope="" itemtype="http://schema.org/QuantitativeValue">/<span itemprop="unitText">1L</span></span></td><td>0,29 $/100g</td><td style="display: none;">2020-02-26</td><td style="display: none;"></td><td style="display: none;">marque maison</td><td style="display: none;"></td><td style="display: none;"></td><td style="display: none;"></td><td style="display: none;"></td><td style="display: none;"></td><td style="display: none;"><a class="recipeLink" href="/recipe_ingredient_search_results.php?query=(_QU5E__1__________45__[]_1_1)&amp;sos_l=fr">Recettes avec ketchup</a></td></tr><tr role="row" class="odd"><td tabindex="0"><i class="fas fa-hand-rock"></i></td><td class=" not_printable"><div class="addToGL" data-soscuisine-aisle="20" data-soscuisine-sip="3940537"><i class="fa fa-cart-plus" title="Ajouter à ma liste d'épicerie"></i><div></div></div></td><td><img class="storeItemImage" alt="ketchup" src="/media/images/store_item/blank.jpg"></td><td>ketchup</td><td class="not_printable sorting_1">condiments</td><td><img style="width:50%;" src="/media/images/logos/marchands/11.png" alt="Tradition"></td><td><span itemprop="price">3,99 $</span><span itemprop="eligibleQuantity" itemscope="" itemtype="http://schema.org/QuantitativeValue">/<span itemprop="unitText">1L</span></span></td><td>0,39 $/100g</td><td style="display: none;">2020-02-26</td><td style="display: none;"></td><td style="display: none;">Heinz</td><td style="display: none;"></td><td style="display: none;"></td><td style="display: none;"></td><td style="display: none;"></td><td style="display: none;"></td><td style="display: none;"><a class="recipeLink" href="/recipe_ingredient_search_results.php?query=(_QU5E__1__________45__[]_1_1)&amp;sos_l=fr">Recettes avec ketchup</a></td></tr><tr role="row" class="even"><td tabindex="0"><i class="fa fa-thumbs-up"></i></td><td class=" not_printable"><div class="addToGL" data-soscuisine-aisle="20" data-soscuisine-sip="3939459"><i class="fa fa-cart-plus" title="Ajouter à ma liste d'épicerie"></i><div></div></div></td><td><img class="storeItemImage" alt="mayonnaise" src="/media/images/store_item/blank.jpg"></td><td>mayonnaise</td><td class="not_printable sorting_1">condiments</td><td><img style="width:50%;" src="/media/images/logos/marchands/3.png" alt="IGA"></td><td><span itemprop="price">5,99 $</span><span itemprop="eligibleQuantity" itemscope="" itemtype="http://schema.org/QuantitativeValue">/<span itemprop="unitText">1,42L (48oz)</span></span></td><td>4,54 $/kg</td><td style="display: none;">2020-02-26</td><td style="display: none;"></td><td style="display: none;">Hellmann's</td><td style="display: none;"></td><td style="display: none;"></td><td style="display: none;"></td><td style="display: none;"></td><td style="display: none;"></td><td style="display: none;"><a class="recipeLink" href="/recipe_ingredient_search_results.php?query=(_QU5E__1__________44__[]_1_1)&amp;sos_l=fr">Recettes avec mayonnaise</a></td></tr><tr role="row" class="odd"><td tabindex="0"><i class="fa fa-thumbs-down"></i></td><td class=" not_printable"><div class="addToGL" data-soscuisine-aisle="20" data-soscuisine-sip="3939685"><i class="fa fa-cart-plus" title="Ajouter à ma liste d'épicerie"></i><div></div></div></td><td><img class="storeItemImage" alt="mayonnaise" src="/media/images/store_item/blank.jpg"></td><td>mayonnaise</td><td class="not_printable sorting_1">condiments</td><td><img style="width:50%;" src="/media/images/logos/marchands/3.png" alt="IGA"></td><td><span itemprop="price">3,99 $</span><span itemprop="eligibleQuantity" itemscope="" itemtype="http://schema.org/QuantitativeValue">/<span itemprop="unitText">675mL</span></span></td><td>6,36 $/kg</td><td style="display: none;">2020-02-26</td><td style="display: none;"></td><td style="display: none;">Heinz</td><td style="display: none;"></td><td style="display: none;"></td><td style="display: none;"></td><td style="display: none;"></td><td style="display: none;"></td><td style="display: none;"><a class="recipeLink" href="/recipe_ingredient_search_results.php?query=(_QU5E__1__________44__[]_1_1)&amp;sos_l=fr">Recettes avec mayonnaise</a></td></tr><tr role="row" class="even"><td tabindex="0"><i class="fa fa-thumbs-up"></i><i class="fa fa-thumbs-up"></i></td><td class=" not_printable"><div class="addToGL" data-soscuisine-aisle="20" data-soscuisine-sip="3938723"><i class="fa fa-cart-plus" title="Ajouter à ma liste d'épicerie"></i><div></div></div></td><td><img class="storeItemImage" alt="mayonnaise" src="/media/images/store_item/blank.jpg"></td><td>mayonnaise</td><td class="not_printable sorting_1">condiments</td><td><img style="width:50%;" src="/media/images/logos/marchands/69.png" alt="Intermarché (Provincial)"></td><td><span itemprop="price">2,99 $</span><span itemprop="eligibleQuantity" itemscope="" itemtype="http://schema.org/QuantitativeValue">/<span itemprop="unitText">890mL</span></span></td><td>3,61 $/kg</td><td style="display: none;">2020-02-26</td><td style="display: none;"></td><td style="display: none;">marque maison</td><td style="display: none;"></td><td style="display: none;"></td><td style="display: none;"></td><td style="display: none;"></td><td style="display: none;"></td><td style="display: none;"><a class="recipeLink" href="/recipe_ingredient_search_results.php?query=(_QU5E__1__________44__[]_1_1)&amp;sos_l=fr">Recettes avec mayonnaise</a></td></tr><tr role="row" class="odd"><td tabindex="0"><i class="fa fa-thumbs-down"></i></td><td class=" not_printable"><div class="addToGL" data-soscuisine-aisle="20" data-soscuisine-sip="3938511"><i class="fa fa-cart-plus" title="Ajouter à ma liste d'épicerie"></i><div></div></div></td><td><img class="storeItemImage" alt="mayonnaise" src="/media/images/store_item/blank.jpg"></td><td>mayonnaise</td><td class="not_printable sorting_1">condiments</td><td><img style="width:50%;" src="/media/images/logos/marchands/6.png" alt="Maxi"></td><td><span itemprop="price">2,00 $</span><span itemprop="eligibleQuantity" itemscope="" itemtype="http://schema.org/QuantitativeValue">/<span itemprop="unitText">340mL</span></span></td><td>6,33 $/kg</td><td style="display: none;">2020-02-26</td><td style="display: none;"></td><td style="display: none;">Hellmann's</td><td style="display: none;"></td><td style="display: none;"></td><td style="display: none;"></td><td style="display: none;"></td><td style="display: none;"></td><td style="display: none;"><a class="recipeLink" href="/recipe_ingredient_search_results.php?query=(_QU5E__1__________44__[]_1_1)&amp;sos_l=fr">Recettes avec mayonnaise</a></td></tr><tr role="row" class="even"><td tabindex="0"><i class="fa fa-thumbs-up"></i><i class="fa fa-thumbs-up"></i></td><td class=" not_printable"><div class="addToGL" data-soscuisine-aisle="20" data-soscuisine-sip="3940733"><i class="fa fa-cart-plus" title="Ajouter à ma liste d'épicerie"></i><div></div></div></td><td><img class="storeItemImage" alt="mayonnaise" src="/media/images/store_item/blank.jpg"></td><td>mayonnaise</td><td class="not_printable sorting_1">condiments</td><td><img style="width:50%;" src="/media/images/logos/marchands/5.png" alt="Super C"></td><td><span itemprop="price">2,99 $</span><span itemprop="eligibleQuantity" itemscope="" itemtype="http://schema.org/QuantitativeValue">/<span itemprop="unitText">890mL</span></span></td><td>3,61 $/kg</td><td style="display: none;">2020-02-26</td><td style="display: none;"></td><td style="display: none;">marque maison</td><td style="display: none;"></td><td style="display: none;"></td><td style="display: none;"></td><td style="display: none;"></td><td style="display: none;"></td><td style="display: none;"><a class="recipeLink" href="/recipe_ingredient_search_results.php?query=(_QU5E__1__________44__[]_1_1)&amp;sos_l=fr">Recettes avec mayonnaise</a></td></tr><tr role="row" class="odd"><td tabindex="0"><i class="fa fa-thumbs-down"></i></td><td class=" not_printable"><div class="addToGL" data-soscuisine-aisle="20" data-soscuisine-sip="3942137"><i class="fa fa-cart-plus" title="Ajouter à ma liste d'épicerie"></i><div></div></div></td><td><img class="storeItemImage" alt="moutarde préparée" src="/media/images/store_item/blank.jpg"></td><td>moutarde préparée</td><td class="not_printable sorting_1">condiments</td><td><img style="width:50%;" src="/media/images/logos/marchands/13.png" alt="Jardin Mobile"></td><td><span itemprop="price">4,99 $</span><span itemprop="eligibleQuantity" itemscope="" itemtype="http://schema.org/QuantitativeValue">/<span itemprop="unitText">375mL</span></span></td><td>1,28 $/100g</td><td style="display: none;">2020-02-26</td><td style="display: none;"></td><td style="display: none;">Maille</td><td style="display: none;"></td><td style="display: none;"></td><td style="display: none;"></td><td style="display: none;"></td><td style="display: none;"></td><td style="display: none;"><a class="recipeLink" href="/recipe_ingredient_search_results.php?query=(_QU5E__1__________41__[]_1_1)&amp;sos_l=fr">Recettes avec moutarde préparée</a></td></tr><tr role="row" class="even"><td tabindex="0"><i class="fa fa-thumbs-down"></i></td><td class=" not_printable"><div class="addToGL" data-soscuisine-aisle="20" data-soscuisine-sip="3937901"><i class="fa fa-cart-plus" title="Ajouter à ma liste d'épicerie"></i><div></div></div></td><td><img class="storeItemImage" alt="moutarde préparée" src="/media/images/store_item/blank.jpg"></td><td>moutarde préparée</td><td class="not_printable sorting_1">condiments</td><td><img style="width:50%;" src="/media/images/logos/marchands/1.png" alt="Metro"></td><td><span itemprop="price">5,00 $</span><span itemprop="eligibleQuantity" itemscope="" itemtype="http://schema.org/QuantitativeValue">/<span itemprop="unitText">500mL</span></span></td><td>0,96 $/100g</td><td style="display: none;">2020-02-26</td><td style="display: none;"></td><td style="display: none;">Maille</td><td style="display: none;"></td><td style="display: none;">Dijon</td><td style="display: none;"></td><td style="display: none;"></td><td style="display: none;"></td><td style="display: none;"><a class="recipeLink" href="/recipe_ingredient_search_results.php?query=(_QU5E__1__________41__[]_1_1)&amp;sos_l=fr">Recettes avec moutarde préparée</a></td></tr><tr role="row" class="odd"><td tabindex="0"><i class="fa fa-thumbs-up"></i></td><td class=" not_printable"><div class="addToGL" data-soscuisine-aisle="20" data-soscuisine-sip="3939687"><i class="fa fa-cart-plus" title="Ajouter à ma liste d'épicerie"></i><div></div></div></td><td><img class="storeItemImage" alt="oignons marinés" src="/media/images/store_item/blank.jpg"></td><td>oignons marinés</td><td class="not_printable sorting_1">condiments</td><td><img style="width:50%;" src="/media/images/logos/marchands/10.png" alt="Bonichoix "></td><td><span itemprop="price">1,79 $</span><span itemprop="eligibleQuantity" itemscope="" itemtype="http://schema.org/QuantitativeValue">/<span itemprop="unitText">375mL</span></span></td><td>0,72 $/100g</td><td style="display: none;">2020-02-26</td><td style="display: none;"></td><td style="display: none;">marque maison</td><td style="display: none;"></td><td style="display: none;"></td><td style="display: none;"></td><td style="display: none;"></td><td style="display: none;"></td><td style="display: none;"><a class="recipeLink" href="/recipe_ingredient_search_results.php?query=(_QU5E__1__________317__[]_1_1)&amp;sos_l=fr">Recettes avec oignons marinés</a></td></tr><tr role="row" class="even"><td tabindex="0"><i class="fas fa-hand-rock"></i></td><td class=" not_printable"><div class="addToGL" data-soscuisine-aisle="20" data-soscuisine-sip="3937839"><i class="fa fa-cart-plus" title="Ajouter à ma liste d'épicerie"></i><div></div></div></td><td><img class="storeItemImage" alt="oignons marinés" src="/media/images/store_item/blank.jpg"></td><td>oignons marinés</td><td class="not_printable sorting_1">condiments</td><td><img style="width:50%;" src="/media/images/logos/marchands/1.png" alt="Metro"></td><td><span itemprop="price">5,00 $</span><span itemprop="eligibleQuantity" itemscope="" itemtype="http://schema.org/QuantitativeValue">/<span itemprop="value">2</span>x<span itemprop="unitText">375mL</span></span></td><td>1,00 $/100g</td><td style="display: none;">2020-02-26</td><td style="display: none;"></td><td style="display: none;">Habitant</td><td style="display: none;"></td><td style="display: none;"></td><td style="display: none;"></td><td style="display: none;"></td><td style="display: none;"></td><td style="display: none;"><a class="recipeLink" href="/recipe_ingredient_search_results.php?query=(_QU5E__1__________317__[]_1_1)&amp;sos_l=fr">Recettes avec oignons marinés</a></td></tr><tr role="row" class="odd"><td tabindex="0"><i class="fa fa-thumbs-up"></i></td><td class=" not_printable"><div class="addToGL" data-soscuisine-aisle="20" data-soscuisine-sip="3940773"><i class="fa fa-cart-plus" title="Ajouter à ma liste d'épicerie"></i><div></div></div></td><td><img class="storeItemImage" alt="oignons marinés" src="/media/images/store_item/blank.jpg"></td><td>oignons marinés</td><td class="not_printable sorting_1">condiments</td><td><img style="width:50%;" src="/media/images/logos/marchands/11.png" alt="Tradition"></td><td><span itemprop="price">3,50 $</span><span itemprop="eligibleQuantity" itemscope="" itemtype="http://schema.org/QuantitativeValue">/<span itemprop="value">2</span>x<span itemprop="unitText">375mL</span></span></td><td>0,70 $/100g</td><td style="display: none;">2020-02-26</td><td style="display: none;"></td><td style="display: none;">marque maison</td><td style="display: none;"></td><td style="display: none;"></td><td style="display: none;"></td><td style="display: none;"></td><td style="display: none;"></td><td style="display: none;"><a class="recipeLink" href="/recipe_ingredient_search_results.php?query=(_QU5E__1__________317__[]_1_1)&amp;sos_l=fr">Recettes avec oignons marinés</a></td></tr><tr role="row" class="even"><td tabindex="0"><i class="fa fa-thumbs-up"></i><i class="fa fa-thumbs-up"></i></td><td class=" not_printable"><div class="addToGL" data-soscuisine-aisle="20" data-soscuisine-sip="3939153"><i class="fa fa-cart-plus" title="Ajouter à ma liste d'épicerie"></i><div></div></div></td><td><img class="storeItemImage" alt="olives" src="/media/images/store_item/blank.jpg"></td><td>olives</td><td class="not_printable sorting_1">condiments</td><td><img style="width:50%;" src="/media/images/logos/marchands/63.png" alt="Marché Adonis"></td><td><span itemprop="price">2,99 $</span><span itemprop="eligibleQuantity" itemscope="" itemtype="http://schema.org/QuantitativeValue">/<span itemprop="unitText">lb</span></span></td><td>0,66 $/100g</td><td style="display: none;">2020-02-26</td><td style="display: none;">Grèce</td><td style="display: none;"></td><td style="display: none;"></td><td style="display: none;">vert</td><td style="display: none;"></td><td style="display: none;"></td><td style="display: none;">Naupilium</td><td style="display: none;"><a class="recipeLink" href="/recipe_ingredient_search_results.php?query=(_QU5E__1__________54__[]_1_1)&amp;sos_l=fr">Recettes avec olives</a></td></tr><tr role="row" class="odd"><td tabindex="0"><i class="fas fa-hand-rock"></i></td><td class=" not_printable"><div class="addToGL" data-soscuisine-aisle="20" data-soscuisine-sip="3938985"><i class="fa fa-cart-plus" title="Ajouter à ma liste d'épicerie"></i><div></div></div></td><td><img class="storeItemImage" alt="olives" src="/media/images/store_item/blank.jpg"></td><td>olives</td><td class="not_printable sorting_1">condiments</td><td><img style="width:50%;" src="/media/images/logos/marchands/64.png" alt="Mourelatos"></td><td><span itemprop="price">3,99 $</span><span itemprop="eligibleQuantity" itemscope="" itemtype="http://schema.org/QuantitativeValue">/<span itemprop="unitText">lb</span></span></td><td>0,88 $/100g</td><td style="display: none;">2020-02-25</td><td style="display: none;"></td><td style="display: none;"></td><td style="display: none;"></td><td style="display: none;">Kalamata</td><td style="display: none;"></td><td style="display: none;"></td><td style="display: none;">grosses</td><td style="display: none;"><a class="recipeLink" href="/recipe_ingredient_search_results.php?query=(_QU5E__1__________54__[]_1_1)&amp;sos_l=fr">Recettes avec olives</a></td></tr><tr role="row" class="even"><td tabindex="0"><i class="fa fa-thumbs-up"></i><i class="fa fa-thumbs-up"></i></td><td class=" not_printable"><div class="addToGL" data-soscuisine-aisle="20" data-soscuisine-sip="3935959"><i class="fa fa-cart-plus" title="Ajouter à ma liste d'épicerie"></i><div></div></div></td><td><img class="storeItemImage" alt="olives" src="/media/images/store_item/blank.jpg"></td><td>olives</td><td class="not_printable sorting_1">condiments</td><td><img style="width:50%;" src="/media/images/logos/marchands/62.png" alt="Supermarché PA"></td><td><span itemprop="price">2,99 $</span><span itemprop="eligibleQuantity" itemscope="" itemtype="http://schema.org/QuantitativeValue">/<span itemprop="unitText">lb</span></span></td><td>0,66 $/100g</td><td style="display: none;">2020-02-23</td><td style="display: none;">Grèce</td><td style="display: none;"></td><td style="display: none;"></td><td style="display: none;">Kalamata</td><td style="display: none;"></td><td style="display: none;"></td><td style="display: none;"></td><td style="display: none;"><a class="recipeLink" href="/recipe_ingredient_search_results.php?query=(_QU5E__1__________54__[]_1_1)&amp;sos_l=fr">Recettes avec olives</a></td></tr><tr role="row" class="odd"><td tabindex="0"><i class="fas fa-hand-rock"></i></td><td class=" not_printable"><div class="addToGL" data-soscuisine-aisle="20" data-soscuisine-sip="3939089"><i class="fa fa-cart-plus" title="Ajouter à ma liste d'épicerie"></i><div></div></div></td><td><img class="storeItemImage" alt="pâte de tomates" src="/media/images/store_item/blank.jpg"></td><td>pâte de tomates</td><td class="not_printable sorting_1">condiments</td><td><img style="width:50%;" src="/media/images/logos/marchands/63.png" alt="Marché Adonis"></td><td><span itemprop="price">3,00 $</span><span itemprop="eligibleQuantity" itemscope="" itemtype="http://schema.org/QuantitativeValue">/<span itemprop="value">5</span>x<span itemprop="unitText">156mL</span></span></td><td>0,32 $/100g</td><td style="display: none;">2020-02-26</td><td style="display: none;"></td><td style="display: none;">Unico</td><td style="display: none;"></td><td style="display: none;"></td><td style="display: none;"></td><td style="display: none;"></td><td style="display: none;"></td><td style="display: none;"><a class="recipeLink" href="/recipe_ingredient_search_results.php?query=(_QU5E__1__________46__[]_1_1)&amp;sos_l=fr">Recettes avec pâte de tomates</a></td></tr><tr role="row" class="even"><td tabindex="0"><i class="fas fa-hand-rock"></i></td><td class=" not_printable"><div class="addToGL" data-soscuisine-aisle="20" data-soscuisine-sip="3937829"><i class="fa fa-cart-plus" title="Ajouter à ma liste d'épicerie"></i><div></div></div></td><td><img class="storeItemImage" alt="pâte de tomates" src="/media/images/store_item/blank.jpg"></td><td>pâte de tomates</td><td class="not_printable sorting_1">condiments</td><td><img style="width:50%;" src="/media/images/logos/marchands/1.png" alt="Metro"></td><td><span itemprop="price">3,00 $</span><span itemprop="eligibleQuantity" itemscope="" itemtype="http://schema.org/QuantitativeValue">/<span itemprop="value">4</span>x<span itemprop="unitText">156mL</span></span></td><td>0,40 $/100g</td><td style="display: none;">2020-02-26</td><td style="display: none;"></td><td style="display: none;">Hunt's</td><td style="display: none;"></td><td style="display: none;"></td><td style="display: none;"></td><td style="display: none;"></td><td style="display: none;"></td><td style="display: none;"><a class="recipeLink" href="/recipe_ingredient_search_results.php?query=(_QU5E__1__________46__[]_1_1)&amp;sos_l=fr">Recettes avec pâte de tomates</a></td></tr><tr role="row" class="odd"><td tabindex="0"><i class="fas fa-hand-rock"></i></td><td class=" not_printable"><div class="addToGL" data-soscuisine-aisle="20" data-soscuisine-sip="3938083"><i class="fa fa-cart-plus" title="Ajouter à ma liste d'épicerie"></i><div></div></div></td><td><img class="storeItemImage" alt="pâte de tomates" src="/media/images/store_item/blank.jpg"></td><td>pâte de tomates</td><td class="not_printable sorting_1">condiments</td><td><img style="width:50%;" src="/media/images/logos/marchands/2.png" alt="Provigo"></td><td><span itemprop="price">4,98 $</span><span itemprop="eligibleQuantity" itemscope="" itemtype="http://schema.org/QuantitativeValue">/<span itemprop="value">3</span>x<span itemprop="unitText">369mL</span></span></td><td>0,37 $/100g</td><td style="display: none;">2020-02-26</td><td style="display: none;"></td><td style="display: none;">Hunt's</td><td style="display: none;"></td><td style="display: none;"></td><td style="display: none;"></td><td style="display: none;"></td><td style="display: none;"></td><td style="display: none;"><a class="recipeLink" href="/recipe_ingredient_search_results.php?query=(_QU5E__1__________46__[]_1_1)&amp;sos_l=fr">Recettes avec pâte de tomates</a></td></tr><tr role="row" class="even"><td tabindex="0"><i class="fa fa-thumbs-down"></i></td><td class=" not_printable"><div class="addToGL" data-soscuisine-aisle="20" data-soscuisine-sip="3938081"><i class="fa fa-cart-plus" title="Ajouter à ma liste d'épicerie"></i><div></div></div></td><td><img class="storeItemImage" alt="pâte de tomates" src="/media/images/store_item/blank.jpg"></td><td>pâte de tomates</td><td class="not_printable sorting_1">condiments</td><td><img style="width:50%;" src="/media/images/logos/marchands/2.png" alt="Provigo"></td><td><span itemprop="price">1,99 $</span><span itemprop="eligibleQuantity" itemscope="" itemtype="http://schema.org/QuantitativeValue">/<span itemprop="unitText">369mL</span></span></td><td>0,45 $/100g</td><td style="display: none;">2020-02-26</td><td style="display: none;"></td><td style="display: none;">Hunt's</td><td style="display: none;"></td><td style="display: none;"></td><td style="display: none;"></td><td style="display: none;"></td><td style="display: none;"></td><td style="display: none;"><a class="recipeLink" href="/recipe_ingredient_search_results.php?query=(_QU5E__1__________46__[]_1_1)&amp;sos_l=fr">Recettes avec pâte de tomates</a></td></tr><tr role="row" class="odd"><td tabindex="0"><i class="fas fa-hand-rock"></i></td><td class=" not_printable"><div class="addToGL" data-soscuisine-aisle="20" data-soscuisine-sip="3940713"><i class="fa fa-cart-plus" title="Ajouter à ma liste d'épicerie"></i><div></div></div></td><td><img class="storeItemImage" alt="pâte de tomates" src="/media/images/store_item/blank.jpg"></td><td>pâte de tomates</td><td class="not_printable sorting_1">condiments</td><td><img style="width:50%;" src="/media/images/logos/marchands/5.png" alt="Super C"></td><td><span itemprop="price">0,69 $</span><span itemprop="eligibleQuantity" itemscope="" itemtype="http://schema.org/QuantitativeValue">/<span itemprop="unitText">156mL</span></span></td><td>0,37 $/100g</td><td style="display: none;">2020-02-26</td><td style="display: none;"></td><td style="display: none;">marque maison</td><td style="display: none;"></td><td style="display: none;"></td><td style="display: none;"></td><td style="display: none;"></td><td style="display: none;"></td><td style="display: none;"><a class="recipeLink" href="/recipe_ingredient_search_results.php?query=(_QU5E__1__________46__[]_1_1)&amp;sos_l=fr">Recettes avec pâte de tomates</a></td></tr><tr role="row" class="even"><td tabindex="0"><i class="fas fa-exclamation"></i></td><td class=" not_printable"><div class="addToGL" data-soscuisine-aisle="20" data-soscuisine-sip="3935973"><i class="fa fa-cart-plus" title="Ajouter à ma liste d'épicerie"></i><div></div></div></td><td><img class="storeItemImage" alt="sauce Hoisin" src="/media/images/store_item/blank.jpg"></td><td>sauce Hoisin</td><td class="not_printable sorting_1">condiments</td><td><img style="width:50%;" src="/media/images/logos/marchands/62.png" alt="Supermarché PA"></td><td><span itemprop="price">2,99 $</span><span itemprop="eligibleQuantity" itemscope="" itemtype="http://schema.org/QuantitativeValue">/<span itemprop="unitText">443mL (15fl.oz)</span></span></td><td>0,60 $/100g</td><td style="display: none;">2020-02-23</td><td style="display: none;"></td><td style="display: none;">Lee Kum Kee</td><td style="display: none;"></td><td style="display: none;"></td><td style="display: none;"></td><td style="display: none;"></td><td style="display: none;"></td><td style="display: none;"><a class="recipeLink" href="/recipe_ingredient_search_results.php?query=(_QU5E__1__________380__[]_1_1)&amp;sos_l=fr">Recettes avec sauce Hoisin</a></td></tr><tr role="row" class="odd"><td tabindex="0"><i class="fas fa-hand-rock"></i></td><td class=" not_printable"><div class="addToGL" data-soscuisine-aisle="20" data-soscuisine-sip="3912895"><i class="fa fa-cart-plus" title="Ajouter à ma liste d'épicerie"></i><div></div></div></td><td><img class="storeItemImage" alt="sauce pesto" src="/media/images/store_item/blank.jpg"></td><td>sauce pesto</td><td class="not_printable sorting_1">condiments</td><td><img style="width:50%;" src="/media/images/logos/marchands/94.png" alt="Avril"></td><td><span itemprop="price">4,99 $</span><span itemprop="eligibleQuantity" itemscope="" itemtype="http://schema.org/QuantitativeValue">/171g</span></td><td>2,92 $/100g</td><td style="display: none;">2020-03-03</td><td style="display: none;"></td><td style="display: none;">LeGrand</td><td style="display: none;"></td><td style="display: none;"></td><td style="display: none;"></td><td style="display: none;"></td><td style="display: none;"></td><td style="display: none;"><a class="recipeLink" href="/recipe_ingredient_search_results.php?query=(_QU5E__1__________322__[]_1_1)&amp;sos_l=fr">Recettes avec sauce pesto</a></td></tr><tr role="row" class="even"><td tabindex="0"><i class="fas fa-hand-rock"></i></td><td class=" not_printable"><div class="addToGL" data-soscuisine-aisle="20" data-soscuisine-sip="3939355"><i class="fa fa-cart-plus" title="Ajouter à ma liste d'épicerie"></i><div></div></div></td><td><img class="storeItemImage" alt="sauce pesto" src="/media/images/store_item/blank.jpg"></td><td>sauce pesto</td><td class="not_printable sorting_1">condiments</td><td><img style="width:50%;" src="/media/images/logos/marchands/3.png" alt="IGA"></td><td><span itemprop="price">3,99 $</span><span itemprop="eligibleQuantity" itemscope="" itemtype="http://schema.org/QuantitativeValue">/<span itemprop="unitText">190g</span></span></td><td>2,10 $/100g</td><td style="display: none;">2020-02-26</td><td style="display: none;"></td><td style="display: none;"></td><td style="display: none;"></td><td style="display: none;"></td><td style="display: none;"></td><td style="display: none;"></td><td style="display: none;">Derlea</td><td style="display: none;"><a class="recipeLink" href="/recipe_ingredient_search_results.php?query=(_QU5E__1__________322__[]_1_1)&amp;sos_l=fr">Recettes avec sauce pesto</a></td></tr><tr role="row" class="odd"><td tabindex="0"><i class="fas fa-hand-rock"></i></td><td class=" not_printable"><div class="addToGL" data-soscuisine-aisle="20" data-soscuisine-sip="3942117"><i class="fa fa-cart-plus" title="Ajouter à ma liste d'épicerie"></i><div></div></div></td><td><img class="storeItemImage" alt="sauce pesto" src="/media/images/store_item/blank.jpg"></td><td>sauce pesto</td><td class="not_printable sorting_1">condiments</td><td><img style="width:50%;" src="/media/images/logos/marchands/13.png" alt="Jardin Mobile"></td><td><span itemprop="price">10,00 $</span><span itemprop="eligibleQuantity" itemscope="" itemtype="http://schema.org/QuantitativeValue">/<span itemprop="value">2</span>x171g</span></td><td>2,92 $/100g</td><td style="display: none;">2020-02-26</td><td style="display: none;"></td><td style="display: none;">LeGrand</td><td style="display: none;"></td><td style="display: none;"></td><td style="display: none;"></td><td style="display: none;"></td><td style="display: none;"></td><td style="display: none;"><a class="recipeLink" href="/recipe_ingredient_search_results.php?query=(_QU5E__1__________322__[]_1_1)&amp;sos_l=fr">Recettes avec sauce pesto</a></td></tr><tr role="row" class="even"><td tabindex="0"><i class="fas fa-hand-rock"></i></td><td class=" not_printable"><div class="addToGL" data-soscuisine-aisle="20" data-soscuisine-sip="3938799"><i class="fa fa-cart-plus" title="Ajouter à ma liste d'épicerie"></i><div></div></div></td><td><img class="storeItemImage" alt="sauce pesto" src="/media/images/store_item/blank.jpg"></td><td>sauce pesto</td><td class="not_printable sorting_1">condiments</td><td><img style="width:50%;" src="/media/images/logos/marchands/93.png" alt="Rachelle Béry"></td><td><span itemprop="price">3,99 $</span><span itemprop="eligibleQuantity" itemscope="" itemtype="http://schema.org/QuantitativeValue">/<span itemprop="unitText">190g</span></span></td><td>2,10 $/100g</td><td style="display: none;">2020-03-04</td><td style="display: none;"></td><td style="display: none;"></td><td style="display: none;"></td><td style="display: none;"></td><td style="display: none;"></td><td style="display: none;"></td><td style="display: none;">Derlea</td><td style="display: none;"><a class="recipeLink" href="/recipe_ingredient_search_results.php?query=(_QU5E__1__________322__[]_1_1)&amp;sos_l=fr">Recettes avec sauce pesto</a></td></tr><tr role="row" class="odd"><td tabindex="0"><i class="fa fa-thumbs-down"></i></td><td class=" not_printable"><div class="addToGL" data-soscuisine-aisle="20" data-soscuisine-sip="3937919"><i class="fa fa-cart-plus" title="Ajouter à ma liste d'épicerie"></i><div></div></div></td><td><img class="storeItemImage" alt="sauce soja" src="/media/images/store_item/blank.jpg"></td><td>sauce soja</td><td class="not_printable sorting_1">condiments</td><td><img style="width:50%;" src="/media/images/logos/marchands/1.png" alt="Metro"></td><td><span itemprop="price">5,00 $</span><span itemprop="eligibleQuantity" itemscope="" itemtype="http://schema.org/QuantitativeValue">/<span itemprop="value">2</span>x<span itemprop="unitText">380mL</span></span></td><td>0,66 $/100mL</td><td style="display: none;">2020-02-26</td><td style="display: none;"></td><td style="display: none;">VH</td><td style="display: none;"></td><td style="display: none;"></td><td style="display: none;"></td><td style="display: none;"></td><td style="display: none;"></td><td style="display: none;"><a class="recipeLink" href="/recipe_ingredient_search_results.php?query=(_QU5E__1__________47__[]_1_1)&amp;sos_l=fr">Recettes avec sauce soja</a></td></tr><tr role="row" class="even"><td tabindex="0"><i class="fa fa-thumbs-down"></i></td><td class=" not_printable"><div class="addToGL" data-soscuisine-aisle="20" data-soscuisine-sip="3940697"><i class="fa fa-cart-plus" title="Ajouter à ma liste d'épicerie"></i><div></div></div></td><td><img class="storeItemImage" alt="sauce soja" src="/media/images/store_item/blank.jpg"></td><td>sauce soja</td><td class="not_printable sorting_1">condiments</td><td><img style="width:50%;" src="/media/images/logos/marchands/5.png" alt="Super C"></td><td><span itemprop="price">5,00 $</span><span itemprop="eligibleQuantity" itemscope="" itemtype="http://schema.org/QuantitativeValue">/<span itemprop="value">2</span>x<span itemprop="unitText">380mL</span></span></td><td>0,66 $/100mL</td><td style="display: none;">2020-02-26</td><td style="display: none;"></td><td style="display: none;">VH</td><td style="display: none;"></td><td style="display: none;"></td><td style="display: none;"></td><td style="display: none;"></td><td style="display: none;"></td><td style="display: none;"><a class="recipeLink" href="/recipe_ingredient_search_results.php?query=(_QU5E__1__________47__[]_1_1)&amp;sos_l=fr">Recettes avec sauce soja</a></td></tr><tr role="row" class="odd"><td tabindex="0"><i class="fa fa-thumbs-down"></i></td><td class=" not_printable"><div class="addToGL" data-soscuisine-aisle="20" data-soscuisine-sip="3935977"><i class="fa fa-cart-plus" title="Ajouter à ma liste d'épicerie"></i><div></div></div></td><td><img class="storeItemImage" alt="sauce soja" src="/media/images/store_item/blank.jpg"></td><td>sauce soja</td><td class="not_printable sorting_1">condiments</td><td><img style="width:50%;" src="/media/images/logos/marchands/62.png" alt="Supermarché PA"></td><td><span itemprop="price">2,99 $</span><span itemprop="eligibleQuantity" itemscope="" itemtype="http://schema.org/QuantitativeValue">/<span itemprop="unitText">296mL</span></span></td><td>1,01 $/100mL</td><td style="display: none;">2020-02-23</td><td style="display: none;"></td><td style="display: none;">Kikkoman</td><td style="display: none;"></td><td style="display: none;"></td><td style="display: none;"></td><td style="display: none;"></td><td style="display: none;"></td><td style="display: none;"><a class="recipeLink" href="/recipe_ingredient_search_results.php?query=(_QU5E__1__________47__[]_1_1)&amp;sos_l=fr">Recettes avec sauce soja</a></td></tr><tr role="row" class="even"><td tabindex="0"><i class="fas fa-exclamation"></i></td><td class=" not_printable"><div class="addToGL" data-soscuisine-aisle="20" data-soscuisine-sip="3938325"><i class="fa fa-cart-plus" title="Ajouter à ma liste d'épicerie"></i><div></div></div></td><td><img class="storeItemImage" alt="sauce Worcestershire" src="/media/images/store_item/blank.jpg"></td><td>sauce Worcestershire</td><td class="not_printable sorting_1">condiments</td><td><img style="width:50%;" src="/media/images/logos/marchands/2.png" alt="Provigo"></td><td><span itemprop="price">3,49 $</span><span itemprop="eligibleQuantity" itemscope="" itemtype="http://schema.org/QuantitativeValue">/<span itemprop="unitText">284mL</span></span></td><td>1,23 $/100mL</td><td style="display: none;">2020-02-26</td><td style="display: none;"></td><td style="display: none;">Lea &amp; Perrins</td><td style="display: none;"></td><td style="display: none;"></td><td style="display: none;"></td><td style="display: none;"></td><td style="display: none;"></td><td style="display: none;"><a class="recipeLink" href="/recipe_ingredient_search_results.php?query=(_QU5E__1__________42__[]_1_1)&amp;sos_l=fr">Recettes avec sauce Worcestershire</a></td></tr><tr role="row" class="odd"><td tabindex="0"><i class="fas fa-hand-rock"></i></td><td class=" not_printable"><div class="addToGL" data-soscuisine-aisle="20" data-soscuisine-sip="3938443"><i class="fa fa-cart-plus" title="Ajouter à ma liste d'épicerie"></i><div></div></div></td><td><img class="storeItemImage" alt="sel" src="/media/images/store_item/blank.jpg"></td><td>sel</td><td class="not_printable sorting_1">condiments</td><td><img style="width:50%;" src="/media/images/logos/marchands/7.png" alt="Intermarché (Saveurs intl.)"></td><td><span itemprop="price">1,50 $</span><span itemprop="eligibleQuantity" itemscope="" itemtype="http://schema.org/QuantitativeValue">/<span itemprop="unitText">1kg</span></span></td><td>1,50 $/kg</td><td style="display: none;">2020-02-26</td><td style="display: none;"></td><td style="display: none;">Windsor</td><td style="display: none;"></td><td style="display: none;"></td><td style="display: none;"></td><td style="display: none;"></td><td style="display: none;"></td><td style="display: none;"><a class="recipeLink" href="/recipe_ingredient_search_results.php?query=(_QU5E__1__________560__[]_1_1)&amp;sos_l=fr">Recettes avec sel</a></td></tr><tr role="row" class="even"><td tabindex="0"><i class="fas fa-hand-rock"></i></td><td class=" not_printable"><div class="addToGL" data-soscuisine-aisle="20" data-soscuisine-sip="3939031"><i class="fa fa-cart-plus" title="Ajouter à ma liste d'épicerie"></i><div></div></div></td><td><img class="storeItemImage" alt="sel" src="/media/images/store_item/blank.jpg"></td><td>sel</td><td class="not_printable sorting_1">condiments</td><td><img style="width:50%;" src="/media/images/logos/marchands/64.png" alt="Mourelatos"></td><td><span itemprop="price">0,89 $</span><span itemprop="eligibleQuantity" itemscope="" itemtype="http://schema.org/QuantitativeValue">/<span itemprop="unitText">750g</span></span></td><td>1,19 $/kg</td><td style="display: none;">2020-02-26</td><td style="display: none;"></td><td style="display: none;">Xion</td><td style="display: none;"></td><td style="display: none;">de mer</td><td style="display: none;"></td><td style="display: none;"></td><td style="display: none;">valable du 24 au 26 seulement</td><td style="display: none;"><a class="recipeLink" href="/recipe_ingredient_search_results.php?query=(_QU5E__1__________560__[]_1_1)&amp;sos_l=fr">Recettes avec sel</a></td></tr><tr role="row" class="odd"><td tabindex="0"><i class="fa fa-thumbs-up"></i><i class="fa fa-thumbs-up"></i></td><td class=" not_printable"><div class="addToGL" data-soscuisine-aisle="21" data-soscuisine-sip="3939101"><i class="fa fa-cart-plus" title="Ajouter à ma liste d'épicerie"></i><div></div></div></td><td><img class="storeItemImage" alt="amandes écalées" src="/media/images/store_item/blank.jpg"></td><td>amandes écalées</td><td class="not_printable sorting_1">noix &amp; fruits séchés</td><td><img style="width:50%;" src="/media/images/logos/marchands/63.png" alt="Marché Adonis"></td><td><span itemprop="price">5,99 $</span><span itemprop="eligibleQuantity" itemscope="" itemtype="http://schema.org/QuantitativeValue">/<span itemprop="unitText">454g (1lb)</span></span></td><td>1,32 $/100g</td><td style="display: none;">2020-02-26</td><td style="display: none;"></td><td style="display: none;">Cedar</td><td style="display: none;"></td><td style="display: none;"></td><td style="display: none;"></td><td style="display: none;"></td><td style="display: none;"></td><td style="display: none;"><a class="recipeLink" href="/recipe_ingredient_search_results.php?query=(_QU5E__1__________137__[]_1_1)&amp;sos_l=fr">Recettes avec amandes écalées</a></td></tr><tr role="row" class="even"><td tabindex="0"><i class="fa fa-thumbs-down"></i></td><td class=" not_printable"><div class="addToGL" data-soscuisine-aisle="21" data-soscuisine-sip="3937553"><i class="fa fa-cart-plus" title="Ajouter à ma liste d'épicerie"></i><div></div></div></td><td><img class="storeItemImage" alt="arachides/cacahuètes" src="/media/images/store_item/blank.jpg"></td><td>arachides/cacahuètes</td><td class="not_printable sorting_1">noix &amp; fruits séchés</td><td><img style="width:50%;" src="/media/images/logos/marchands/6.png" alt="Maxi"></td><td><span itemprop="price">2,00 $</span><span itemprop="eligibleQuantity" itemscope="" itemtype="http://schema.org/QuantitativeValue">/<span itemprop="unitText">300g</span></span></td><td>0,67 $/100g</td><td style="display: none;">2020-02-26</td><td style="display: none;"></td><td style="display: none;">Planters</td><td style="display: none;"></td><td style="display: none;"></td><td style="display: none;"></td><td style="display: none;">rôti(e)s</td><td style="display: none;"></td><td style="display: none;"><a class="recipeLink" href="/recipe_ingredient_search_results.php?query=(_QU5E__1__________138__[]_1_1)&amp;sos_l=fr">Recettes avec arachides/cacahuètes</a></td></tr><tr role="row" class="odd"><td tabindex="0"><i class="fas fa-hand-rock"></i></td><td class=" not_printable"><div class="addToGL" data-soscuisine-aisle="21" data-soscuisine-sip="3940959"><i class="fa fa-cart-plus" title="Ajouter à ma liste d'épicerie"></i><div></div></div></td><td><img class="storeItemImage" alt="arachides/cacahuètes" src="/media/images/store_item/blank.jpg"></td><td>arachides/cacahuètes</td><td class="not_printable sorting_1">noix &amp; fruits séchés</td><td><img style="width:50%;" src="/media/images/logos/marchands/12.png" alt="Richelieu"></td><td><span itemprop="price">4,49 $</span><span itemprop="eligibleQuantity" itemscope="" itemtype="http://schema.org/QuantitativeValue">/<span itemprop="unitText">700g</span></span></td><td>0,64 $/100g</td><td style="display: none;">2020-02-26</td><td style="display: none;"></td><td style="display: none;">marque maison</td><td style="display: none;"></td><td style="display: none;"></td><td style="display: none;"></td><td style="display: none;">rôti(e)s</td><td style="display: none;"></td><td style="display: none;"><a class="recipeLink" href="/recipe_ingredient_search_results.php?query=(_QU5E__1__________138__[]_1_1)&amp;sos_l=fr">Recettes avec arachides/cacahuètes</a></td></tr><tr role="row" class="even"><td tabindex="0"><i class="fa fa-thumbs-down"></i></td><td class=" not_printable"><div class="addToGL" data-soscuisine-aisle="21" data-soscuisine-sip="3939317"><i class="fa fa-cart-plus" title="Ajouter à ma liste d'épicerie"></i><div></div></div></td><td><img class="storeItemImage" alt="dattes" src="/media/images/store_item/blank.jpg"></td><td>dattes</td><td class="not_printable sorting_1">noix &amp; fruits séchés</td><td><img style="width:50%;" src="/media/images/logos/marchands/63.png" alt="Marché Adonis"></td><td><span itemprop="price">8,49 $</span><span itemprop="eligibleQuantity" itemscope="" itemtype="http://schema.org/QuantitativeValue">/<span itemprop="unitText">1kg</span></span></td><td>0,85 $/100g</td><td style="display: none;">2020-02-26</td><td style="display: none;"></td><td style="display: none;"></td><td style="display: none;"></td><td style="display: none;"></td><td style="display: none;"></td><td style="display: none;"></td><td style="display: none;">saoudiennes, Al Madinah</td><td style="display: none;"><a class="recipeLink" href="/recipe_ingredient_search_results.php?query=(_QU5E__1__________81__[]_1_1)&amp;sos_l=fr">Recettes avec dattes</a></td></tr><tr role="row" class="odd"><td tabindex="0"><i class="fa fa-thumbs-up"></i><i class="fa fa-thumbs-up"></i></td><td class=" not_printable"><div class="addToGL" data-soscuisine-aisle="21" data-soscuisine-sip="3937549"><i class="fa fa-cart-plus" title="Ajouter à ma liste d'épicerie"></i><div></div></div></td><td><img class="storeItemImage" alt="dattes" src="/media/images/store_item/blank.jpg"></td><td>dattes</td><td class="not_printable sorting_1">noix &amp; fruits séchés</td><td><img style="width:50%;" src="/media/images/logos/marchands/6.png" alt="Maxi"></td><td><span itemprop="price">2,00 $</span><span itemprop="eligibleQuantity" itemscope="" itemtype="http://schema.org/QuantitativeValue">/<span itemprop="unitText">500g</span></span></td><td>0,40 $/100g</td><td style="display: none;">2020-02-26</td><td style="display: none;"></td><td style="display: none;">Jaffa</td><td style="display: none;"></td><td style="display: none;"></td><td style="display: none;"></td><td style="display: none;">dénoyautées</td><td style="display: none;"></td><td style="display: none;"><a class="recipeLink" href="/recipe_ingredient_search_results.php?query=(_QU5E__1__________81__[]_1_1)&amp;sos_l=fr">Recettes avec dattes</a></td></tr><tr role="row" class="even"><td tabindex="0"><i class="fa fa-thumbs-down"></i></td><td class=" not_printable"><div class="addToGL" data-soscuisine-aisle="21" data-soscuisine-sip="3939065"><i class="fa fa-cart-plus" title="Ajouter à ma liste d'épicerie"></i><div></div></div></td><td><img class="storeItemImage" alt="dattes" src="/media/images/store_item/blank.jpg"></td><td>dattes</td><td class="not_printable sorting_1">noix &amp; fruits séchés</td><td><img style="width:50%;" src="/media/images/logos/marchands/64.png" alt="Mourelatos"></td><td><span itemprop="price">4,99 $</span><span itemprop="eligibleQuantity" itemscope="" itemtype="http://schema.org/QuantitativeValue">/<span itemprop="unitText">lb</span></span></td><td>1,10 $/100g</td><td style="display: none;">2020-02-25</td><td style="display: none;"></td><td style="display: none;"></td><td style="display: none;"></td><td style="display: none;">Medjool</td><td style="display: none;"></td><td style="display: none;"></td><td style="display: none;"></td><td style="display: none;"><a class="recipeLink" href="/recipe_ingredient_search_results.php?query=(_QU5E__1__________81__[]_1_1)&amp;sos_l=fr">Recettes avec dattes</a></td></tr><tr role="row" class="odd"><td tabindex="0"><i class="fas fa-hand-rock"></i></td><td class=" not_printable"><div class="addToGL" data-soscuisine-aisle="21" data-soscuisine-sip="3939323"><i class="fa fa-cart-plus" title="Ajouter à ma liste d'épicerie"></i><div></div></div></td><td><img class="storeItemImage" alt="figues séchées" src="/media/images/store_item/blank.jpg"></td><td>figues séchées</td><td class="not_printable sorting_1">noix &amp; fruits séchés</td><td><img style="width:50%;" src="/media/images/logos/marchands/63.png" alt="Marché Adonis"></td><td><span itemprop="price">8,49 $</span><span itemprop="eligibleQuantity" itemscope="" itemtype="http://schema.org/QuantitativeValue">/<span itemprop="unitText">1kg</span></span></td><td>0,85 $/100g</td><td style="display: none;">2020-02-26</td><td style="display: none;"></td><td style="display: none;"></td><td style="display: none;"></td><td style="display: none;"></td><td style="display: none;"></td><td style="display: none;"></td><td style="display: none;">Lerida</td><td style="display: none;"><a class="recipeLink" href="/recipe_ingredient_search_results.php?query=(_QU5E__1__________82__[]_1_1)&amp;sos_l=fr">Recettes avec figues séchées</a></td></tr><tr role="row" class="even"><td tabindex="0"><i class="fas fa-exclamation"></i></td><td class=" not_printable"><div class="addToGL" data-soscuisine-aisle="21" data-soscuisine-sip="3912949"><i class="fa fa-cart-plus" title="Ajouter à ma liste d'épicerie"></i><div></div></div></td><td><img class="storeItemImage" alt="graines de chanvre" src="/media/images/store_item/blank.jpg"></td><td>graines de chanvre</td><td class="not_printable sorting_1">noix &amp; fruits séchés</td><td><img style="width:50%;" src="/media/images/logos/marchands/94.png" alt="Avril"></td><td><span itemprop="price">13,99 $</span><span itemprop="eligibleQuantity" itemscope="" itemtype="http://schema.org/QuantitativeValue">/<span itemprop="unitText">500g</span></span></td><td>2,80 $/100g</td><td style="display: none;">2020-03-03</td><td style="display: none;"></td><td style="display: none;">Les Moissonneries du pays</td><td style="display: none;"></td><td style="display: none;"></td><td style="display: none;"></td><td style="display: none;"></td><td style="display: none;"></td><td style="display: none;"><a class="recipeLink" href="/recipe_ingredient_search_results.php?query=(_QU5E__1__________1269__[]_1_1)&amp;sos_l=fr">Recettes avec graines de chanvre</a></td></tr><tr role="row" class="odd"><td tabindex="0"><i class="fas fa-exclamation"></i></td><td class=" not_printable"><div class="addToGL" data-soscuisine-aisle="21" data-soscuisine-sip="3912947"><i class="fa fa-cart-plus" title="Ajouter à ma liste d'épicerie"></i><div></div></div></td><td><img class="storeItemImage" alt="graines de chanvre" src="/media/images/store_item/blank.jpg"></td><td>graines de chanvre</td><td class="not_printable sorting_1">noix &amp; fruits séchés</td><td><img style="width:50%;" src="/media/images/logos/marchands/94.png" alt="Avril"></td><td><span itemprop="price">3,99 $</span><span itemprop="eligibleQuantity" itemscope="" itemtype="http://schema.org/QuantitativeValue">/<span itemprop="unitText">100g</span></span></td><td>3,99 $/100g</td><td style="display: none;">2020-03-03</td><td style="display: none;"></td><td style="display: none;">Les Moissonneries du pays</td><td style="display: none;"></td><td style="display: none;"></td><td style="display: none;"></td><td style="display: none;"></td><td style="display: none;"></td><td style="display: none;"><a class="recipeLink" href="/recipe_ingredient_search_results.php?query=(_QU5E__1__________1269__[]_1_1)&amp;sos_l=fr">Recettes avec graines de chanvre</a></td></tr><tr role="row" class="even"><td tabindex="0"><i class="fas fa-exclamation"></i></td><td class=" not_printable"><div class="addToGL" data-soscuisine-aisle="21" data-soscuisine-sip="3937353"><i class="fa fa-cart-plus" title="Ajouter à ma liste d'épicerie"></i><div></div></div></td><td><img class="storeItemImage" alt="graines de chanvre" src="/media/images/store_item/blank.jpg"></td><td>graines de chanvre</td><td class="not_printable sorting_1">noix &amp; fruits séchés</td><td><img style="width:50%;" src="/media/images/logos/marchands/95.png" alt="Marchés Tau"></td><td><span itemprop="price">13,99 $</span><span itemprop="eligibleQuantity" itemscope="" itemtype="http://schema.org/QuantitativeValue">/<span itemprop="unitText">350g</span></span></td><td>4,00 $/100g</td><td style="display: none;">2020-03-29</td><td style="display: none;"></td><td style="display: none;">Planet Hemp</td><td style="display: none;"></td><td style="display: none;"></td><td style="display: none;">Bio</td><td style="display: none;"></td><td style="display: none;"></td><td style="display: none;"><a class="recipeLink" href="/recipe_ingredient_search_results.php?query=(_QU5E__1__________1269__[]_1_1)&amp;sos_l=fr">Recettes avec graines de chanvre</a></td></tr><tr role="row" class="odd"><td tabindex="0"><i class="fas fa-hand-rock"></i></td><td class=" not_printable"><div class="addToGL" data-soscuisine-aisle="21" data-soscuisine-sip="3939801"><i class="fa fa-cart-plus" title="Ajouter à ma liste d'épicerie"></i><div></div></div></td><td><img class="storeItemImage" alt="noix de cajou" src="/media/images/store_item/blank.jpg"></td><td>noix de cajou</td><td class="not_printable sorting_1">noix &amp; fruits séchés</td><td><img style="width:50%;" src="/media/images/logos/marchands/3.png" alt="IGA"></td><td><span itemprop="price">5,49 $</span><span itemprop="eligibleQuantity" itemscope="" itemtype="http://schema.org/QuantitativeValue">/<span itemprop="unitText">200g</span></span></td><td>2,74 $/100g</td><td style="display: none;">2020-02-26</td><td style="display: none;"></td><td style="display: none;">Planters</td><td style="display: none;"></td><td style="display: none;"></td><td style="display: none;"></td><td style="display: none;"></td><td style="display: none;"></td><td style="display: none;"><a class="recipeLink" href="/recipe_ingredient_search_results.php?query=(_QU5E__1__________140__[]_1_1)&amp;sos_l=fr">Recettes avec noix de cajou</a></td></tr><tr role="row" class="even"><td tabindex="0"><i class="fa fa-thumbs-down"></i></td><td class=" not_printable"><div class="addToGL" data-soscuisine-aisle="21" data-soscuisine-sip="3937677"><i class="fa fa-cart-plus" title="Ajouter à ma liste d'épicerie"></i><div></div></div></td><td><img class="storeItemImage" alt="noix de cajou" src="/media/images/store_item/blank.jpg"></td><td>noix de cajou</td><td class="not_printable sorting_1">noix &amp; fruits séchés</td><td><img style="width:50%;" src="/media/images/logos/marchands/1.png" alt="Metro"></td><td><span itemprop="price">8,99 $</span><span itemprop="eligibleQuantity" itemscope="" itemtype="http://schema.org/QuantitativeValue">/<span itemprop="unitText">195g</span></span></td><td>4,61 $/100g</td><td style="display: none;">2020-02-26</td><td style="display: none;"></td><td style="display: none;">Royal Nuts</td><td style="display: none;"></td><td style="display: none;"></td><td style="display: none;">Bio</td><td style="display: none;"></td><td style="display: none;"></td><td style="display: none;"><a class="recipeLink" href="/recipe_ingredient_search_results.php?query=(_QU5E__1__________140__[]_1_1)&amp;sos_l=fr">Recettes avec noix de cajou</a></td></tr><tr role="row" class="odd"><td tabindex="0"><i class="fa fa-thumbs-up"></i><i class="fa fa-thumbs-up"></i></td><td class=" not_printable"><div class="addToGL" data-soscuisine-aisle="21" data-soscuisine-sip="3936009"><i class="fa fa-cart-plus" title="Ajouter à ma liste d'épicerie"></i><div></div></div></td><td><img class="storeItemImage" alt="noix de cajou" src="/media/images/store_item/blank.jpg"></td><td>noix de cajou</td><td class="not_printable sorting_1">noix &amp; fruits séchés</td><td><img style="width:50%;" src="/media/images/logos/marchands/62.png" alt="Supermarché PA"></td><td><span itemprop="price">6,99 $</span><span itemprop="eligibleQuantity" itemscope="" itemtype="http://schema.org/QuantitativeValue">/<span itemprop="unitText">lb</span></span></td><td>1,54 $/100g</td><td style="display: none;">2020-02-23</td><td style="display: none;"></td><td style="display: none;"></td><td style="display: none;"></td><td style="display: none;"></td><td style="display: none;"></td><td style="display: none;"></td><td style="display: none;"></td><td style="display: none;"><a class="recipeLink" href="/recipe_ingredient_search_results.php?query=(_QU5E__1__________140__[]_1_1)&amp;sos_l=fr">Recettes avec noix de cajou</a></td></tr><tr role="row" class="even"><td tabindex="0"><i class="fa fa-thumbs-up"></i><i class="fa fa-thumbs-up"></i></td><td class=" not_printable"><div class="addToGL" data-soscuisine-aisle="21" data-soscuisine-sip="3936013"><i class="fa fa-cart-plus" title="Ajouter à ma liste d'épicerie"></i><div></div></div></td><td><img class="storeItemImage" alt="noix de cajou" src="/media/images/store_item/blank.jpg"></td><td>noix de cajou</td><td class="not_printable sorting_1">noix &amp; fruits séchés</td><td><img style="width:50%;" src="/media/images/logos/marchands/62.png" alt="Supermarché PA"></td><td><span itemprop="price">4,29 $</span><span itemprop="eligibleQuantity" itemscope="" itemtype="http://schema.org/QuantitativeValue">/<span itemprop="unitText">275g</span></span></td><td>1,56 $/100g</td><td style="display: none;">2020-02-23</td><td style="display: none;"></td><td style="display: none;"></td><td style="display: none;"></td><td style="display: none;"></td><td style="display: none;"></td><td style="display: none;"></td><td style="display: none;"></td><td style="display: none;"><a class="recipeLink" href="/recipe_ingredient_search_results.php?query=(_QU5E__1__________140__[]_1_1)&amp;sos_l=fr">Recettes avec noix de cajou</a></td></tr><tr role="row" class="odd"><td tabindex="0"><i class="fa fa-thumbs-down"></i></td><td class=" not_printable"><div class="addToGL" data-soscuisine-aisle="21" data-soscuisine-sip="3937681"><i class="fa fa-cart-plus" title="Ajouter à ma liste d'épicerie"></i><div></div></div></td><td><img class="storeItemImage" alt="noix de Grenoble" src="/media/images/store_item/blank.jpg"></td><td>noix de Grenoble</td><td class="not_printable sorting_1">noix &amp; fruits séchés</td><td><img style="width:50%;" src="/media/images/logos/marchands/1.png" alt="Metro"></td><td><span itemprop="price">8,99 $</span><span itemprop="eligibleQuantity" itemscope="" itemtype="http://schema.org/QuantitativeValue">/<span itemprop="unitText">140g</span></span></td><td>6,42 $/100g</td><td style="display: none;">2020-02-26</td><td style="display: none;"></td><td style="display: none;">Royal Nuts</td><td style="display: none;"></td><td style="display: none;"></td><td style="display: none;">Bio</td><td style="display: none;"></td><td style="display: none;"></td><td style="display: none;"><a class="recipeLink" href="/recipe_ingredient_search_results.php?query=(_QU5E__1__________139__[]_1_1)&amp;sos_l=fr">Recettes avec noix de Grenoble</a></td></tr><tr role="row" class="even"><td tabindex="0"><i class="fas fa-exclamation"></i></td><td class=" not_printable"><div class="addToGL" data-soscuisine-aisle="21" data-soscuisine-sip="3939151"><i class="fa fa-cart-plus" title="Ajouter à ma liste d'épicerie"></i><div></div></div></td><td><img class="storeItemImage" alt="noix du Brésil" src="/media/images/store_item/blank.jpg"></td><td>noix du Brésil</td><td class="not_printable sorting_1">noix &amp; fruits séchés</td><td><img style="width:50%;" src="/media/images/logos/marchands/63.png" alt="Marché Adonis"></td><td><span itemprop="price">9,99 $</span><span itemprop="eligibleQuantity" itemscope="" itemtype="http://schema.org/QuantitativeValue">/<span itemprop="unitText">lb</span></span></td><td>2,20 $/100g</td><td style="display: none;">2020-02-26</td><td style="display: none;"></td><td style="display: none;"></td><td style="display: none;"></td><td style="display: none;"></td><td style="display: none;"></td><td style="display: none;"></td><td style="display: none;">rôtis</td><td style="display: none;"><a class="recipeLink" href="/recipe_ingredient_search_results.php?query=(_QU5E__1__________142__[]_1_1)&amp;sos_l=fr">Recettes avec noix du Brésil</a></td></tr><tr role="row" class="odd"><td tabindex="0"><i class="fas fa-exclamation"></i></td><td class=" not_printable"><div class="addToGL" data-soscuisine-aisle="21" data-soscuisine-sip="3937631"><i class="fa fa-cart-plus" title="Ajouter à ma liste d'épicerie"></i><div></div></div></td><td><img class="storeItemImage" alt="pistaches écalées" src="/media/images/store_item/blank.jpg"></td><td>pistaches écalées</td><td class="not_printable sorting_1">noix &amp; fruits séchés</td><td><img style="width:50%;" src="/media/images/logos/marchands/1.png" alt="Metro"></td><td><span itemprop="price">8,99 $</span><span itemprop="eligibleQuantity" itemscope="" itemtype="http://schema.org/QuantitativeValue">/171g</span></td><td>5,26 $/100g</td><td style="display: none;">2020-02-26</td><td style="display: none;"></td><td style="display: none;">Wonderful</td><td style="display: none;"></td><td style="display: none;"></td><td style="display: none;"></td><td style="display: none;"></td><td style="display: none;"></td><td style="display: none;"><a class="recipeLink" href="/recipe_ingredient_search_results.php?query=(_QU5E__1__________143__[]_1_1)&amp;sos_l=fr">Recettes avec pistaches écalées</a></td></tr><tr role="row" class="even"><td tabindex="0"><i class="fa fa-thumbs-up"></i><i class="fa fa-thumbs-up"></i></td><td class=" not_printable"><div class="addToGL" data-soscuisine-aisle="23" data-soscuisine-sip="3937817"><i class="fa fa-cart-plus" title="Ajouter à ma liste d'épicerie"></i><div></div></div></td><td><img class="storeItemImage" alt="ananas en conserve" src="/media/images/store_item/blank.jpg"></td><td>ananas en conserve</td><td class="not_printable sorting_1">conserves</td><td><img style="width:50%;" src="/media/images/logos/marchands/1.png" alt="Metro"></td><td><span itemprop="price">3,00 $</span><span itemprop="eligibleQuantity" itemscope="" itemtype="http://schema.org/QuantitativeValue">/<span itemprop="value">2</span>x<span itemprop="unitText">540mL</span></span></td><td>0,24 $/100g</td><td style="display: none;">2020-02-26</td><td style="display: none;"></td><td style="display: none;">marque maison</td><td style="display: none;"></td><td style="display: none;"></td><td style="display: none;"></td><td style="display: none;"></td><td style="display: none;"></td><td style="display: none;"><a class="recipeLink" href="/recipe_ingredient_search_results.php?query=(_QU5E__1__________459__[]_1_1)&amp;sos_l=fr">Recettes avec ananas en conserve</a></td></tr><tr role="row" class="odd"><td tabindex="0"><i class="fa fa-thumbs-up"></i></td><td class=" not_printable"><div class="addToGL" data-soscuisine-aisle="23" data-soscuisine-sip="3940935"><i class="fa fa-cart-plus" title="Ajouter à ma liste d'épicerie"></i><div></div></div></td><td><img class="storeItemImage" alt="ananas en conserve" src="/media/images/store_item/blank.jpg"></td><td>ananas en conserve</td><td class="not_printable sorting_1">conserves</td><td><img style="width:50%;" src="/media/images/logos/marchands/12.png" alt="Richelieu"></td><td><span itemprop="price">3,00 $</span><span itemprop="eligibleQuantity" itemscope="" itemtype="http://schema.org/QuantitativeValue">/<span itemprop="value">2</span>x<span itemprop="unitText">398mL</span></span></td><td>0,32 $/100g</td><td style="display: none;">2020-02-26</td><td style="display: none;"></td><td style="display: none;">Dole</td><td style="display: none;"></td><td style="display: none;"></td><td style="display: none;"></td><td style="display: none;"></td><td style="display: none;"></td><td style="display: none;"><a class="recipeLink" href="/recipe_ingredient_search_results.php?query=(_QU5E__1__________459__[]_1_1)&amp;sos_l=fr">Recettes avec ananas en conserve</a></td></tr><tr role="row" class="even"><td tabindex="0"><i class="fas fa-hand-rock"></i></td><td class=" not_printable"><div class="addToGL" data-soscuisine-aisle="23" data-soscuisine-sip="3937879"><i class="fa fa-cart-plus" title="Ajouter à ma liste d'épicerie"></i><div></div></div></td><td><img class="storeItemImage" alt="coeurs d'artichauts, conserve" src="/media/images/store_item/blank.jpg"></td><td>coeurs d'artichauts, conserve</td><td class="not_printable sorting_1">conserves</td><td><img style="width:50%;" src="/media/images/logos/marchands/1.png" alt="Metro"></td><td><span itemprop="price">3,00 $</span><span itemprop="eligibleQuantity" itemscope="" itemtype="http://schema.org/QuantitativeValue">/<span itemprop="unitText">398mL</span></span></td><td>0,75 $/100mL</td><td style="display: none;">2020-02-26</td><td style="display: none;"></td><td style="display: none;">marque maison</td><td style="display: none;"></td><td style="display: none;"></td><td style="display: none;"></td><td style="display: none;"></td><td style="display: none;"></td><td style="display: none;"><a class="recipeLink" href="/recipe_ingredient_search_results.php?query=(_QU5E__1__________619__[]_1_1)&amp;sos_l=fr">Recettes avec coeurs d'artichauts, conserve</a></td></tr><tr role="row" class="odd"><td tabindex="0"><i class="fas fa-hand-rock"></i></td><td class=" not_printable"><div class="addToGL" data-soscuisine-aisle="23" data-soscuisine-sip="3937877"><i class="fa fa-cart-plus" title="Ajouter à ma liste d'épicerie"></i><div></div></div></td><td><img class="storeItemImage" alt="coeurs de palmier, conserve" src="/media/images/store_item/blank.jpg"></td><td>coeurs de palmier, conserve</td><td class="not_printable sorting_1">conserves</td><td><img style="width:50%;" src="/media/images/logos/marchands/1.png" alt="Metro"></td><td><span itemprop="price">3,00 $</span><span itemprop="eligibleQuantity" itemscope="" itemtype="http://schema.org/QuantitativeValue">/<span itemprop="unitText">398mL</span></span></td><td>0,75 $/100mL</td><td style="display: none;">2020-02-26</td><td style="display: none;"></td><td style="display: none;">marque maison</td><td style="display: none;"></td><td style="display: none;"></td><td style="display: none;"></td><td style="display: none;"></td><td style="display: none;"></td><td style="display: none;"><a class="recipeLink" href="/recipe_ingredient_search_results.php?query=(_QU5E__1__________626__[]_1_1)&amp;sos_l=fr">Recettes avec coeurs de palmier, conserve</a></td></tr><tr role="row" class="even"><td tabindex="0"><i class="fas fa-hand-rock"></i></td><td class=" not_printable"><div class="addToGL" data-soscuisine-aisle="23" data-soscuisine-sip="3938449"><i class="fa fa-cart-plus" title="Ajouter à ma liste d'épicerie"></i><div></div></div></td><td><img class="storeItemImage" alt="coulis de tomates" src="/media/images/store_item/blank.jpg"></td><td>coulis de tomates</td><td class="not_printable sorting_1">conserves</td><td><img style="width:50%;" src="/media/images/logos/marchands/7.png" alt="Intermarché (Saveurs intl.)"></td><td><span itemprop="price">1,25 $</span><span itemprop="eligibleQuantity" itemscope="" itemtype="http://schema.org/QuantitativeValue">/<span itemprop="unitText">660mL</span></span></td><td>1,89 $/L</td><td style="display: none;">2020-02-26</td><td style="display: none;"></td><td style="display: none;">Aurora</td><td style="display: none;"></td><td style="display: none;"></td><td style="display: none;"></td><td style="display: none;"></td><td style="display: none;"></td><td style="display: none;"><a class="recipeLink" href="/recipe_ingredient_search_results.php?query=(_QU5E__1__________295__[]_1_1)&amp;sos_l=fr">Recettes avec coulis de tomates</a></td></tr><tr role="row" class="odd"><td tabindex="0"><i class="fas fa-hand-rock"></i></td><td class=" not_printable"><div class="addToGL" data-soscuisine-aisle="23" data-soscuisine-sip="3937539"><i class="fa fa-cart-plus" title="Ajouter à ma liste d'épicerie"></i><div></div></div></td><td><img class="storeItemImage" alt="coulis de tomates" src="/media/images/store_item/blank.jpg"></td><td>coulis de tomates</td><td class="not_printable sorting_1">conserves</td><td><img style="width:50%;" src="/media/images/logos/marchands/6.png" alt="Maxi"></td><td><span itemprop="price">1,00 $</span><span itemprop="eligibleQuantity" itemscope="" itemtype="http://schema.org/QuantitativeValue">/<span itemprop="unitText">680mL</span></span></td><td>1,47 $/L</td><td style="display: none;">2020-02-26</td><td style="display: none;"></td><td style="display: none;">Molisana</td><td style="display: none;"></td><td style="display: none;"></td><td style="display: none;"></td><td style="display: none;"></td><td style="display: none;"></td><td style="display: none;"><a class="recipeLink" href="/recipe_ingredient_search_results.php?query=(_QU5E__1__________295__[]_1_1)&amp;sos_l=fr">Recettes avec coulis de tomates</a></td></tr><tr role="row" class="even"><td tabindex="0"><i class="fa fa-thumbs-down"></i></td><td class=" not_printable"><div class="addToGL" data-soscuisine-aisle="23" data-soscuisine-sip="3939793"><i class="fa fa-cart-plus" title="Ajouter à ma liste d'épicerie"></i><div></div></div></td><td><img class="storeItemImage" alt="eau de noix de coco" src="/media/images/store_item/blank.jpg"></td><td>eau de noix de coco</td><td class="not_printable sorting_1">conserves</td><td><img style="width:50%;" src="/media/images/logos/marchands/3.png" alt="IGA"></td><td><span itemprop="price">4,99 $</span><span itemprop="eligibleQuantity" itemscope="" itemtype="http://schema.org/QuantitativeValue">/<span itemprop="unitText">1L</span></span></td><td>4,99 $/L</td><td style="display: none;">2020-02-26</td><td style="display: none;"></td><td style="display: none;">Thirsty Buddha</td><td style="display: none;"></td><td style="display: none;">bio</td><td style="display: none;"></td><td style="display: none;"></td><td style="display: none;"></td><td style="display: none;"><a class="recipeLink" href="/recipe_ingredient_search_results.php?query=(_QU5E__1__________1141__[]_1_1)&amp;sos_l=fr">Recettes avec eau de noix de coco</a></td></tr><tr role="row" class="odd"><td tabindex="0"><i class="fa fa-thumbs-up"></i><i class="fa fa-thumbs-up"></i></td><td class=" not_printable"><div class="addToGL" data-soscuisine-aisle="23" data-soscuisine-sip="3938731"><i class="fa fa-cart-plus" title="Ajouter à ma liste d'épicerie"></i><div></div></div></td><td><img class="storeItemImage" alt="eau de noix de coco" src="/media/images/store_item/blank.jpg"></td><td>eau de noix de coco</td><td class="not_printable sorting_1">conserves</td><td><img style="width:50%;" src="/media/images/logos/marchands/69.png" alt="Intermarché (Provincial)"></td><td><span itemprop="price">2,99 $</span><span itemprop="eligibleQuantity" itemscope="" itemtype="http://schema.org/QuantitativeValue">/<span itemprop="unitText">1L</span></span></td><td>2,99 $/L</td><td style="display: none;">2020-02-26</td><td style="display: none;"></td><td style="display: none;"></td><td style="display: none;"></td><td style="display: none;"></td><td style="display: none;"></td><td style="display: none;"></td><td style="display: none;">UFC</td><td style="display: none;"><a class="recipeLink" href="/recipe_ingredient_search_results.php?query=(_QU5E__1__________1141__[]_1_1)&amp;sos_l=fr">Recettes avec eau de noix de coco</a></td></tr><tr role="row" class="even"><td tabindex="0"><i class="fa fa-thumbs-down"></i></td><td class=" not_printable"><div class="addToGL" data-soscuisine-aisle="23" data-soscuisine-sip="3938725"><i class="fa fa-cart-plus" title="Ajouter à ma liste d'épicerie"></i><div></div></div></td><td><img class="storeItemImage" alt="eau de noix de coco" src="/media/images/store_item/blank.jpg"></td><td>eau de noix de coco</td><td class="not_printable sorting_1">conserves</td><td><img style="width:50%;" src="/media/images/logos/marchands/69.png" alt="Intermarché (Provincial)"></td><td><span itemprop="price">5,99 $</span><span itemprop="eligibleQuantity" itemscope="" itemtype="http://schema.org/QuantitativeValue">/<span itemprop="unitText">1L</span></span></td><td>5,99 $/L</td><td style="display: none;">2020-02-26</td><td style="display: none;"></td><td style="display: none;">Vita Coco</td><td style="display: none;"></td><td style="display: none;"></td><td style="display: none;"></td><td style="display: none;"></td><td style="display: none;"></td><td style="display: none;"><a class="recipeLink" href="/recipe_ingredient_search_results.php?query=(_QU5E__1__________1141__[]_1_1)&amp;sos_l=fr">Recettes avec eau de noix de coco</a></td></tr><tr role="row" class="odd"><td tabindex="0"><i class="fa fa-thumbs-down"></i></td><td class=" not_printable"><div class="addToGL" data-soscuisine-aisle="23" data-soscuisine-sip="3938357"><i class="fa fa-cart-plus" title="Ajouter à ma liste d'épicerie"></i><div></div></div></td><td><img class="storeItemImage" alt="eau de noix de coco" src="/media/images/store_item/blank.jpg"></td><td>eau de noix de coco</td><td class="not_printable sorting_1">conserves</td><td><img style="width:50%;" src="/media/images/logos/marchands/7.png" alt="Intermarché (Saveurs intl.)"></td><td><span itemprop="price">5,99 $</span><span itemprop="eligibleQuantity" itemscope="" itemtype="http://schema.org/QuantitativeValue">/<span itemprop="unitText">1L</span></span></td><td>5,99 $/L</td><td style="display: none;">2020-02-26</td><td style="display: none;"></td><td style="display: none;">Vita Coco</td><td style="display: none;"></td><td style="display: none;"></td><td style="display: none;"></td><td style="display: none;"></td><td style="display: none;"></td><td style="display: none;"><a class="recipeLink" href="/recipe_ingredient_search_results.php?query=(_QU5E__1__________1141__[]_1_1)&amp;sos_l=fr">Recettes avec eau de noix de coco</a></td></tr><tr role="row" class="even"><td tabindex="0"><i class="fa fa-thumbs-down"></i></td><td class=" not_printable"><div class="addToGL" data-soscuisine-aisle="23" data-soscuisine-sip="3938733"><i class="fa fa-cart-plus" title="Ajouter à ma liste d'épicerie"></i><div></div></div></td><td><img class="storeItemImage" alt="fèves mélangées (en conserve)" src="/media/images/store_item/blank.jpg"></td><td>fèves mélangées (en conserve)</td><td class="not_printable sorting_1">conserves</td><td><img style="width:50%;" src="/media/images/logos/marchands/69.png" alt="Intermarché (Provincial)"></td><td><span itemprop="price">2,00 $</span><span itemprop="eligibleQuantity" itemscope="" itemtype="http://schema.org/QuantitativeValue">/<span itemprop="unitText">540mL</span></span></td><td>3,70 $/L</td><td style="display: none;">2020-02-26</td><td style="display: none;"></td><td style="display: none;">marque maison</td><td style="display: none;"></td><td style="display: none;"></td><td style="display: none;">Bio</td><td style="display: none;"></td><td style="display: none;"></td><td style="display: none;"><a class="recipeLink" href="/recipe_ingredient_search_results.php?query=(_QU5E__1__________313__[]_1_1)&amp;sos_l=fr">Recettes avec fèves mélangées (en conserve)</a></td></tr><tr role="row" class="odd"><td tabindex="0"><i class="fa fa-thumbs-down"></i></td><td class=" not_printable"><div class="addToGL" data-soscuisine-aisle="23" data-soscuisine-sip="3938469"><i class="fa fa-cart-plus" title="Ajouter à ma liste d'épicerie"></i><div></div></div></td><td><img class="storeItemImage" alt="fèves mélangées (en conserve)" src="/media/images/store_item/blank.jpg"></td><td>fèves mélangées (en conserve)</td><td class="not_printable sorting_1">conserves</td><td><img style="width:50%;" src="/media/images/logos/marchands/7.png" alt="Intermarché (Saveurs intl.)"></td><td><span itemprop="price">2,00 $</span><span itemprop="eligibleQuantity" itemscope="" itemtype="http://schema.org/QuantitativeValue">/<span itemprop="unitText">540mL</span></span></td><td>3,70 $/L</td><td style="display: none;">2020-02-26</td><td style="display: none;"></td><td style="display: none;">marque maison</td><td style="display: none;"></td><td style="display: none;"></td><td style="display: none;">Bio</td><td style="display: none;"></td><td style="display: none;"></td><td style="display: none;"><a class="recipeLink" href="/recipe_ingredient_search_results.php?query=(_QU5E__1__________313__[]_1_1)&amp;sos_l=fr">Recettes avec fèves mélangées (en conserve)</a></td></tr><tr role="row" class="even"><td tabindex="0"><i class="fa fa-thumbs-up"></i></td><td class=" not_printable"><div class="addToGL" data-soscuisine-aisle="23" data-soscuisine-sip="3939825"><i class="fa fa-cart-plus" title="Ajouter à ma liste d'épicerie"></i><div></div></div></td><td><img class="storeItemImage" alt="haricots rouges (en conserve)" src="/media/images/store_item/blank.jpg"></td><td>haricots rouges (en conserve)</td><td class="not_printable sorting_1">conserves</td><td><img style="width:50%;" src="/media/images/logos/marchands/3.png" alt="IGA"></td><td><span itemprop="price">0,99 $</span><span itemprop="eligibleQuantity" itemscope="" itemtype="http://schema.org/QuantitativeValue">/<span itemprop="unitText">540mL</span></span></td><td>1,83 $/L</td><td style="display: none;">2020-02-26</td><td style="display: none;"></td><td style="display: none;">marque maison</td><td style="display: none;"></td><td style="display: none;"></td><td style="display: none;"></td><td style="display: none;"></td><td style="display: none;"></td><td style="display: none;"><a class="recipeLink" href="/recipe_ingredient_search_results.php?query=(_QU5E__1__________432__[]_1_1)&amp;sos_l=fr">Recettes avec haricots rouges (en conserve)</a></td></tr><tr role="row" class="odd"><td tabindex="0"><i class="fa fa-thumbs-up"></i></td><td class=" not_printable"><div class="addToGL" data-soscuisine-aisle="23" data-soscuisine-sip="3938583"><i class="fa fa-cart-plus" title="Ajouter à ma liste d'épicerie"></i><div></div></div></td><td><img class="storeItemImage" alt="haricots rouges (en conserve)" src="/media/images/store_item/blank.jpg"></td><td>haricots rouges (en conserve)</td><td class="not_printable sorting_1">conserves</td><td><img style="width:50%;" src="/media/images/logos/marchands/69.png" alt="Intermarché (Provincial)"></td><td><span itemprop="price">1,00 $</span><span itemprop="eligibleQuantity" itemscope="" itemtype="http://schema.org/QuantitativeValue">/<span itemprop="unitText">540mL</span></span></td><td>1,85 $/L</td><td style="display: none;">2020-02-26</td><td style="display: none;"></td><td style="display: none;">Unico</td><td style="display: none;"></td><td style="display: none;"></td><td style="display: none;"></td><td style="display: none;"></td><td style="display: none;"></td><td style="display: none;"><a class="recipeLink" href="/recipe_ingredient_search_results.php?query=(_QU5E__1__________432__[]_1_1)&amp;sos_l=fr">Recettes avec haricots rouges (en conserve)</a></td></tr><tr role="row" class="even"><td tabindex="0"><i class="fa fa-thumbs-up"></i></td><td class=" not_printable"><div class="addToGL" data-soscuisine-aisle="23" data-soscuisine-sip="3938093"><i class="fa fa-cart-plus" title="Ajouter à ma liste d'épicerie"></i><div></div></div></td><td><img class="storeItemImage" alt="haricots rouges (en conserve)" src="/media/images/store_item/blank.jpg"></td><td>haricots rouges (en conserve)</td><td class="not_printable sorting_1">conserves</td><td><img style="width:50%;" src="/media/images/logos/marchands/7.png" alt="Intermarché (Saveurs intl.)"></td><td><span itemprop="price">1,00 $</span><span itemprop="eligibleQuantity" itemscope="" itemtype="http://schema.org/QuantitativeValue">/<span itemprop="unitText">540mL</span></span></td><td>1,85 $/L</td><td style="display: none;">2020-02-26</td><td style="display: none;"></td><td style="display: none;">Unico</td><td style="display: none;"></td><td style="display: none;"></td><td style="display: none;"></td><td style="display: none;"></td><td style="display: none;"></td><td style="display: none;"><a class="recipeLink" href="/recipe_ingredient_search_results.php?query=(_QU5E__1__________432__[]_1_1)&amp;sos_l=fr">Recettes avec haricots rouges (en conserve)</a></td></tr><tr role="row" class="odd"><td tabindex="0"><i class="fa fa-thumbs-up"></i><i class="fa fa-thumbs-up"></i></td><td class=" not_printable"><div class="addToGL" data-soscuisine-aisle="23" data-soscuisine-sip="3939267"><i class="fa fa-cart-plus" title="Ajouter à ma liste d'épicerie"></i><div></div></div></td><td><img class="storeItemImage" alt="haricots rouges (en conserve)" src="/media/images/store_item/blank.jpg"></td><td>haricots rouges (en conserve)</td><td class="not_printable sorting_1">conserves</td><td><img style="width:50%;" src="/media/images/logos/marchands/63.png" alt="Marché Adonis"></td><td><span itemprop="price">0,79 $</span><span itemprop="eligibleQuantity" itemscope="" itemtype="http://schema.org/QuantitativeValue">/<span itemprop="unitText">540mL</span></span></td><td>1,46 $/L</td><td style="display: none;">2020-02-26</td><td style="display: none;"></td><td style="display: none;">Cedar</td><td style="display: none;"></td><td style="display: none;"></td><td style="display: none;"></td><td style="display: none;"></td><td style="display: none;"></td><td style="display: none;"><a class="recipeLink" href="/recipe_ingredient_search_results.php?query=(_QU5E__1__________432__[]_1_1)&amp;sos_l=fr">Recettes avec haricots rouges (en conserve)</a></td></tr><tr role="row" class="even"><td tabindex="0"><i class="fa fa-thumbs-down"></i></td><td class=" not_printable"><div class="addToGL" data-soscuisine-aisle="23" data-soscuisine-sip="3939737"><i class="fa fa-cart-plus" title="Ajouter à ma liste d'épicerie"></i><div></div></div></td><td><img class="storeItemImage" alt="jus de tomate" src="/media/images/store_item/blank.jpg"></td><td>jus de tomate</td><td class="not_printable sorting_1">conserves</td><td><img style="width:50%;" src="/media/images/logos/marchands/10.png" alt="Bonichoix "></td><td><span itemprop="price">5,00 $</span><span itemprop="eligibleQuantity" itemscope="" itemtype="http://schema.org/QuantitativeValue">/<span itemprop="value">4</span>x<span itemprop="unitText">540mL</span></span></td><td>2,31 $/L</td><td style="display: none;">2020-02-26</td><td style="display: none;"></td><td style="display: none;">Heinz</td><td style="display: none;"></td><td style="display: none;"></td><td style="display: none;"></td><td style="display: none;"></td><td style="display: none;"></td><td style="display: none;"><a class="recipeLink" href="/recipe_ingredient_search_results.php?query=(_QU5E__1__________586__[]_1_1)&amp;sos_l=fr">Recettes avec jus de tomate</a></td></tr><tr role="row" class="odd"><td tabindex="0"><i class="fa fa-thumbs-down"></i></td><td class=" not_printable"><div class="addToGL" data-soscuisine-aisle="23" data-soscuisine-sip="3940839"><i class="fa fa-cart-plus" title="Ajouter à ma liste d'épicerie"></i><div></div></div></td><td><img class="storeItemImage" alt="jus de tomate" src="/media/images/store_item/blank.jpg"></td><td>jus de tomate</td><td class="not_printable sorting_1">conserves</td><td><img style="width:50%;" src="/media/images/logos/marchands/11.png" alt="Tradition"></td><td><span itemprop="price">5,00 $</span><span itemprop="eligibleQuantity" itemscope="" itemtype="http://schema.org/QuantitativeValue">/<span itemprop="value">4</span>x<span itemprop="unitText">540mL</span></span></td><td>2,31 $/L</td><td style="display: none;">2020-02-26</td><td style="display: none;"></td><td style="display: none;">Heinz</td><td style="display: none;"></td><td style="display: none;"></td><td style="display: none;"></td><td style="display: none;"></td><td style="display: none;"></td><td style="display: none;"><a class="recipeLink" href="/recipe_ingredient_search_results.php?query=(_QU5E__1__________586__[]_1_1)&amp;sos_l=fr">Recettes avec jus de tomate</a></td></tr><tr role="row" class="even"><td tabindex="0"><i class="fa fa-thumbs-up"></i><i class="fa fa-thumbs-up"></i></td><td class=" not_printable"><div class="addToGL" data-soscuisine-aisle="23" data-soscuisine-sip="3939819"><i class="fa fa-cart-plus" title="Ajouter à ma liste d'épicerie"></i><div></div></div></td><td><img class="storeItemImage" alt="légumineuses en conserve" src="/media/images/store_item/blank.jpg"></td><td>légumineuses en conserve</td><td class="not_printable sorting_1">conserves</td><td><img style="width:50%;" src="/media/images/logos/marchands/3.png" alt="IGA"></td><td><span itemprop="price">0,99 $</span><span itemprop="eligibleQuantity" itemscope="" itemtype="http://schema.org/QuantitativeValue">/<span itemprop="unitText">540mL</span></span></td><td>1,83 $/L</td><td style="display: none;">2020-02-26</td><td style="display: none;"></td><td style="display: none;">marque maison</td><td style="display: none;"></td><td style="display: none;"></td><td style="display: none;"></td><td style="display: none;"></td><td style="display: none;"></td><td style="display: none;"><a class="recipeLink" href="/recipe_ingredient_search_results.php?query=(_QU5E__1__________593__[]_1_1)&amp;sos_l=fr">Recettes avec légumineuses en conserve</a></td></tr><tr role="row" class="odd"><td tabindex="0"><i class="fa fa-thumbs-up"></i></td><td class=" not_printable"><div class="addToGL" data-soscuisine-aisle="23" data-soscuisine-sip="3938585"><i class="fa fa-cart-plus" title="Ajouter à ma liste d'épicerie"></i><div></div></div></td><td><img class="storeItemImage" alt="légumineuses en conserve" src="/media/images/store_item/blank.jpg"></td><td>légumineuses en conserve</td><td class="not_printable sorting_1">conserves</td><td><img style="width:50%;" src="/media/images/logos/marchands/69.png" alt="Intermarché (Provincial)"></td><td><span itemprop="price">1,00 $</span><span itemprop="eligibleQuantity" itemscope="" itemtype="http://schema.org/QuantitativeValue">/<span itemprop="unitText">540mL</span></span></td><td>1,85 $/L</td><td style="display: none;">2020-02-26</td><td style="display: none;"></td><td style="display: none;">Unico</td><td style="display: none;"></td><td style="display: none;">haricots</td><td style="display: none;"></td><td style="display: none;"></td><td style="display: none;"></td><td style="display: none;"><a class="recipeLink" href="/recipe_ingredient_search_results.php?query=(_QU5E__1__________593__[]_1_1)&amp;sos_l=fr">Recettes avec légumineuses en conserve</a></td></tr><tr role="row" class="even"><td tabindex="0"><i class="fas fa-hand-rock"></i></td><td class=" not_printable"><div class="addToGL" data-soscuisine-aisle="23" data-soscuisine-sip="3938735"><i class="fa fa-cart-plus" title="Ajouter à ma liste d'épicerie"></i><div></div></div></td><td><img class="storeItemImage" alt="légumineuses en conserve" src="/media/images/store_item/blank.jpg"></td><td>légumineuses en conserve</td><td class="not_printable sorting_1">conserves</td><td><img style="width:50%;" src="/media/images/logos/marchands/69.png" alt="Intermarché (Provincial)"></td><td><span itemprop="price">2,00 $</span><span itemprop="eligibleQuantity" itemscope="" itemtype="http://schema.org/QuantitativeValue">/<span itemprop="unitText">540mL</span></span></td><td>3,70 $/L</td><td style="display: none;">2020-02-26</td><td style="display: none;"></td><td style="display: none;">marque maison</td><td style="display: none;"></td><td style="display: none;">haricots</td><td style="display: none;">Bio</td><td style="display: none;"></td><td style="display: none;"></td><td style="display: none;"><a class="recipeLink" href="/recipe_ingredient_search_results.php?query=(_QU5E__1__________593__[]_1_1)&amp;sos_l=fr">Recettes avec légumineuses en conserve</a></td></tr><tr role="row" class="odd"><td tabindex="0"><i class="fa fa-thumbs-up"></i></td><td class=" not_printable"><div class="addToGL" data-soscuisine-aisle="23" data-soscuisine-sip="3938075"><i class="fa fa-cart-plus" title="Ajouter à ma liste d'épicerie"></i><div></div></div></td><td><img class="storeItemImage" alt="légumineuses en conserve" src="/media/images/store_item/blank.jpg"></td><td>légumineuses en conserve</td><td class="not_printable sorting_1">conserves</td><td><img style="width:50%;" src="/media/images/logos/marchands/7.png" alt="Intermarché (Saveurs intl.)"></td><td><span itemprop="price">1,00 $</span><span itemprop="eligibleQuantity" itemscope="" itemtype="http://schema.org/QuantitativeValue">/<span itemprop="unitText">540mL</span></span></td><td>1,85 $/L</td><td style="display: none;">2020-02-26</td><td style="display: none;"></td><td style="display: none;">Aurora</td><td style="display: none;"></td><td style="display: none;">haricots</td><td style="display: none;"></td><td style="display: none;"></td><td style="display: none;">ou Unico</td><td style="display: none;"><a class="recipeLink" href="/recipe_ingredient_search_results.php?query=(_QU5E__1__________593__[]_1_1)&amp;sos_l=fr">Recettes avec légumineuses en conserve</a></td></tr><tr role="row" class="even"><td tabindex="0"><i class="fas fa-hand-rock"></i></td><td class=" not_printable"><div class="addToGL" data-soscuisine-aisle="23" data-soscuisine-sip="3938471"><i class="fa fa-cart-plus" title="Ajouter à ma liste d'épicerie"></i><div></div></div></td><td><img class="storeItemImage" alt="légumineuses en conserve" src="/media/images/store_item/blank.jpg"></td><td>légumineuses en conserve</td><td class="not_printable sorting_1">conserves</td><td><img style="width:50%;" src="/media/images/logos/marchands/7.png" alt="Intermarché (Saveurs intl.)"></td><td><span itemprop="price">2,00 $</span><span itemprop="eligibleQuantity" itemscope="" itemtype="http://schema.org/QuantitativeValue">/<span itemprop="unitText">540mL</span></span></td><td>3,70 $/L</td><td style="display: none;">2020-02-26</td><td style="display: none;"></td><td style="display: none;">marque maison</td><td style="display: none;"></td><td style="display: none;">haricots</td><td style="display: none;">Bio</td><td style="display: none;"></td><td style="display: none;"></td><td style="display: none;"><a class="recipeLink" href="/recipe_ingredient_search_results.php?query=(_QU5E__1__________593__[]_1_1)&amp;sos_l=fr">Recettes avec légumineuses en conserve</a></td></tr><tr role="row" class="odd"><td tabindex="0"><i class="fa fa-thumbs-up"></i><i class="fa fa-thumbs-up"></i></td><td class=" not_printable"><div class="addToGL" data-soscuisine-aisle="23" data-soscuisine-sip="3939261"><i class="fa fa-cart-plus" title="Ajouter à ma liste d'épicerie"></i><div></div></div></td><td><img class="storeItemImage" alt="légumineuses en conserve" src="/media/images/store_item/blank.jpg"></td><td>légumineuses en conserve</td><td class="not_printable sorting_1">conserves</td><td><img style="width:50%;" src="/media/images/logos/marchands/63.png" alt="Marché Adonis"></td><td><span itemprop="price">0,79 $</span><span itemprop="eligibleQuantity" itemscope="" itemtype="http://schema.org/QuantitativeValue">/<span itemprop="unitText">540mL</span></span></td><td>1,46 $/L</td><td style="display: none;">2020-02-26</td><td style="display: none;"></td><td style="display: none;">Cedar</td><td style="display: none;"></td><td style="display: none;">haricots</td><td style="display: none;"></td><td style="display: none;"></td><td style="display: none;"></td><td style="display: none;"><a class="recipeLink" href="/recipe_ingredient_search_results.php?query=(_QU5E__1__________593__[]_1_1)&amp;sos_l=fr">Recettes avec légumineuses en conserve</a></td></tr><tr role="row" class="even"><td tabindex="0"><i class="fa fa-thumbs-down"></i></td><td class=" not_printable"><div class="addToGL" data-soscuisine-aisle="23" data-soscuisine-sip="3937355"><i class="fa fa-cart-plus" title="Ajouter à ma liste d'épicerie"></i><div></div></div></td><td><img class="storeItemImage" alt="légumineuses en conserve" src="/media/images/store_item/blank.jpg"></td><td>légumineuses en conserve</td><td class="not_printable sorting_1">conserves</td><td><img style="width:50%;" src="/media/images/logos/marchands/95.png" alt="Marchés Tau"></td><td><span itemprop="price">4,99 $</span><span itemprop="eligibleQuantity" itemscope="" itemtype="http://schema.org/QuantitativeValue">/<span itemprop="unitText">796mL</span></span></td><td>6,27 $/L</td><td style="display: none;">2020-03-29</td><td style="display: none;"></td><td style="display: none;">Eden</td><td style="display: none;"></td><td style="display: none;"></td><td style="display: none;">Bio</td><td style="display: none;"></td><td style="display: none;"></td><td style="display: none;"><a class="recipeLink" href="/recipe_ingredient_search_results.php?query=(_QU5E__1__________593__[]_1_1)&amp;sos_l=fr">Recettes avec légumineuses en conserve</a></td></tr><tr role="row" class="odd"><td tabindex="0"><i class="fas fa-hand-rock"></i></td><td class=" not_printable"><div class="addToGL" data-soscuisine-aisle="23" data-soscuisine-sip="3937831"><i class="fa fa-cart-plus" title="Ajouter à ma liste d'épicerie"></i><div></div></div></td><td><img class="storeItemImage" alt="légumineuses en conserve" src="/media/images/store_item/blank.jpg"></td><td>légumineuses en conserve</td><td class="not_printable sorting_1">conserves</td><td><img style="width:50%;" src="/media/images/logos/marchands/1.png" alt="Metro"></td><td><span itemprop="price">4,00 $</span><span itemprop="eligibleQuantity" itemscope="" itemtype="http://schema.org/QuantitativeValue">/<span itemprop="value">3</span>x<span itemprop="unitText">540mL</span></span></td><td>2,47 $/L</td><td style="display: none;">2020-02-26</td><td style="display: none;"></td><td style="display: none;">Primo</td><td style="display: none;"></td><td style="display: none;"></td><td style="display: none;"></td><td style="display: none;"></td><td style="display: none;"></td><td style="display: none;"><a class="recipeLink" href="/recipe_ingredient_search_results.php?query=(_QU5E__1__________593__[]_1_1)&amp;sos_l=fr">Recettes avec légumineuses en conserve</a></td></tr><tr role="row" class="even"><td tabindex="0"><i class="fa fa-thumbs-up"></i><i class="fa fa-thumbs-up"></i></td><td class=" not_printable"><div class="addToGL" data-soscuisine-aisle="23" data-soscuisine-sip="3940431"><i class="fa fa-cart-plus" title="Ajouter à ma liste d'épicerie"></i><div></div></div></td><td><img class="storeItemImage" alt="légumineuses en conserve" src="/media/images/store_item/blank.jpg"></td><td>légumineuses en conserve</td><td class="not_printable sorting_1">conserves</td><td><img style="width:50%;" src="/media/images/logos/marchands/5.png" alt="Super C"></td><td><span itemprop="price">0,88 $</span><span itemprop="eligibleQuantity" itemscope="" itemtype="http://schema.org/QuantitativeValue">/<span itemprop="unitText">540mL</span></span></td><td>1,63 $/L</td><td style="display: none;">2020-02-26</td><td style="display: none;"></td><td style="display: none;">Cedar</td><td style="display: none;"></td><td style="display: none;"></td><td style="display: none;"></td><td style="display: none;"></td><td style="display: none;"></td><td style="display: none;"><a class="recipeLink" href="/recipe_ingredient_search_results.php?query=(_QU5E__1__________593__[]_1_1)&amp;sos_l=fr">Recettes avec légumineuses en conserve</a></td></tr><tr role="row" class="odd"><td tabindex="0"><i class="fa fa-thumbs-up"></i><i class="fa fa-thumbs-up"></i></td><td class=" not_printable"><div class="addToGL" data-soscuisine-aisle="23" data-soscuisine-sip="3940783"><i class="fa fa-cart-plus" title="Ajouter à ma liste d'épicerie"></i><div></div></div></td><td><img class="storeItemImage" alt="légumineuses en conserve" src="/media/images/store_item/blank.jpg"></td><td>légumineuses en conserve</td><td class="not_printable sorting_1">conserves</td><td><img style="width:50%;" src="/media/images/logos/marchands/11.png" alt="Tradition"></td><td><span itemprop="price">0,99 $</span><span itemprop="eligibleQuantity" itemscope="" itemtype="http://schema.org/QuantitativeValue">/<span itemprop="unitText">540mL</span></span></td><td>1,83 $/L</td><td style="display: none;">2020-02-26</td><td style="display: none;"></td><td style="display: none;">marque maison</td><td style="display: none;"></td><td style="display: none;"></td><td style="display: none;"></td><td style="display: none;"></td><td style="display: none;"></td><td style="display: none;"><a class="recipeLink" href="/recipe_ingredient_search_results.php?query=(_QU5E__1__________593__[]_1_1)&amp;sos_l=fr">Recettes avec légumineuses en conserve</a></td></tr><tr role="row" class="even"><td tabindex="0"><i class="fas fa-hand-rock"></i></td><td class=" not_printable"><div class="addToGL" data-soscuisine-aisle="23" data-soscuisine-sip="3937569"><i class="fa fa-cart-plus" title="Ajouter à ma liste d'épicerie"></i><div></div></div></td><td><img class="storeItemImage" alt="maïs en conserve" src="/media/images/store_item/blank.jpg"></td><td>maïs en conserve</td><td class="not_printable sorting_1">conserves</td><td><img style="width:50%;" src="/media/images/logos/marchands/6.png" alt="Maxi"></td><td><span itemprop="price">1,00 $</span><span itemprop="eligibleQuantity" itemscope="" itemtype="http://schema.org/QuantitativeValue">/<span itemprop="unitText">341mL</span></span></td><td>0,33 $/100g</td><td style="display: none;">2020-02-26</td><td style="display: none;"></td><td style="display: none;">marque maison</td><td style="display: none;"></td><td style="display: none;"></td><td style="display: none;"></td><td style="display: none;"></td><td style="display: none;"></td><td style="display: none;"><a class="recipeLink" href="/recipe_ingredient_search_results.php?query=(_QU5E__1__________420__[]_1_1)&amp;sos_l=fr">Recettes avec maïs en conserve</a></td></tr><tr role="row" class="odd"><td tabindex="0"><i class="fa fa-thumbs-down"></i></td><td class=" not_printable"><div class="addToGL" data-soscuisine-aisle="23" data-soscuisine-sip="3937833"><i class="fa fa-cart-plus" title="Ajouter à ma liste d'épicerie"></i><div></div></div></td><td><img class="storeItemImage" alt="maïs en conserve" src="/media/images/store_item/blank.jpg"></td><td>maïs en conserve</td><td class="not_printable sorting_1">conserves</td><td><img style="width:50%;" src="/media/images/logos/marchands/1.png" alt="Metro"></td><td><span itemprop="price">4,00 $</span><span itemprop="eligibleQuantity" itemscope="" itemtype="http://schema.org/QuantitativeValue">/<span itemprop="value">3</span>x<span itemprop="unitText">341mL</span></span></td><td>0,44 $/100g</td><td style="display: none;">2020-02-26</td><td style="display: none;"></td><td style="display: none;">Del Monte</td><td style="display: none;"></td><td style="display: none;"></td><td style="display: none;"></td><td style="display: none;"></td><td style="display: none;"></td><td style="display: none;"><a class="recipeLink" href="/recipe_ingredient_search_results.php?query=(_QU5E__1__________420__[]_1_1)&amp;sos_l=fr">Recettes avec maïs en conserve</a></td></tr><tr role="row" class="even"><td tabindex="0"><i class="fa fa-thumbs-up"></i></td><td class=" not_printable"><div class="addToGL" data-soscuisine-aisle="23" data-soscuisine-sip="3940425"><i class="fa fa-cart-plus" title="Ajouter à ma liste d'épicerie"></i><div></div></div></td><td><img class="storeItemImage" alt="maïs en conserve" src="/media/images/store_item/blank.jpg"></td><td>maïs en conserve</td><td class="not_printable sorting_1">conserves</td><td><img style="width:50%;" src="/media/images/logos/marchands/5.png" alt="Super C"></td><td><span itemprop="price">0,88 $</span><span itemprop="eligibleQuantity" itemscope="" itemtype="http://schema.org/QuantitativeValue">/<span itemprop="unitText">341mL</span></span></td><td>0,29 $/100g</td><td style="display: none;">2020-02-26</td><td style="display: none;"></td><td style="display: none;">Géant vert</td><td style="display: none;"></td><td style="display: none;"></td><td style="display: none;"></td><td style="display: none;"></td><td style="display: none;"></td><td style="display: none;"><a class="recipeLink" href="/recipe_ingredient_search_results.php?query=(_QU5E__1__________420__[]_1_1)&amp;sos_l=fr">Recettes avec maïs en conserve</a></td></tr><tr role="row" class="odd"><td tabindex="0"><i class="fas fa-hand-rock"></i></td><td class=" not_printable"><div class="addToGL" data-soscuisine-aisle="23" data-soscuisine-sip="3940543"><i class="fa fa-cart-plus" title="Ajouter à ma liste d'épicerie"></i><div></div></div></td><td><img class="storeItemImage" alt="maïs en conserve" src="/media/images/store_item/blank.jpg"></td><td>maïs en conserve</td><td class="not_printable sorting_1">conserves</td><td><img style="width:50%;" src="/media/images/logos/marchands/11.png" alt="Tradition"></td><td><span itemprop="price">0,99 $</span><span itemprop="eligibleQuantity" itemscope="" itemtype="http://schema.org/QuantitativeValue">/<span itemprop="unitText">341mL</span></span></td><td>0,33 $/100g</td><td style="display: none;">2020-02-26</td><td style="display: none;"></td><td style="display: none;">Géant vert</td><td style="display: none;"></td><td style="display: none;"></td><td style="display: none;"></td><td style="display: none;"></td><td style="display: none;"></td><td style="display: none;"><a class="recipeLink" href="/recipe_ingredient_search_results.php?query=(_QU5E__1__________420__[]_1_1)&amp;sos_l=fr">Recettes avec maïs en conserve</a></td></tr><tr role="row" class="even"><td tabindex="0"><i class="fa fa-thumbs-down"></i></td><td class=" not_printable"><div class="addToGL" data-soscuisine-aisle="23" data-soscuisine-sip="3912961"><i class="fa fa-cart-plus" title="Ajouter à ma liste d'épicerie"></i><div></div></div></td><td><img class="storeItemImage" alt="pois chiches, en conserve" src="/media/images/store_item/blank.jpg"></td><td>pois chiches, en conserve</td><td class="not_printable sorting_1">conserves</td><td><img style="width:50%;" src="/media/images/logos/marchands/94.png" alt="Avril"></td><td><span itemprop="price">4,99 $</span><span itemprop="eligibleQuantity" itemscope="" itemtype="http://schema.org/QuantitativeValue">/<span itemprop="value">3</span>x<span itemprop="unitText">398mL</span></span></td><td>4,18 $/L</td><td style="display: none;">2020-03-03</td><td style="display: none;"></td><td style="display: none;">Bioitalia</td><td style="display: none;"></td><td style="display: none;"></td><td style="display: none;">Bio</td><td style="display: none;"></td><td style="display: none;"></td><td style="display: none;"><a class="recipeLink" href="/recipe_ingredient_search_results.php?query=(_QU5E__1__________376__[]_1_1)&amp;sos_l=fr">Recettes avec pois chiches, en conserve</a></td></tr><tr role="row" class="odd"><td tabindex="0"><i class="fa fa-thumbs-down"></i></td><td class=" not_printable"><div class="addToGL" data-soscuisine-aisle="23" data-soscuisine-sip="3912967"><i class="fa fa-cart-plus" title="Ajouter à ma liste d'épicerie"></i><div></div></div></td><td><img class="storeItemImage" alt="pois chiches, en conserve" src="/media/images/store_item/blank.jpg"></td><td>pois chiches, en conserve</td><td class="not_printable sorting_1">conserves</td><td><img style="width:50%;" src="/media/images/logos/marchands/94.png" alt="Avril"></td><td><span itemprop="price">2,49 $</span><span itemprop="eligibleQuantity" itemscope="" itemtype="http://schema.org/QuantitativeValue">/<span itemprop="unitText">398mL</span></span></td><td>6,26 $/L</td><td style="display: none;">2020-03-03</td><td style="display: none;"></td><td style="display: none;">Bioitalia</td><td style="display: none;"></td><td style="display: none;"></td><td style="display: none;">Bio</td><td style="display: none;"></td><td style="display: none;"></td><td style="display: none;"><a class="recipeLink" href="/recipe_ingredient_search_results.php?query=(_QU5E__1__________376__[]_1_1)&amp;sos_l=fr">Recettes avec pois chiches, en conserve</a></td></tr><tr role="row" class="even"><td tabindex="0"><i class="fa fa-thumbs-up"></i></td><td class=" not_printable"><div class="addToGL" data-soscuisine-aisle="23" data-soscuisine-sip="3939823"><i class="fa fa-cart-plus" title="Ajouter à ma liste d'épicerie"></i><div></div></div></td><td><img class="storeItemImage" alt="pois chiches, en conserve" src="/media/images/store_item/blank.jpg"></td><td>pois chiches, en conserve</td><td class="not_printable sorting_1">conserves</td><td><img style="width:50%;" src="/media/images/logos/marchands/3.png" alt="IGA"></td><td><span itemprop="price">0,99 $</span><span itemprop="eligibleQuantity" itemscope="" itemtype="http://schema.org/QuantitativeValue">/<span itemprop="unitText">540mL</span></span></td><td>1,83 $/L</td><td style="display: none;">2020-02-26</td><td style="display: none;"></td><td style="display: none;">marque maison</td><td style="display: none;"></td><td style="display: none;"></td><td style="display: none;"></td><td style="display: none;"></td><td style="display: none;"></td><td style="display: none;"><a class="recipeLink" href="/recipe_ingredient_search_results.php?query=(_QU5E__1__________376__[]_1_1)&amp;sos_l=fr">Recettes avec pois chiches, en conserve</a></td></tr><tr role="row" class="odd"><td tabindex="0"><i class="fas fa-hand-rock"></i></td><td class=" not_printable"><div class="addToGL" data-soscuisine-aisle="23" data-soscuisine-sip="3938071"><i class="fa fa-cart-plus" title="Ajouter à ma liste d'épicerie"></i><div></div></div></td><td><img class="storeItemImage" alt="pois chiches, en conserve" src="/media/images/store_item/blank.jpg"></td><td>pois chiches, en conserve</td><td class="not_printable sorting_1">conserves</td><td><img style="width:50%;" src="/media/images/logos/marchands/7.png" alt="Intermarché (Saveurs intl.)"></td><td><span itemprop="price">1,00 $</span><span itemprop="eligibleQuantity" itemscope="" itemtype="http://schema.org/QuantitativeValue">/<span itemprop="unitText">540mL</span></span></td><td>1,85 $/L</td><td style="display: none;">2020-02-26</td><td style="display: none;"></td><td style="display: none;">Aurora</td><td style="display: none;"></td><td style="display: none;"></td><td style="display: none;"></td><td style="display: none;"></td><td style="display: none;"></td><td style="display: none;"><a class="recipeLink" href="/recipe_ingredient_search_results.php?query=(_QU5E__1__________376__[]_1_1)&amp;sos_l=fr">Recettes avec pois chiches, en conserve</a></td></tr><tr role="row" class="even"><td tabindex="0"><i class="fa fa-thumbs-up"></i><i class="fa fa-thumbs-up"></i></td><td class=" not_printable"><div class="addToGL" data-soscuisine-aisle="23" data-soscuisine-sip="3939253"><i class="fa fa-cart-plus" title="Ajouter à ma liste d'épicerie"></i><div></div></div></td><td><img class="storeItemImage" alt="pois chiches, en conserve" src="/media/images/store_item/blank.jpg"></td><td>pois chiches, en conserve</td><td class="not_printable sorting_1">conserves</td><td><img style="width:50%;" src="/media/images/logos/marchands/63.png" alt="Marché Adonis"></td><td><span itemprop="price">0,79 $</span><span itemprop="eligibleQuantity" itemscope="" itemtype="http://schema.org/QuantitativeValue">/<span itemprop="unitText">540mL</span></span></td><td>1,46 $/L</td><td style="display: none;">2020-02-26</td><td style="display: none;"></td><td style="display: none;">Cedar</td><td style="display: none;"></td><td style="display: none;"></td><td style="display: none;"></td><td style="display: none;"></td><td style="display: none;"></td><td style="display: none;"><a class="recipeLink" href="/recipe_ingredient_search_results.php?query=(_QU5E__1__________376__[]_1_1)&amp;sos_l=fr">Recettes avec pois chiches, en conserve</a></td></tr><tr role="row" class="odd"><td tabindex="0"><i class="fa fa-thumbs-down"></i></td><td class=" not_printable"><div class="addToGL" data-soscuisine-aisle="23" data-soscuisine-sip="3937357"><i class="fa fa-cart-plus" title="Ajouter à ma liste d'épicerie"></i><div></div></div></td><td><img class="storeItemImage" alt="pois chiches, en conserve" src="/media/images/store_item/blank.jpg"></td><td>pois chiches, en conserve</td><td class="not_printable sorting_1">conserves</td><td><img style="width:50%;" src="/media/images/logos/marchands/95.png" alt="Marchés Tau"></td><td><span itemprop="price">4,99 $</span><span itemprop="eligibleQuantity" itemscope="" itemtype="http://schema.org/QuantitativeValue">/<span itemprop="unitText">796mL</span></span></td><td>6,27 $/L</td><td style="display: none;">2020-03-29</td><td style="display: none;"></td><td style="display: none;">Eden</td><td style="display: none;"></td><td style="display: none;"></td><td style="display: none;">Bio</td><td style="display: none;"></td><td style="display: none;"></td><td style="display: none;"><a class="recipeLink" href="/recipe_ingredient_search_results.php?query=(_QU5E__1__________376__[]_1_1)&amp;sos_l=fr">Recettes avec pois chiches, en conserve</a></td></tr><tr role="row" class="even"><td tabindex="0"><i class="fas fa-hand-rock"></i></td><td class=" not_printable"><div class="addToGL" data-soscuisine-aisle="23" data-soscuisine-sip="3937835"><i class="fa fa-cart-plus" title="Ajouter à ma liste d'épicerie"></i><div></div></div></td><td><img class="storeItemImage" alt="pois chiches, en conserve" src="/media/images/store_item/blank.jpg"></td><td>pois chiches, en conserve</td><td class="not_printable sorting_1">conserves</td><td><img style="width:50%;" src="/media/images/logos/marchands/1.png" alt="Metro"></td><td><span itemprop="price">4,00 $</span><span itemprop="eligibleQuantity" itemscope="" itemtype="http://schema.org/QuantitativeValue">/<span itemprop="value">3</span>x<span itemprop="unitText">540mL</span></span></td><td>2,47 $/L</td><td style="display: none;">2020-02-26</td><td style="display: none;"></td><td style="display: none;">Primo</td><td style="display: none;"></td><td style="display: none;"></td><td style="display: none;"></td><td style="display: none;"></td><td style="display: none;"></td><td style="display: none;"><a class="recipeLink" href="/recipe_ingredient_search_results.php?query=(_QU5E__1__________376__[]_1_1)&amp;sos_l=fr">Recettes avec pois chiches, en conserve</a></td></tr><tr role="row" class="odd"><td tabindex="0"><i class="fa fa-thumbs-down"></i></td><td class=" not_printable"><div class="addToGL" data-soscuisine-aisle="23" data-soscuisine-sip="3938589"><i class="fa fa-cart-plus" title="Ajouter à ma liste d'épicerie"></i><div></div></div></td><td><img class="storeItemImage" alt="sardines en conserve" src="/media/images/store_item/blank.jpg"></td><td>sardines en conserve</td><td class="not_printable sorting_1">conserves</td><td><img style="width:50%;" src="/media/images/logos/marchands/69.png" alt="Intermarché (Provincial)"></td><td><span itemprop="price">1,50 $</span><span itemprop="eligibleQuantity" itemscope="" itemtype="http://schema.org/QuantitativeValue">/<span itemprop="unitText">106g</span></span></td><td>1,42 $/100g</td><td style="display: none;">2020-02-26</td><td style="display: none;"></td><td style="display: none;">Brunswick</td><td style="display: none;"></td><td style="display: none;"></td><td style="display: none;"></td><td style="display: none;"></td><td style="display: none;"></td><td style="display: none;"><a class="recipeLink" href="/recipe_ingredient_search_results.php?query=(_QU5E__1__________181__[]_1_1)&amp;sos_l=fr">Recettes avec sardines en conserve</a></td></tr><tr role="row" class="even"><td tabindex="0"><i class="fa fa-thumbs-down"></i></td><td class=" not_printable"><div class="addToGL" data-soscuisine-aisle="23" data-soscuisine-sip="3937369"><i class="fa fa-cart-plus" title="Ajouter à ma liste d'épicerie"></i><div></div></div></td><td><img class="storeItemImage" alt="sardines en conserve" src="/media/images/store_item/blank.jpg"></td><td>sardines en conserve</td><td class="not_printable sorting_1">conserves</td><td><img style="width:50%;" src="/media/images/logos/marchands/95.png" alt="Marchés Tau"></td><td><span itemprop="price">3,99 $</span><span itemprop="eligibleQuantity" itemscope="" itemtype="http://schema.org/QuantitativeValue">/<span itemprop="unitText">120g</span></span></td><td>3,33 $/100g</td><td style="display: none;">2020-03-29</td><td style="display: none;"></td><td style="display: none;">Raincoast Trading</td><td style="display: none;"></td><td style="display: none;"></td><td style="display: none;"></td><td style="display: none;"></td><td style="display: none;"></td><td style="display: none;"><a class="recipeLink" href="/recipe_ingredient_search_results.php?query=(_QU5E__1__________181__[]_1_1)&amp;sos_l=fr">Recettes avec sardines en conserve</a></td></tr><tr role="row" class="odd"><td tabindex="0"><i class="fa fa-thumbs-up"></i></td><td class=" not_printable"><div class="addToGL" data-soscuisine-aisle="23" data-soscuisine-sip="3941029"><i class="fa fa-cart-plus" title="Ajouter à ma liste d'épicerie"></i><div></div></div></td><td><img class="storeItemImage" alt="sardines en conserve" src="/media/images/store_item/blank.jpg"></td><td>sardines en conserve</td><td class="not_printable sorting_1">conserves</td><td><img style="width:50%;" src="/media/images/logos/marchands/73.png" alt="Walmart"></td><td><span itemprop="price">0,97 $</span><span itemprop="eligibleQuantity" itemscope="" itemtype="http://schema.org/QuantitativeValue">/<span itemprop="unitText">106g</span></span></td><td>0,92 $/100g</td><td style="display: none;">2020-02-26</td><td style="display: none;"></td><td style="display: none;">Brunswick</td><td style="display: none;"></td><td style="display: none;"></td><td style="display: none;"></td><td style="display: none;"></td><td style="display: none;"></td><td style="display: none;"><a class="recipeLink" href="/recipe_ingredient_search_results.php?query=(_QU5E__1__________181__[]_1_1)&amp;sos_l=fr">Recettes avec sardines en conserve</a></td></tr><tr role="row" class="even"><td tabindex="0"><i class="fa fa-thumbs-up"></i></td><td class=" not_printable"><div class="addToGL" data-soscuisine-aisle="23" data-soscuisine-sip="3938509"><i class="fa fa-cart-plus" title="Ajouter à ma liste d'épicerie"></i><div></div></div></td><td><img class="storeItemImage" alt="saumon en conserve" src="/media/images/store_item/blank.jpg"></td><td>saumon en conserve</td><td class="not_printable sorting_1">conserves</td><td><img style="width:50%;" src="/media/images/logos/marchands/6.png" alt="Maxi"></td><td><span itemprop="price">2,00 $</span><span itemprop="eligibleQuantity" itemscope="" itemtype="http://schema.org/QuantitativeValue">/142g</span></td><td>1,41 $/100g</td><td style="display: none;">2020-02-26</td><td style="display: none;"></td><td style="display: none;">Clover leaf</td><td style="display: none;"></td><td style="display: none;">rose</td><td style="display: none;"></td><td style="display: none;"></td><td style="display: none;"></td><td style="display: none;"><a class="recipeLink" href="/recipe_ingredient_search_results.php?query=(_QU5E__1__________403__[]_1_1)&amp;sos_l=fr">Recettes avec saumon en conserve</a></td></tr><tr role="row" class="odd"><td tabindex="0"><i class="fas fa-hand-rock"></i></td><td class=" not_printable"><div class="addToGL" data-soscuisine-aisle="23" data-soscuisine-sip="3938047"><i class="fa fa-cart-plus" title="Ajouter à ma liste d'épicerie"></i><div></div></div></td><td><img class="storeItemImage" alt="saumon en conserve" src="/media/images/store_item/blank.jpg"></td><td>saumon en conserve</td><td class="not_printable sorting_1">conserves</td><td><img style="width:50%;" src="/media/images/logos/marchands/2.png" alt="Provigo"></td><td><span itemprop="price">3,99 $</span><span itemprop="eligibleQuantity" itemscope="" itemtype="http://schema.org/QuantitativeValue">/<span itemprop="unitText">213g (7,5oz)</span></span></td><td>1,88 $/100g</td><td style="display: none;">2020-02-26</td><td style="display: none;"></td><td style="display: none;">Clover leaf</td><td style="display: none;"></td><td style="display: none;">Sockeye</td><td style="display: none;"></td><td style="display: none;"></td><td style="display: none;"></td><td style="display: none;"><a class="recipeLink" href="/recipe_ingredient_search_results.php?query=(_QU5E__1__________403__[]_1_1)&amp;sos_l=fr">Recettes avec saumon en conserve</a></td></tr><tr role="row" class="even"><td tabindex="0"><i class="fas fa-hand-rock"></i></td><td class=" not_printable"><div class="addToGL" data-soscuisine-aisle="23" data-soscuisine-sip="3939701"><i class="fa fa-cart-plus" title="Ajouter à ma liste d'épicerie"></i><div></div></div></td><td><img class="storeItemImage" alt="thon en conserve" src="/media/images/store_item/blank.jpg"></td><td>thon en conserve</td><td class="not_printable sorting_1">conserves</td><td><img style="width:50%;" src="/media/images/logos/marchands/10.png" alt="Bonichoix "></td><td><span itemprop="price">3,00 $</span><span itemprop="eligibleQuantity" itemscope="" itemtype="http://schema.org/QuantitativeValue">/<span itemprop="value">2</span>x171g</span></td><td>0,88 $/100g</td><td style="display: none;">2020-02-26</td><td style="display: none;"></td><td style="display: none;">marque maison</td><td style="display: none;"></td><td style="display: none;">pâle</td><td style="display: none;"></td><td style="display: none;"></td><td style="display: none;"></td><td style="display: none;"><a class="recipeLink" href="/recipe_ingredient_search_results.php?query=(_QU5E__1__________177__[]_1_1)&amp;sos_l=fr">Recettes avec thon en conserve</a></td></tr><tr role="row" class="odd"><td tabindex="0"><i class="fas fa-hand-rock"></i></td><td class=" not_printable"><div class="addToGL" data-soscuisine-aisle="23" data-soscuisine-sip="3939721"><i class="fa fa-cart-plus" title="Ajouter à ma liste d'épicerie"></i><div></div></div></td><td><img class="storeItemImage" alt="thon en conserve" src="/media/images/store_item/blank.jpg"></td><td>thon en conserve</td><td class="not_printable sorting_1">conserves</td><td><img style="width:50%;" src="/media/images/logos/marchands/3.png" alt="IGA"></td><td><span itemprop="price">4,00 $</span><span itemprop="eligibleQuantity" itemscope="" itemtype="http://schema.org/QuantitativeValue">/<span itemprop="value">2</span>x142g</span></td><td>1,41 $/100g</td><td style="display: none;">2020-02-26</td><td style="display: none;"></td><td style="display: none;">Clover leaf</td><td style="display: none;"></td><td style="display: none;">pâle</td><td style="display: none;"></td><td style="display: none;"></td><td style="display: none;"></td><td style="display: none;"><a class="recipeLink" href="/recipe_ingredient_search_results.php?query=(_QU5E__1__________177__[]_1_1)&amp;sos_l=fr">Recettes avec thon en conserve</a></td></tr><tr role="row" class="even"><td tabindex="0"><i class="fas fa-hand-rock"></i></td><td class=" not_printable"><div class="addToGL" data-soscuisine-aisle="23" data-soscuisine-sip="3938077"><i class="fa fa-cart-plus" title="Ajouter à ma liste d'épicerie"></i><div></div></div></td><td><img class="storeItemImage" alt="thon en conserve" src="/media/images/store_item/blank.jpg"></td><td>thon en conserve</td><td class="not_printable sorting_1">conserves</td><td><img style="width:50%;" src="/media/images/logos/marchands/7.png" alt="Intermarché (Saveurs intl.)"></td><td><span itemprop="price">1,00 $</span><span itemprop="eligibleQuantity" itemscope="" itemtype="http://schema.org/QuantitativeValue">/<span itemprop="unitText">99g</span></span></td><td>1,01 $/100g</td><td style="display: none;">2020-02-26</td><td style="display: none;"></td><td style="display: none;">Aurora</td><td style="display: none;"></td><td style="display: none;">pâle</td><td style="display: none;"></td><td style="display: none;"></td><td style="display: none;"></td><td style="display: none;"><a class="recipeLink" href="/recipe_ingredient_search_results.php?query=(_QU5E__1__________177__[]_1_1)&amp;sos_l=fr">Recettes avec thon en conserve</a></td></tr><tr role="row" class="odd"><td tabindex="0"><i class="fa fa-thumbs-up"></i></td><td class=" not_printable"><div class="addToGL" data-soscuisine-aisle="23" data-soscuisine-sip="3939091"><i class="fa fa-cart-plus" title="Ajouter à ma liste d'épicerie"></i><div></div></div></td><td><img class="storeItemImage" alt="thon en conserve" src="/media/images/store_item/blank.jpg"></td><td>thon en conserve</td><td class="not_printable sorting_1">conserves</td><td><img style="width:50%;" src="/media/images/logos/marchands/63.png" alt="Marché Adonis"></td><td><span itemprop="price">3,00 $</span><span itemprop="eligibleQuantity" itemscope="" itemtype="http://schema.org/QuantitativeValue">/<span itemprop="value">5</span>x<span itemprop="unitText">80g</span></span></td><td>0,75 $/100g</td><td style="display: none;">2020-02-26</td><td style="display: none;"></td><td style="display: none;"></td><td style="display: none;"></td><td style="display: none;">pâle</td><td style="display: none;"></td><td style="display: none;">en morceaux</td><td style="display: none;">dans l'huile végétale</td><td style="display: none;"><a class="recipeLink" href="/recipe_ingredient_search_results.php?query=(_QU5E__1__________177__[]_1_1)&amp;sos_l=fr">Recettes avec thon en conserve</a></td></tr><tr role="row" class="even"><td tabindex="0"><i class="fa fa-thumbs-down"></i></td><td class=" not_printable"><div class="addToGL" data-soscuisine-aisle="23" data-soscuisine-sip="3937373"><i class="fa fa-cart-plus" title="Ajouter à ma liste d'épicerie"></i><div></div></div></td><td><img class="storeItemImage" alt="thon en conserve" src="/media/images/store_item/blank.jpg"></td><td>thon en conserve</td><td class="not_printable sorting_1">conserves</td><td><img style="width:50%;" src="/media/images/logos/marchands/95.png" alt="Marchés Tau"></td><td><span itemprop="price">3,49 $</span><span itemprop="eligibleQuantity" itemscope="" itemtype="http://schema.org/QuantitativeValue">/<span itemprop="unitText">120g</span></span></td><td>2,91 $/100g</td><td style="display: none;">2020-03-29</td><td style="display: none;"></td><td style="display: none;">Raincoast Trading</td><td style="display: none;"></td><td style="display: none;">listao</td><td style="display: none;"></td><td style="display: none;"></td><td style="display: none;"></td><td style="display: none;"><a class="recipeLink" href="/recipe_ingredient_search_results.php?query=(_QU5E__1__________177__[]_1_1)&amp;sos_l=fr">Recettes avec thon en conserve</a></td></tr><tr role="row" class="odd"><td tabindex="0"><i class="fa fa-thumbs-up"></i><i class="fa fa-thumbs-up"></i></td><td class=" not_printable"><div class="addToGL" data-soscuisine-aisle="23" data-soscuisine-sip="3937543"><i class="fa fa-cart-plus" title="Ajouter à ma liste d'épicerie"></i><div></div></div></td><td><img class="storeItemImage" alt="thon en conserve" src="/media/images/store_item/blank.jpg"></td><td>thon en conserve</td><td class="not_printable sorting_1">conserves</td><td><img style="width:50%;" src="/media/images/logos/marchands/6.png" alt="Maxi"></td><td><span itemprop="price">1,00 $</span><span itemprop="eligibleQuantity" itemscope="" itemtype="http://schema.org/QuantitativeValue">/171g</span></td><td>0,58 $/100g</td><td style="display: none;">2020-02-26</td><td style="display: none;"></td><td style="display: none;">marque maison</td><td style="display: none;"></td><td style="display: none;">pâle</td><td style="display: none;"></td><td style="display: none;"></td><td style="display: none;"></td><td style="display: none;"><a class="recipeLink" href="/recipe_ingredient_search_results.php?query=(_QU5E__1__________177__[]_1_1)&amp;sos_l=fr">Recettes avec thon en conserve</a></td></tr><tr role="row" class="even"><td tabindex="0"><i class="fa fa-thumbs-up"></i></td><td class=" not_printable"><div class="addToGL" data-soscuisine-aisle="23" data-soscuisine-sip="3937837"><i class="fa fa-cart-plus" title="Ajouter à ma liste d'épicerie"></i><div></div></div></td><td><img class="storeItemImage" alt="thon en conserve" src="/media/images/store_item/blank.jpg"></td><td>thon en conserve</td><td class="not_printable sorting_1">conserves</td><td><img style="width:50%;" src="/media/images/logos/marchands/1.png" alt="Metro"></td><td><span itemprop="price">4,00 $</span><span itemprop="eligibleQuantity" itemscope="" itemtype="http://schema.org/QuantitativeValue">/<span itemprop="value">3</span>x171g</span></td><td>0,78 $/100g</td><td style="display: none;">2020-02-26</td><td style="display: none;"></td><td style="display: none;">marque maison</td><td style="display: none;"></td><td style="display: none;">pâle</td><td style="display: none;"></td><td style="display: none;"></td><td style="display: none;"></td><td style="display: none;"><a class="recipeLink" href="/recipe_ingredient_search_results.php?query=(_QU5E__1__________177__[]_1_1)&amp;sos_l=fr">Recettes avec thon en conserve</a></td></tr><tr role="row" class="odd"><td tabindex="0"><i class="fa fa-thumbs-up"></i><i class="fa fa-thumbs-up"></i></td><td class=" not_printable"><div class="addToGL" data-soscuisine-aisle="23" data-soscuisine-sip="3938027"><i class="fa fa-cart-plus" title="Ajouter à ma liste d'épicerie"></i><div></div></div></td><td><img class="storeItemImage" alt="thon en conserve" src="/media/images/store_item/blank.jpg"></td><td>thon en conserve</td><td class="not_printable sorting_1">conserves</td><td><img style="width:50%;" src="/media/images/logos/marchands/2.png" alt="Provigo"></td><td><span itemprop="price">1,00 $</span><span itemprop="eligibleQuantity" itemscope="" itemtype="http://schema.org/QuantitativeValue">/171g</span></td><td>0,58 $/100g</td><td style="display: none;">2020-02-26</td><td style="display: none;"></td><td style="display: none;">Clover leaf</td><td style="display: none;"></td><td style="display: none;">pâle</td><td style="display: none;"></td><td style="display: none;"></td><td style="display: none;"></td><td style="display: none;"><a class="recipeLink" href="/recipe_ingredient_search_results.php?query=(_QU5E__1__________177__[]_1_1)&amp;sos_l=fr">Recettes avec thon en conserve</a></td></tr><tr role="row" class="even"><td tabindex="0"><i class="fa fa-thumbs-down"></i></td><td class=" not_printable"><div class="addToGL" data-soscuisine-aisle="23" data-soscuisine-sip="3940949"><i class="fa fa-cart-plus" title="Ajouter à ma liste d'épicerie"></i><div></div></div></td><td><img class="storeItemImage" alt="thon en conserve" src="/media/images/store_item/blank.jpg"></td><td>thon en conserve</td><td class="not_printable sorting_1">conserves</td><td><img style="width:50%;" src="/media/images/logos/marchands/12.png" alt="Richelieu"></td><td><span itemprop="price">3,00 $</span><span itemprop="eligibleQuantity" itemscope="" itemtype="http://schema.org/QuantitativeValue">/<span itemprop="value">2</span>x<span itemprop="unitText">85g (3oz)</span></span></td><td>1,76 $/100g</td><td style="display: none;">2020-02-26</td><td style="display: none;"></td><td style="display: none;">marque maison</td><td style="display: none;"></td><td style="display: none;"></td><td style="display: none;"></td><td style="display: none;"></td><td style="display: none;"></td><td style="display: none;"><a class="recipeLink" href="/recipe_ingredient_search_results.php?query=(_QU5E__1__________177__[]_1_1)&amp;sos_l=fr">Recettes avec thon en conserve</a></td></tr><tr role="row" class="odd"><td tabindex="0"><i class="fa fa-thumbs-down"></i></td><td class=" not_printable"><div class="addToGL" data-soscuisine-aisle="23" data-soscuisine-sip="3939813"><i class="fa fa-cart-plus" title="Ajouter à ma liste d'épicerie"></i><div></div></div></td><td><img class="storeItemImage" alt="tomates en conserve" src="/media/images/store_item/blank.jpg"></td><td>tomates en conserve</td><td class="not_printable sorting_1">conserves</td><td><img style="width:50%;" src="/media/images/logos/marchands/3.png" alt="IGA"></td><td><span itemprop="price">3,00 $</span><span itemprop="eligibleQuantity" itemscope="" itemtype="http://schema.org/QuantitativeValue">/<span itemprop="value">2</span>x<span itemprop="unitText">398mL</span></span></td><td>3,77 $/L</td><td style="display: none;">2020-02-26</td><td style="display: none;"></td><td style="display: none;">Hunt's</td><td style="display: none;"></td><td style="display: none;"></td><td style="display: none;"></td><td style="display: none;">en dés</td><td style="display: none;">ancestrales</td><td style="display: none;"><a class="recipeLink" href="/recipe_ingredient_search_results.php?query=(_QU5E__1__________294__[]_1_1)&amp;sos_l=fr">Recettes avec tomates en conserve</a></td></tr><tr role="row" class="even"><td tabindex="0"><i class="fa fa-thumbs-up"></i></td><td class=" not_printable"><div class="addToGL" data-soscuisine-aisle="23" data-soscuisine-sip="3938587"><i class="fa fa-cart-plus" title="Ajouter à ma liste d'épicerie"></i><div></div></div></td><td><img class="storeItemImage" alt="tomates en conserve" src="/media/images/store_item/blank.jpg"></td><td>tomates en conserve</td><td class="not_printable sorting_1">conserves</td><td><img style="width:50%;" src="/media/images/logos/marchands/69.png" alt="Intermarché (Provincial)"></td><td><span itemprop="price">1,00 $</span><span itemprop="eligibleQuantity" itemscope="" itemtype="http://schema.org/QuantitativeValue">/<span itemprop="unitText">796mL</span></span></td><td>1,26 $/L</td><td style="display: none;">2020-02-26</td><td style="display: none;"></td><td style="display: none;">Unico</td><td style="display: none;"></td><td style="display: none;"></td><td style="display: none;"></td><td style="display: none;"></td><td style="display: none;"></td><td style="display: none;"><a class="recipeLink" href="/recipe_ingredient_search_results.php?query=(_QU5E__1__________294__[]_1_1)&amp;sos_l=fr">Recettes avec tomates en conserve</a></td></tr><tr role="row" class="odd"><td tabindex="0"><i class="fa fa-thumbs-up"></i></td><td class=" not_printable"><div class="addToGL" data-soscuisine-aisle="23" data-soscuisine-sip="3938089"><i class="fa fa-cart-plus" title="Ajouter à ma liste d'épicerie"></i><div></div></div></td><td><img class="storeItemImage" alt="tomates en conserve" src="/media/images/store_item/blank.jpg"></td><td>tomates en conserve</td><td class="not_printable sorting_1">conserves</td><td><img style="width:50%;" src="/media/images/logos/marchands/7.png" alt="Intermarché (Saveurs intl.)"></td><td><span itemprop="price">1,00 $</span><span itemprop="eligibleQuantity" itemscope="" itemtype="http://schema.org/QuantitativeValue">/<span itemprop="unitText">796mL</span></span></td><td>1,26 $/L</td><td style="display: none;">2020-02-26</td><td style="display: none;"></td><td style="display: none;">Unico</td><td style="display: none;"></td><td style="display: none;"></td><td style="display: none;"></td><td style="display: none;"></td><td style="display: none;"></td><td style="display: none;"><a class="recipeLink" href="/recipe_ingredient_search_results.php?query=(_QU5E__1__________294__[]_1_1)&amp;sos_l=fr">Recettes avec tomates en conserve</a></td></tr><tr role="row" class="even"><td tabindex="0"><i class="fas fa-hand-rock"></i></td><td class=" not_printable"><div class="addToGL" data-soscuisine-aisle="23" data-soscuisine-sip="3938451"><i class="fa fa-cart-plus" title="Ajouter à ma liste d'épicerie"></i><div></div></div></td><td><img class="storeItemImage" alt="tomates en conserve" src="/media/images/store_item/blank.jpg"></td><td>tomates en conserve</td><td class="not_printable sorting_1">conserves</td><td><img style="width:50%;" src="/media/images/logos/marchands/7.png" alt="Intermarché (Saveurs intl.)"></td><td><span itemprop="price">1,25 $</span><span itemprop="eligibleQuantity" itemscope="" itemtype="http://schema.org/QuantitativeValue">/<span itemprop="unitText">796mL</span></span></td><td>1,57 $/L</td><td style="display: none;">2020-02-26</td><td style="display: none;"></td><td style="display: none;">Aurora</td><td style="display: none;"></td><td style="display: none;"></td><td style="display: none;"></td><td style="display: none;"></td><td style="display: none;"></td><td style="display: none;"><a class="recipeLink" href="/recipe_ingredient_search_results.php?query=(_QU5E__1__________294__[]_1_1)&amp;sos_l=fr">Recettes avec tomates en conserve</a></td></tr><tr role="row" class="odd"><td tabindex="0"><i class="fa fa-thumbs-down"></i></td><td class=" not_printable"><div class="addToGL" data-soscuisine-aisle="23" data-soscuisine-sip="3937343"><i class="fa fa-cart-plus" title="Ajouter à ma liste d'épicerie"></i><div></div></div></td><td><img class="storeItemImage" alt="tomates en conserve" src="/media/images/store_item/blank.jpg"></td><td>tomates en conserve</td><td class="not_printable sorting_1">conserves</td><td><img style="width:50%;" src="/media/images/logos/marchands/95.png" alt="Marchés Tau"></td><td><span itemprop="price">7,00 $</span><span itemprop="eligibleQuantity" itemscope="" itemtype="http://schema.org/QuantitativeValue">/<span itemprop="value">2</span>x<span itemprop="unitText">796mL</span></span></td><td>4,40 $/L</td><td style="display: none;">2020-03-29</td><td style="display: none;"></td><td style="display: none;">Bioitalia</td><td style="display: none;"></td><td style="display: none;"></td><td style="display: none;">Bio</td><td style="display: none;"></td><td style="display: none;"></td><td style="display: none;"><a class="recipeLink" href="/recipe_ingredient_search_results.php?query=(_QU5E__1__________294__[]_1_1)&amp;sos_l=fr">Recettes avec tomates en conserve</a></td></tr><tr role="row" class="even"><td tabindex="0"><i class="fa fa-thumbs-up"></i></td><td class=" not_printable"><div class="addToGL" data-soscuisine-aisle="23" data-soscuisine-sip="3937567"><i class="fa fa-cart-plus" title="Ajouter à ma liste d'épicerie"></i><div></div></div></td><td><img class="storeItemImage" alt="tomates en conserve" src="/media/images/store_item/blank.jpg"></td><td>tomates en conserve</td><td class="not_printable sorting_1">conserves</td><td><img style="width:50%;" src="/media/images/logos/marchands/6.png" alt="Maxi"></td><td><span itemprop="price">1,00 $</span><span itemprop="eligibleQuantity" itemscope="" itemtype="http://schema.org/QuantitativeValue">/<span itemprop="unitText">796mL</span></span></td><td>1,26 $/L</td><td style="display: none;">2020-02-26</td><td style="display: none;"></td><td style="display: none;">marque maison</td><td style="display: none;"></td><td style="display: none;"></td><td style="display: none;"></td><td style="display: none;">en dés ou concassées</td><td style="display: none;"></td><td style="display: none;"><a class="recipeLink" href="/recipe_ingredient_search_results.php?query=(_QU5E__1__________294__[]_1_1)&amp;sos_l=fr">Recettes avec tomates en conserve</a></td></tr><tr role="row" class="odd"><td tabindex="0"><i class="fa fa-thumbs-up"></i><i class="fa fa-thumbs-up"></i></td><td class=" not_printable"><div class="addToGL" data-soscuisine-aisle="23" data-soscuisine-sip="3937629"><i class="fa fa-cart-plus" title="Ajouter à ma liste d'épicerie"></i><div></div></div></td><td><img class="storeItemImage" alt="tomates en conserve" src="/media/images/store_item/blank.jpg"></td><td>tomates en conserve</td><td class="not_printable sorting_1">conserves</td><td><img style="width:50%;" src="/media/images/logos/marchands/1.png" alt="Metro"></td><td><span itemprop="price">0,99 $</span><span itemprop="eligibleQuantity" itemscope="" itemtype="http://schema.org/QuantitativeValue">/<span itemprop="unitText">796mL</span></span></td><td>1,24 $/L</td><td style="display: none;">2020-02-26</td><td style="display: none;"></td><td style="display: none;">marque maison</td><td style="display: none;"></td><td style="display: none;"></td><td style="display: none;"></td><td style="display: none;"></td><td style="display: none;"></td><td style="display: none;"><a class="recipeLink" href="/recipe_ingredient_search_results.php?query=(_QU5E__1__________294__[]_1_1)&amp;sos_l=fr">Recettes avec tomates en conserve</a></td></tr><tr role="row" class="even"><td tabindex="0"><i class="fa fa-thumbs-up"></i><i class="fa fa-thumbs-up"></i></td><td class=" not_printable"><div class="addToGL" data-soscuisine-aisle="23" data-soscuisine-sip="3935931"><i class="fa fa-cart-plus" title="Ajouter à ma liste d'épicerie"></i><div></div></div></td><td><img class="storeItemImage" alt="tomates en conserve" src="/media/images/store_item/blank.jpg"></td><td>tomates en conserve</td><td class="not_printable sorting_1">conserves</td><td><img style="width:50%;" src="/media/images/logos/marchands/62.png" alt="Supermarché PA"></td><td><span itemprop="price">0,89 $</span><span itemprop="eligibleQuantity" itemscope="" itemtype="http://schema.org/QuantitativeValue">/<span itemprop="unitText">796mL</span></span></td><td>1,12 $/L</td><td style="display: none;">2020-02-23</td><td style="display: none;"></td><td style="display: none;">Ilios</td><td style="display: none;"></td><td style="display: none;"></td><td style="display: none;"></td><td style="display: none;"></td><td style="display: none;"></td><td style="display: none;"><a class="recipeLink" href="/recipe_ingredient_search_results.php?query=(_QU5E__1__________294__[]_1_1)&amp;sos_l=fr">Recettes avec tomates en conserve</a></td></tr><tr role="row" class="odd"><td tabindex="0"><i class="fa fa-thumbs-up"></i><i class="fa fa-thumbs-up"></i></td><td class=" not_printable"><div class="addToGL" data-soscuisine-aisle="10" data-soscuisine-sip="3939829"><i class="fa fa-cart-plus" title="Ajouter à ma liste d'épicerie"></i><div></div></div></td><td><img class="storeItemImage" alt="barres granola" src="/media/images/store_item/blank.jpg"></td><td>barres granola</td><td class="not_printable sorting_1">produits secs &amp; autres</td><td><img style="width:50%;" src="/media/images/logos/marchands/3.png" alt="IGA"></td><td><span itemprop="price">1,49 $</span><span itemprop="eligibleQuantity" itemscope="" itemtype="http://schema.org/QuantitativeValue">/<span itemprop="unitText">156g (5,5oz)</span></span></td><td>0,96 $/100g</td><td style="display: none;">2020-02-26</td><td style="display: none;"></td><td style="display: none;">marque maison</td><td style="display: none;"></td><td style="display: none;"></td><td style="display: none;"></td><td style="display: none;"></td><td style="display: none;"></td><td style="display: none;"><a class="recipeLink" href="/recipe_ingredient_search_results.php?query=(_QU5E__1__________963__[]_1_1)&amp;sos_l=fr">Recettes avec barres granola</a></td></tr><tr role="row" class="even"><td tabindex="0"><i class="fa fa-thumbs-up"></i></td><td class=" not_printable"><div class="addToGL" data-soscuisine-aisle="10" data-soscuisine-sip="3938707"><i class="fa fa-cart-plus" title="Ajouter à ma liste d'épicerie"></i><div></div></div></td><td><img class="storeItemImage" alt="barres granola" src="/media/images/store_item/blank.jpg"></td><td>barres granola</td><td class="not_printable sorting_1">produits secs &amp; autres</td><td><img style="width:50%;" src="/media/images/logos/marchands/69.png" alt="Intermarché (Provincial)"></td><td><span itemprop="price">1,99 $</span><span itemprop="eligibleQuantity" itemscope="" itemtype="http://schema.org/QuantitativeValue">/<span itemprop="unitText">156g (5,5oz)</span></span></td><td>1,28 $/100g</td><td style="display: none;">2020-02-26</td><td style="display: none;"></td><td style="display: none;">Quaker</td><td style="display: none;"></td><td style="display: none;"></td><td style="display: none;"></td><td style="display: none;"></td><td style="display: none;"></td><td style="display: none;"><a class="recipeLink" href="/recipe_ingredient_search_results.php?query=(_QU5E__1__________963__[]_1_1)&amp;sos_l=fr">Recettes avec barres granola</a></td></tr><tr role="row" class="odd"><td tabindex="0"><i class="fa fa-thumbs-up"></i></td><td class=" not_printable"><div class="addToGL" data-soscuisine-aisle="10" data-soscuisine-sip="3938487"><i class="fa fa-cart-plus" title="Ajouter à ma liste d'épicerie"></i><div></div></div></td><td><img class="storeItemImage" alt="barres granola" src="/media/images/store_item/blank.jpg"></td><td>barres granola</td><td class="not_printable sorting_1">produits secs &amp; autres</td><td><img style="width:50%;" src="/media/images/logos/marchands/7.png" alt="Intermarché (Saveurs intl.)"></td><td><span itemprop="price">1,99 $</span><span itemprop="eligibleQuantity" itemscope="" itemtype="http://schema.org/QuantitativeValue">/<span itemprop="unitText">156g (5,5oz)</span></span></td><td>1,28 $/100g</td><td style="display: none;">2020-02-26</td><td style="display: none;"></td><td style="display: none;">Quaker</td><td style="display: none;"></td><td style="display: none;"></td><td style="display: none;"></td><td style="display: none;"></td><td style="display: none;"></td><td style="display: none;"><a class="recipeLink" href="/recipe_ingredient_search_results.php?query=(_QU5E__1__________963__[]_1_1)&amp;sos_l=fr">Recettes avec barres granola</a></td></tr><tr role="row" class="even"><td tabindex="0"><i class="fa fa-thumbs-up"></i></td><td class=" not_printable"><div class="addToGL" data-soscuisine-aisle="10" data-soscuisine-sip="3937561"><i class="fa fa-cart-plus" title="Ajouter à ma liste d'épicerie"></i><div></div></div></td><td><img class="storeItemImage" alt="barres granola" src="/media/images/store_item/blank.jpg"></td><td>barres granola</td><td class="not_printable sorting_1">produits secs &amp; autres</td><td><img style="width:50%;" src="/media/images/logos/marchands/6.png" alt="Maxi"></td><td><span itemprop="price">2,00 $</span><span itemprop="eligibleQuantity" itemscope="" itemtype="http://schema.org/QuantitativeValue">/<span itemprop="unitText">150g</span></span></td><td>1,33 $/100g</td><td style="display: none;">2020-02-26</td><td style="display: none;"></td><td style="display: none;">Quaker</td><td style="display: none;"></td><td style="display: none;"></td><td style="display: none;"></td><td style="display: none;"></td><td style="display: none;"></td><td style="display: none;"><a class="recipeLink" href="/recipe_ingredient_search_results.php?query=(_QU5E__1__________963__[]_1_1)&amp;sos_l=fr">Recettes avec barres granola</a></td></tr><tr role="row" class="odd"><td tabindex="0"><i class="fa fa-thumbs-up"></i></td><td class=" not_printable"><div class="addToGL" data-soscuisine-aisle="10" data-soscuisine-sip="3938285"><i class="fa fa-cart-plus" title="Ajouter à ma liste d'épicerie"></i><div></div></div></td><td><img class="storeItemImage" alt="barres granola" src="/media/images/store_item/blank.jpg"></td><td>barres granola</td><td class="not_printable sorting_1">produits secs &amp; autres</td><td><img style="width:50%;" src="/media/images/logos/marchands/2.png" alt="Provigo"></td><td><span itemprop="price">4,00 $</span><span itemprop="eligibleQuantity" itemscope="" itemtype="http://schema.org/QuantitativeValue">/<span itemprop="value">2</span>x<span itemprop="unitText">150g</span></span></td><td>1,33 $/100g</td><td style="display: none;">2020-02-26</td><td style="display: none;"></td><td style="display: none;">Quaker</td><td style="display: none;"></td><td style="display: none;"></td><td style="display: none;"></td><td style="display: none;"></td><td style="display: none;"></td><td style="display: none;"><a class="recipeLink" href="/recipe_ingredient_search_results.php?query=(_QU5E__1__________963__[]_1_1)&amp;sos_l=fr">Recettes avec barres granola</a></td></tr><tr role="row" class="even"><td tabindex="0"><i class="fas fa-hand-rock"></i></td><td class=" not_printable"><div class="addToGL" data-soscuisine-aisle="10" data-soscuisine-sip="3938283"><i class="fa fa-cart-plus" title="Ajouter à ma liste d'épicerie"></i><div></div></div></td><td><img class="storeItemImage" alt="barres granola" src="/media/images/store_item/blank.jpg"></td><td>barres granola</td><td class="not_printable sorting_1">produits secs &amp; autres</td><td><img style="width:50%;" src="/media/images/logos/marchands/2.png" alt="Provigo"></td><td><span itemprop="price">2,49 $</span><span itemprop="eligibleQuantity" itemscope="" itemtype="http://schema.org/QuantitativeValue">/<span itemprop="unitText">150g</span></span></td><td>1,66 $/100g</td><td style="display: none;">2020-02-26</td><td style="display: none;"></td><td style="display: none;">Quaker</td><td style="display: none;"></td><td style="display: none;"></td><td style="display: none;"></td><td style="display: none;"></td><td style="display: none;"></td><td style="display: none;"><a class="recipeLink" href="/recipe_ingredient_search_results.php?query=(_QU5E__1__________963__[]_1_1)&amp;sos_l=fr">Recettes avec barres granola</a></td></tr><tr role="row" class="odd"><td tabindex="0"><i class="fa fa-thumbs-up"></i><i class="fa fa-thumbs-up"></i></td><td class=" not_printable"><div class="addToGL" data-soscuisine-aisle="10" data-soscuisine-sip="3940403"><i class="fa fa-cart-plus" title="Ajouter à ma liste d'épicerie"></i><div></div></div></td><td><img class="storeItemImage" alt="barres granola" src="/media/images/store_item/blank.jpg"></td><td>barres granola</td><td class="not_printable sorting_1">produits secs &amp; autres</td><td><img style="width:50%;" src="/media/images/logos/marchands/5.png" alt="Super C"></td><td><span itemprop="price">1,88 $</span><span itemprop="eligibleQuantity" itemscope="" itemtype="http://schema.org/QuantitativeValue">/<span itemprop="unitText">175g</span></span></td><td>1,07 $/100g</td><td style="display: none;">2020-02-26</td><td style="display: none;"></td><td style="display: none;">Val Nature</td><td style="display: none;"></td><td style="display: none;"></td><td style="display: none;"></td><td style="display: none;"></td><td style="display: none;"></td><td style="display: none;"><a class="recipeLink" href="/recipe_ingredient_search_results.php?query=(_QU5E__1__________963__[]_1_1)&amp;sos_l=fr">Recettes avec barres granola</a></td></tr><tr role="row" class="even"><td tabindex="0"><i class="fa fa-thumbs-down"></i></td><td class=" not_printable"><div class="addToGL" data-soscuisine-aisle="10" data-soscuisine-sip="3912929"><i class="fa fa-cart-plus" title="Ajouter à ma liste d'épicerie"></i><div></div></div></td><td><img class="storeItemImage" alt="beurre d'amande" src="/media/images/store_item/blank.jpg"></td><td>beurre d'amande</td><td class="not_printable sorting_1">produits secs &amp; autres</td><td><img style="width:50%;" src="/media/images/logos/marchands/94.png" alt="Avril"></td><td><span itemprop="price">11,99 $</span><span itemprop="eligibleQuantity" itemscope="" itemtype="http://schema.org/QuantitativeValue">/<span itemprop="unitText">365g</span></span></td><td>3,28 $/100g</td><td style="display: none;">2020-03-03</td><td style="display: none;"></td><td style="display: none;">Nuts to You</td><td style="display: none;"></td><td style="display: none;"></td><td style="display: none;"></td><td style="display: none;"></td><td style="display: none;"></td><td style="display: none;"><a class="recipeLink" href="/recipe_ingredient_search_results.php?query=(_QU5E__1__________953__[]_1_1)&amp;sos_l=fr">Recettes avec beurre d'amande</a></td></tr><tr role="row" class="odd"><td tabindex="0"><i class="fas fa-hand-rock"></i></td><td class=" not_printable"><div class="addToGL" data-soscuisine-aisle="10" data-soscuisine-sip="3937315"><i class="fa fa-cart-plus" title="Ajouter à ma liste d'épicerie"></i><div></div></div></td><td><img class="storeItemImage" alt="beurre d'amande" src="/media/images/store_item/blank.jpg"></td><td>beurre d'amande</td><td class="not_printable sorting_1">produits secs &amp; autres</td><td><img style="width:50%;" src="/media/images/logos/marchands/95.png" alt="Marchés Tau"></td><td><span itemprop="price">7,99 $</span><span itemprop="eligibleQuantity" itemscope="" itemtype="http://schema.org/QuantitativeValue">/<span itemprop="unitText">340g</span></span></td><td>2,35 $/100g</td><td style="display: none;">2020-03-29</td><td style="display: none;"></td><td style="display: none;">MaraNatha</td><td style="display: none;"></td><td style="display: none;"></td><td style="display: none;"></td><td style="display: none;"></td><td style="display: none;"></td><td style="display: none;"><a class="recipeLink" href="/recipe_ingredient_search_results.php?query=(_QU5E__1__________953__[]_1_1)&amp;sos_l=fr">Recettes avec beurre d'amande</a></td></tr><tr role="row" class="even"><td tabindex="0"><i class="fas fa-hand-rock"></i></td><td class=" not_printable"><div class="addToGL" data-soscuisine-aisle="10" data-soscuisine-sip="3939739"><i class="fa fa-cart-plus" title="Ajouter à ma liste d'épicerie"></i><div></div></div></td><td><img class="storeItemImage" alt="beurre d'arachide" src="/media/images/store_item/blank.jpg"></td><td>beurre d'arachide</td><td class="not_printable sorting_1">produits secs &amp; autres</td><td><img style="width:50%;" src="/media/images/logos/marchands/10.png" alt="Bonichoix "></td><td><span itemprop="price">6,98 $</span><span itemprop="eligibleQuantity" itemscope="" itemtype="http://schema.org/QuantitativeValue">/<span itemprop="value">2</span>x<span itemprop="unitText">500g</span></span></td><td>0,70 $/100g</td><td style="display: none;">2020-02-26</td><td style="display: none;"></td><td style="display: none;">Kraft</td><td style="display: none;"></td><td style="display: none;"></td><td style="display: none;"></td><td style="display: none;"></td><td style="display: none;"></td><td style="display: none;"><a class="recipeLink" href="/recipe_ingredient_search_results.php?query=(_QU5E__1__________144__[]_1_1)&amp;sos_l=fr">Recettes avec beurre d'arachide</a></td></tr><tr role="row" class="odd"><td tabindex="0"><i class="fas fa-hand-rock"></i></td><td class=" not_printable"><div class="addToGL" data-soscuisine-aisle="10" data-soscuisine-sip="3937963"><i class="fa fa-cart-plus" title="Ajouter à ma liste d'épicerie"></i><div></div></div></td><td><img class="storeItemImage" alt="beurre d'arachide" src="/media/images/store_item/blank.jpg"></td><td>beurre d'arachide</td><td class="not_printable sorting_1">produits secs &amp; autres</td><td><img style="width:50%;" src="/media/images/logos/marchands/2.png" alt="Provigo"></td><td><span itemprop="price">4,99 $</span><span itemprop="eligibleQuantity" itemscope="" itemtype="http://schema.org/QuantitativeValue">/<span itemprop="unitText">1kg</span></span></td><td>0,50 $/100g</td><td style="display: none;">2020-02-26</td><td style="display: none;"></td><td style="display: none;">Kraft</td><td style="display: none;"></td><td style="display: none;"></td><td style="display: none;"></td><td style="display: none;"></td><td style="display: none;"></td><td style="display: none;"><a class="recipeLink" href="/recipe_ingredient_search_results.php?query=(_QU5E__1__________144__[]_1_1)&amp;sos_l=fr">Recettes avec beurre d'arachide</a></td></tr><tr role="row" class="even"><td tabindex="0"><i class="fa fa-thumbs-down"></i></td><td class=" not_printable"><div class="addToGL" data-soscuisine-aisle="10" data-soscuisine-sip="3938761"><i class="fa fa-cart-plus" title="Ajouter à ma liste d'épicerie"></i><div></div></div></td><td><img class="storeItemImage" alt="beurre d'arachide" src="/media/images/store_item/blank.jpg"></td><td>beurre d'arachide</td><td class="not_printable sorting_1">produits secs &amp; autres</td><td><img style="width:50%;" src="/media/images/logos/marchands/93.png" alt="Rachelle Béry"></td><td><span itemprop="price">4,99 $</span><span itemprop="eligibleQuantity" itemscope="" itemtype="http://schema.org/QuantitativeValue">/<span itemprop="unitText">500g</span></span></td><td>1,00 $/100g</td><td style="display: none;">2020-03-04</td><td style="display: none;"></td><td style="display: none;">MaraNatha</td><td style="display: none;"></td><td style="display: none;"></td><td style="display: none;">Bio</td><td style="display: none;"></td><td style="display: none;"></td><td style="display: none;"><a class="recipeLink" href="/recipe_ingredient_search_results.php?query=(_QU5E__1__________144__[]_1_1)&amp;sos_l=fr">Recettes avec beurre d'arachide</a></td></tr><tr role="row" class="odd"><td tabindex="0"><i class="fas fa-hand-rock"></i></td><td class=" not_printable"><div class="addToGL" data-soscuisine-aisle="10" data-soscuisine-sip="3940933"><i class="fa fa-cart-plus" title="Ajouter à ma liste d'épicerie"></i><div></div></div></td><td><img class="storeItemImage" alt="beurre d'arachide" src="/media/images/store_item/blank.jpg"></td><td>beurre d'arachide</td><td class="not_printable sorting_1">produits secs &amp; autres</td><td><img style="width:50%;" src="/media/images/logos/marchands/12.png" alt="Richelieu"></td><td><span itemprop="price">5,99 $</span><span itemprop="eligibleQuantity" itemscope="" itemtype="http://schema.org/QuantitativeValue">/<span itemprop="unitText">1kg</span></span></td><td>0,60 $/100g</td><td style="display: none;">2020-02-26</td><td style="display: none;"></td><td style="display: none;">Kraft</td><td style="display: none;"></td><td style="display: none;"></td><td style="display: none;"></td><td style="display: none;"></td><td style="display: none;"></td><td style="display: none;"><a class="recipeLink" href="/recipe_ingredient_search_results.php?query=(_QU5E__1__________144__[]_1_1)&amp;sos_l=fr">Recettes avec beurre d'arachide</a></td></tr><tr role="row" class="even"><td tabindex="0"><i class="fa fa-thumbs-up"></i><i class="fa fa-thumbs-up"></i></td><td class=" not_printable"><div class="addToGL" data-soscuisine-aisle="10" data-soscuisine-sip="3940437"><i class="fa fa-cart-plus" title="Ajouter à ma liste d'épicerie"></i><div></div></div></td><td><img class="storeItemImage" alt="beurre d'arachide" src="/media/images/store_item/blank.jpg"></td><td>beurre d'arachide</td><td class="not_printable sorting_1">produits secs &amp; autres</td><td><img style="width:50%;" src="/media/images/logos/marchands/5.png" alt="Super C"></td><td><span itemprop="price">3,77 $</span><span itemprop="eligibleQuantity" itemscope="" itemtype="http://schema.org/QuantitativeValue">/<span itemprop="unitText">1kg</span></span></td><td>0,38 $/100g</td><td style="display: none;">2020-02-26</td><td style="display: none;"></td><td style="display: none;">Kraft</td><td style="display: none;"></td><td style="display: none;"></td><td style="display: none;"></td><td style="display: none;"></td><td style="display: none;"></td><td style="display: none;"><a class="recipeLink" href="/recipe_ingredient_search_results.php?query=(_QU5E__1__________144__[]_1_1)&amp;sos_l=fr">Recettes avec beurre d'arachide</a></td></tr><tr role="row" class="odd"><td tabindex="0"><i class="fas fa-hand-rock"></i></td><td class=" not_printable"><div class="addToGL" data-soscuisine-aisle="10" data-soscuisine-sip="3940667"><i class="fa fa-cart-plus" title="Ajouter à ma liste d'épicerie"></i><div></div></div></td><td><img class="storeItemImage" alt="beurre d'arachide" src="/media/images/store_item/blank.jpg"></td><td>beurre d'arachide</td><td class="not_printable sorting_1">produits secs &amp; autres</td><td><img style="width:50%;" src="/media/images/logos/marchands/5.png" alt="Super C"></td><td><span itemprop="price">3,99 $</span><span itemprop="eligibleQuantity" itemscope="" itemtype="http://schema.org/QuantitativeValue">/<span itemprop="unitText">500g</span></span></td><td>0,80 $/100g</td><td style="display: none;">2020-02-26</td><td style="display: none;"></td><td style="display: none;">Natur</td><td style="display: none;"></td><td style="display: none;"></td><td style="display: none;"></td><td style="display: none;"></td><td style="display: none;"></td><td style="display: none;"><a class="recipeLink" href="/recipe_ingredient_search_results.php?query=(_QU5E__1__________144__[]_1_1)&amp;sos_l=fr">Recettes avec beurre d'arachide</a></td></tr><tr role="row" class="even"><td tabindex="0"><i class="fas fa-hand-rock"></i></td><td class=" not_printable"><div class="addToGL" data-soscuisine-aisle="10" data-soscuisine-sip="3936035"><i class="fa fa-cart-plus" title="Ajouter à ma liste d'épicerie"></i><div></div></div></td><td><img class="storeItemImage" alt="beurre d'arachide" src="/media/images/store_item/blank.jpg"></td><td>beurre d'arachide</td><td class="not_printable sorting_1">produits secs &amp; autres</td><td><img style="width:50%;" src="/media/images/logos/marchands/62.png" alt="Supermarché PA"></td><td><span itemprop="price">3,99 $</span><span itemprop="eligibleQuantity" itemscope="" itemtype="http://schema.org/QuantitativeValue">/<span itemprop="unitText">500g</span></span></td><td>0,80 $/100g</td><td style="display: none;">2020-02-23</td><td style="display: none;"></td><td style="display: none;">Yum</td><td style="display: none;"></td><td style="display: none;"></td><td style="display: none;">Bio</td><td style="display: none;"></td><td style="display: none;"></td><td style="display: none;"><a class="recipeLink" href="/recipe_ingredient_search_results.php?query=(_QU5E__1__________144__[]_1_1)&amp;sos_l=fr">Recettes avec beurre d'arachide</a></td></tr><tr role="row" class="odd"><td tabindex="0"><i class="fas fa-hand-rock"></i></td><td class=" not_printable"><div class="addToGL" data-soscuisine-aisle="10" data-soscuisine-sip="3940841"><i class="fa fa-cart-plus" title="Ajouter à ma liste d'épicerie"></i><div></div></div></td><td><img class="storeItemImage" alt="beurre d'arachide" src="/media/images/store_item/blank.jpg"></td><td>beurre d'arachide</td><td class="not_printable sorting_1">produits secs &amp; autres</td><td><img style="width:50%;" src="/media/images/logos/marchands/11.png" alt="Tradition"></td><td><span itemprop="price">6,98 $</span><span itemprop="eligibleQuantity" itemscope="" itemtype="http://schema.org/QuantitativeValue">/<span itemprop="value">2</span>x<span itemprop="unitText">500g</span></span></td><td>0,70 $/100g</td><td style="display: none;">2020-02-26</td><td style="display: none;"></td><td style="display: none;">Kraft</td><td style="display: none;"></td><td style="display: none;"></td><td style="display: none;"></td><td style="display: none;"></td><td style="display: none;"></td><td style="display: none;"><a class="recipeLink" href="/recipe_ingredient_search_results.php?query=(_QU5E__1__________144__[]_1_1)&amp;sos_l=fr">Recettes avec beurre d'arachide</a></td></tr><tr role="row" class="even"><td tabindex="0"><i class="fas fa-hand-rock"></i></td><td class=" not_printable"><div class="addToGL" data-soscuisine-aisle="10" data-soscuisine-sip="3939769"><i class="fa fa-cart-plus" title="Ajouter à ma liste d'épicerie"></i><div></div></div></td><td><img class="storeItemImage" alt="boisson pour sportifs" src="/media/images/store_item/blank.jpg"></td><td>boisson pour sportifs</td><td class="not_printable sorting_1">produits secs &amp; autres</td><td><img style="width:50%;" src="/media/images/logos/marchands/10.png" alt="Bonichoix "></td><td><span itemprop="price">5,99 $</span><span itemprop="eligibleQuantity" itemscope="" itemtype="http://schema.org/QuantitativeValue">/<span itemprop="value">6</span>x<span itemprop="unitText">591mL</span></span></td><td>0,17 $/100mL</td><td style="display: none;">2020-02-26</td><td style="display: none;"></td><td style="display: none;">Gatorade</td><td style="display: none;"></td><td style="display: none;"></td><td style="display: none;"></td><td style="display: none;"></td><td style="display: none;"></td><td style="display: none;"><a class="recipeLink" href="/recipe_ingredient_search_results.php?query=(_QU5E__1__________1070__[]_1_1)&amp;sos_l=fr">Recettes avec boisson pour sportifs</a></td></tr><tr role="row" class="odd"><td tabindex="0"><i class="fa fa-thumbs-down"></i></td><td class=" not_printable"><div class="addToGL" data-soscuisine-aisle="10" data-soscuisine-sip="3937957"><i class="fa fa-cart-plus" title="Ajouter à ma liste d'épicerie"></i><div></div></div></td><td><img class="storeItemImage" alt="boisson pour sportifs" src="/media/images/store_item/blank.jpg"></td><td>boisson pour sportifs</td><td class="not_printable sorting_1">produits secs &amp; autres</td><td><img style="width:50%;" src="/media/images/logos/marchands/1.png" alt="Metro"></td><td><span itemprop="price">1,69 $</span><span itemprop="eligibleQuantity" itemscope="" itemtype="http://schema.org/QuantitativeValue">/<span itemprop="unitText">710mL</span></span></td><td>0,24 $/100mL</td><td style="display: none;">2020-02-26</td><td style="display: none;"></td><td style="display: none;">Powerade</td><td style="display: none;"></td><td style="display: none;"></td><td style="display: none;"></td><td style="display: none;"></td><td style="display: none;"></td><td style="display: none;"><a class="recipeLink" href="/recipe_ingredient_search_results.php?query=(_QU5E__1__________1070__[]_1_1)&amp;sos_l=fr">Recettes avec boisson pour sportifs</a></td></tr><tr role="row" class="even"><td tabindex="0"><i class="fa fa-thumbs-up"></i></td><td class=" not_printable"><div class="addToGL" data-soscuisine-aisle="10" data-soscuisine-sip="3938337"><i class="fa fa-cart-plus" title="Ajouter à ma liste d'épicerie"></i><div></div></div></td><td><img class="storeItemImage" alt="boisson pour sportifs" src="/media/images/store_item/blank.jpg"></td><td>boisson pour sportifs</td><td class="not_printable sorting_1">produits secs &amp; autres</td><td><img style="width:50%;" src="/media/images/logos/marchands/2.png" alt="Provigo"></td><td><span itemprop="price">10,00 $</span><span itemprop="eligibleQuantity" itemscope="" itemtype="http://schema.org/QuantitativeValue">/<span itemprop="value">12</span>x<span itemprop="unitText">591mL</span></span></td><td>0,14 $/100mL</td><td style="display: none;">2020-02-26</td><td style="display: none;"></td><td style="display: none;">Gatorade</td><td style="display: none;"></td><td style="display: none;"></td><td style="display: none;"></td><td style="display: none;"></td><td style="display: none;">ou Powerade</td><td style="display: none;"><a class="recipeLink" href="/recipe_ingredient_search_results.php?query=(_QU5E__1__________1070__[]_1_1)&amp;sos_l=fr">Recettes avec boisson pour sportifs</a></td></tr><tr role="row" class="odd"><td tabindex="0"><i class="fas fa-hand-rock"></i></td><td class=" not_printable"><div class="addToGL" data-soscuisine-aisle="10" data-soscuisine-sip="3938335"><i class="fa fa-cart-plus" title="Ajouter à ma liste d'épicerie"></i><div></div></div></td><td><img class="storeItemImage" alt="boisson pour sportifs" src="/media/images/store_item/blank.jpg"></td><td>boisson pour sportifs</td><td class="not_printable sorting_1">produits secs &amp; autres</td><td><img style="width:50%;" src="/media/images/logos/marchands/2.png" alt="Provigo"></td><td><span itemprop="price">5,99 $</span><span itemprop="eligibleQuantity" itemscope="" itemtype="http://schema.org/QuantitativeValue">/<span itemprop="value">6</span>x<span itemprop="unitText">591mL</span></span></td><td>0,17 $/100mL</td><td style="display: none;">2020-02-26</td><td style="display: none;"></td><td style="display: none;">Gatorade</td><td style="display: none;"></td><td style="display: none;"></td><td style="display: none;"></td><td style="display: none;"></td><td style="display: none;">ou Powerade</td><td style="display: none;"><a class="recipeLink" href="/recipe_ingredient_search_results.php?query=(_QU5E__1__________1070__[]_1_1)&amp;sos_l=fr">Recettes avec boisson pour sportifs</a></td></tr><tr role="row" class="even"><td tabindex="0"><i class="fas fa-hand-rock"></i></td><td class=" not_printable"><div class="addToGL" data-soscuisine-aisle="10" data-soscuisine-sip="3940823"><i class="fa fa-cart-plus" title="Ajouter à ma liste d'épicerie"></i><div></div></div></td><td><img class="storeItemImage" alt="boisson pour sportifs" src="/media/images/store_item/blank.jpg"></td><td>boisson pour sportifs</td><td class="not_printable sorting_1">produits secs &amp; autres</td><td><img style="width:50%;" src="/media/images/logos/marchands/11.png" alt="Tradition"></td><td><span itemprop="price">5,49 $</span><span itemprop="eligibleQuantity" itemscope="" itemtype="http://schema.org/QuantitativeValue">/<span itemprop="value">6</span>x<span itemprop="unitText">591mL</span></span></td><td>0,15 $/100mL</td><td style="display: none;">2020-02-26</td><td style="display: none;"></td><td style="display: none;">Gatorade</td><td style="display: none;"></td><td style="display: none;"></td><td style="display: none;"></td><td style="display: none;"></td><td style="display: none;"></td><td style="display: none;"><a class="recipeLink" href="/recipe_ingredient_search_results.php?query=(_QU5E__1__________1070__[]_1_1)&amp;sos_l=fr">Recettes avec boisson pour sportifs</a></td></tr><tr role="row" class="odd"><td tabindex="0"><i class="fa fa-thumbs-up"></i></td><td class=" not_printable"><div class="addToGL" data-soscuisine-aisle="10" data-soscuisine-sip="3941041"><i class="fa fa-cart-plus" title="Ajouter à ma liste d'épicerie"></i><div></div></div></td><td><img class="storeItemImage" alt="boisson pour sportifs" src="/media/images/store_item/blank.jpg"></td><td>boisson pour sportifs</td><td class="not_printable sorting_1">produits secs &amp; autres</td><td><img style="width:50%;" src="/media/images/logos/marchands/73.png" alt="Walmart"></td><td><span itemprop="price">10,00 $</span><span itemprop="eligibleQuantity" itemscope="" itemtype="http://schema.org/QuantitativeValue">/<span itemprop="value">12</span>x<span itemprop="unitText">591mL</span></span></td><td>0,14 $/100mL</td><td style="display: none;">2020-02-26</td><td style="display: none;"></td><td style="display: none;">Gatorade</td><td style="display: none;"></td><td style="display: none;"></td><td style="display: none;"></td><td style="display: none;"></td><td style="display: none;"></td><td style="display: none;"><a class="recipeLink" href="/recipe_ingredient_search_results.php?query=(_QU5E__1__________1070__[]_1_1)&amp;sos_l=fr">Recettes avec boisson pour sportifs</a></td></tr><tr role="row" class="even"><td tabindex="0"><i class="fas fa-hand-rock"></i></td><td class=" not_printable"><div class="addToGL" data-soscuisine-aisle="10" data-soscuisine-sip="3941039"><i class="fa fa-cart-plus" title="Ajouter à ma liste d'épicerie"></i><div></div></div></td><td><img class="storeItemImage" alt="boisson pour sportifs" src="/media/images/store_item/blank.jpg"></td><td>boisson pour sportifs</td><td class="not_printable sorting_1">produits secs &amp; autres</td><td><img style="width:50%;" src="/media/images/logos/marchands/73.png" alt="Walmart"></td><td><span itemprop="price">5,97 $</span><span itemprop="eligibleQuantity" itemscope="" itemtype="http://schema.org/QuantitativeValue">/<span itemprop="value">6</span>x<span itemprop="unitText">591mL</span></span></td><td>0,17 $/100mL</td><td style="display: none;">2020-02-26</td><td style="display: none;"></td><td style="display: none;">Gatorade</td><td style="display: none;"></td><td style="display: none;"></td><td style="display: none;"></td><td style="display: none;"></td><td style="display: none;"></td><td style="display: none;"><a class="recipeLink" href="/recipe_ingredient_search_results.php?query=(_QU5E__1__________1070__[]_1_1)&amp;sos_l=fr">Recettes avec boisson pour sportifs</a></td></tr><tr role="row" class="odd"><td tabindex="0"><i class="fa fa-thumbs-down"></i></td><td class=" not_printable"><div class="addToGL" data-soscuisine-aisle="10" data-soscuisine-sip="3938861"><i class="fa fa-cart-plus" title="Ajouter à ma liste d'épicerie"></i><div></div></div></td><td><img class="storeItemImage" alt="bouillon de légumes" src="/media/images/store_item/blank.jpg"></td><td>bouillon de légumes</td><td class="not_printable sorting_1">produits secs &amp; autres</td><td><img style="width:50%;" src="/media/images/logos/marchands/93.png" alt="Rachelle Béry"></td><td><span itemprop="price">9,99 $</span><span itemprop="eligibleQuantity" itemscope="" itemtype="http://schema.org/QuantitativeValue">/<span itemprop="value">3</span>x<span itemprop="unitText">1L</span></span></td><td>3,33 $/L</td><td style="display: none;">2020-03-04</td><td style="display: none;"></td><td style="display: none;">Imagine</td><td style="display: none;"></td><td style="display: none;"></td><td style="display: none;">Bio</td><td style="display: none;"></td><td style="display: none;"></td><td style="display: none;"><a class="recipeLink" href="/recipe_ingredient_search_results.php?query=(_QU5E__1__________287__[]_1_1)&amp;sos_l=fr">Recettes avec bouillon de légumes</a></td></tr><tr role="row" class="even"><td tabindex="0"><i class="fa fa-thumbs-down"></i></td><td class=" not_printable"><div class="addToGL" data-soscuisine-aisle="10" data-soscuisine-sip="3937303"><i class="fa fa-cart-plus" title="Ajouter à ma liste d'épicerie"></i><div></div></div></td><td><img class="storeItemImage" alt="bouillon de poulet" src="/media/images/store_item/blank.jpg"></td><td>bouillon de poulet</td><td class="not_printable sorting_1">produits secs &amp; autres</td><td><img style="width:50%;" src="/media/images/logos/marchands/95.png" alt="Marchés Tau"></td><td><span itemprop="price">2,99 $</span><span itemprop="eligibleQuantity" itemscope="" itemtype="http://schema.org/QuantitativeValue">/<span itemprop="unitText">1L</span></span></td><td>2,99 $/L</td><td style="display: none;">2020-03-29</td><td style="display: none;"></td><td style="display: none;">Imagine</td><td style="display: none;"></td><td style="display: none;"></td><td style="display: none;">Bio</td><td style="display: none;"></td><td style="display: none;"></td><td style="display: none;"><a class="recipeLink" href="/recipe_ingredient_search_results.php?query=(_QU5E__1__________286__[]_1_1)&amp;sos_l=fr">Recettes avec bouillon de poulet</a></td></tr><tr role="row" class="odd"><td tabindex="0"><i class="fa fa-thumbs-up"></i><i class="fa fa-thumbs-up"></i></td><td class=" not_printable"><div class="addToGL" data-soscuisine-aisle="10" data-soscuisine-sip="3937547"><i class="fa fa-cart-plus" title="Ajouter à ma liste d'épicerie"></i><div></div></div></td><td><img class="storeItemImage" alt="bouillon de poulet" src="/media/images/store_item/blank.jpg"></td><td>bouillon de poulet</td><td class="not_printable sorting_1">produits secs &amp; autres</td><td><img style="width:50%;" src="/media/images/logos/marchands/6.png" alt="Maxi"></td><td><span itemprop="price">1,00 $</span><span itemprop="eligibleQuantity" itemscope="" itemtype="http://schema.org/QuantitativeValue">/<span itemprop="unitText">900mL</span></span></td><td>1,11 $/L</td><td style="display: none;">2020-02-26</td><td style="display: none;"></td><td style="display: none;">marque maison</td><td style="display: none;"></td><td style="display: none;"></td><td style="display: none;"></td><td style="display: none;"></td><td style="display: none;"></td><td style="display: none;"><a class="recipeLink" href="/recipe_ingredient_search_results.php?query=(_QU5E__1__________286__[]_1_1)&amp;sos_l=fr">Recettes avec bouillon de poulet</a></td></tr><tr role="row" class="even"><td tabindex="0"><i class="fa fa-thumbs-up"></i><i class="fa fa-thumbs-up"></i></td><td class=" not_printable"><div class="addToGL" data-soscuisine-aisle="10" data-soscuisine-sip="3937597"><i class="fa fa-cart-plus" title="Ajouter à ma liste d'épicerie"></i><div></div></div></td><td><img class="storeItemImage" alt="bouillon de poulet" src="/media/images/store_item/blank.jpg"></td><td>bouillon de poulet</td><td class="not_printable sorting_1">produits secs &amp; autres</td><td><img style="width:50%;" src="/media/images/logos/marchands/1.png" alt="Metro"></td><td><span itemprop="price">0,99 $</span><span itemprop="eligibleQuantity" itemscope="" itemtype="http://schema.org/QuantitativeValue">/<span itemprop="unitText">900mL</span></span></td><td>1,10 $/L</td><td style="display: none;">2020-02-26</td><td style="display: none;"></td><td style="display: none;">marque maison</td><td style="display: none;"></td><td style="display: none;"></td><td style="display: none;"></td><td style="display: none;"></td><td style="display: none;"></td><td style="display: none;"><a class="recipeLink" href="/recipe_ingredient_search_results.php?query=(_QU5E__1__________286__[]_1_1)&amp;sos_l=fr">Recettes avec bouillon de poulet</a></td></tr><tr role="row" class="odd"><td tabindex="0"><i class="fa fa-thumbs-up"></i><i class="fa fa-thumbs-up"></i></td><td class=" not_printable"><div class="addToGL" data-soscuisine-aisle="10" data-soscuisine-sip="3938889"><i class="fa fa-cart-plus" title="Ajouter à ma liste d'épicerie"></i><div></div></div></td><td><img class="storeItemImage" alt="bouillon de poulet" src="/media/images/store_item/blank.jpg"></td><td>bouillon de poulet</td><td class="not_printable sorting_1">produits secs &amp; autres</td><td><img style="width:50%;" src="/media/images/logos/marchands/64.png" alt="Mourelatos"></td><td><span itemprop="price">0,99 $</span><span itemprop="eligibleQuantity" itemscope="" itemtype="http://schema.org/QuantitativeValue">/<span itemprop="unitText">900mL</span></span></td><td>1,10 $/L</td><td style="display: none;">2020-02-25</td><td style="display: none;"></td><td style="display: none;">marque maison</td><td style="display: none;"></td><td style="display: none;"></td><td style="display: none;">Bio</td><td style="display: none;"></td><td style="display: none;"></td><td style="display: none;"><a class="recipeLink" href="/recipe_ingredient_search_results.php?query=(_QU5E__1__________286__[]_1_1)&amp;sos_l=fr">Recettes avec bouillon de poulet</a></td></tr><tr role="row" class="even"><td tabindex="0"><i class="fa fa-thumbs-down"></i></td><td class=" not_printable"><div class="addToGL" data-soscuisine-aisle="10" data-soscuisine-sip="3938859"><i class="fa fa-cart-plus" title="Ajouter à ma liste d'épicerie"></i><div></div></div></td><td><img class="storeItemImage" alt="bouillon de poulet" src="/media/images/store_item/blank.jpg"></td><td>bouillon de poulet</td><td class="not_printable sorting_1">produits secs &amp; autres</td><td><img style="width:50%;" src="/media/images/logos/marchands/93.png" alt="Rachelle Béry"></td><td><span itemprop="price">9,99 $</span><span itemprop="eligibleQuantity" itemscope="" itemtype="http://schema.org/QuantitativeValue">/<span itemprop="value">3</span>x<span itemprop="unitText">1L</span></span></td><td>3,33 $/L</td><td style="display: none;">2020-03-04</td><td style="display: none;"></td><td style="display: none;">Imagine</td><td style="display: none;"></td><td style="display: none;"></td><td style="display: none;">Bio</td><td style="display: none;"></td><td style="display: none;"></td><td style="display: none;"><a class="recipeLink" href="/recipe_ingredient_search_results.php?query=(_QU5E__1__________286__[]_1_1)&amp;sos_l=fr">Recettes avec bouillon de poulet</a></td></tr><tr role="row" class="odd"><td tabindex="0"><i class="fa fa-thumbs-down"></i></td><td class=" not_printable"><div class="addToGL" data-soscuisine-aisle="10" data-soscuisine-sip="3912931"><i class="fa fa-cart-plus" title="Ajouter à ma liste d'épicerie"></i><div></div></div></td><td><img class="storeItemImage" alt="café" src="/media/images/store_item/blank.jpg"></td><td>café</td><td class="not_printable sorting_1">produits secs &amp; autres</td><td><img style="width:50%;" src="/media/images/logos/marchands/94.png" alt="Avril"></td><td><span itemprop="price">11,99 $</span><span itemprop="eligibleQuantity" itemscope="" itemtype="http://schema.org/QuantitativeValue">/<span itemprop="unitText">454g (1lb)</span></span></td><td>2,64 $/100g</td><td style="display: none;">2020-03-03</td><td style="display: none;"></td><td style="display: none;">Mystique</td><td style="display: none;"></td><td style="display: none;"></td><td style="display: none;"></td><td style="display: none;">en grains</td><td style="display: none;"></td><td style="display: none;"><a class="recipeLink" href="/recipe_ingredient_search_results.php?query=(_QU5E__1__________276__[]_1_1)&amp;sos_l=fr">Recettes avec café</a></td></tr><tr role="row" class="even"><td tabindex="0"><i class="fa fa-thumbs-up"></i></td><td class=" not_printable"><div class="addToGL" data-soscuisine-aisle="10" data-soscuisine-sip="3939557"><i class="fa fa-cart-plus" title="Ajouter à ma liste d'épicerie"></i><div></div></div></td><td><img class="storeItemImage" alt="café" src="/media/images/store_item/blank.jpg"></td><td>café</td><td class="not_printable sorting_1">produits secs &amp; autres</td><td><img style="width:50%;" src="/media/images/logos/marchands/10.png" alt="Bonichoix "></td><td><span itemprop="price">3,99 $</span><span itemprop="eligibleQuantity" itemscope="" itemtype="http://schema.org/QuantitativeValue">/<span itemprop="unitText">325g</span></span></td><td>1,23 $/100g</td><td style="display: none;">2020-02-26</td><td style="display: none;"></td><td style="display: none;">Maxwell House</td><td style="display: none;"></td><td style="display: none;"></td><td style="display: none;"></td><td style="display: none;">moulu</td><td style="display: none;"></td><td style="display: none;"><a class="recipeLink" href="/recipe_ingredient_search_results.php?query=(_QU5E__1__________276__[]_1_1)&amp;sos_l=fr">Recettes avec café</a></td></tr><tr role="row" class="odd"><td tabindex="0"><i class="fas fa-hand-rock"></i></td><td class=" not_printable"><div class="addToGL" data-soscuisine-aisle="10" data-soscuisine-sip="3939683"><i class="fa fa-cart-plus" title="Ajouter à ma liste d'épicerie"></i><div></div></div></td><td><img class="storeItemImage" alt="café" src="/media/images/store_item/blank.jpg"></td><td>café</td><td class="not_printable sorting_1">produits secs &amp; autres</td><td><img style="width:50%;" src="/media/images/logos/marchands/3.png" alt="IGA"></td><td><span itemprop="price">6,99 $</span><span itemprop="eligibleQuantity" itemscope="" itemtype="http://schema.org/QuantitativeValue">/<span itemprop="unitText">300g</span></span></td><td>2,33 $/100g</td><td style="display: none;">2020-02-26</td><td style="display: none;"></td><td style="display: none;">Nabob</td><td style="display: none;"></td><td style="display: none;"></td><td style="display: none;"></td><td style="display: none;">moulu</td><td style="display: none;"></td><td style="display: none;"><a class="recipeLink" href="/recipe_ingredient_search_results.php?query=(_QU5E__1__________276__[]_1_1)&amp;sos_l=fr">Recettes avec café</a></td></tr><tr role="row" class="even"><td tabindex="0"><i class="fa fa-thumbs-down"></i></td><td class=" not_printable"><div class="addToGL" data-soscuisine-aisle="10" data-soscuisine-sip="3939631"><i class="fa fa-cart-plus" title="Ajouter à ma liste d'épicerie"></i><div></div></div></td><td><img class="storeItemImage" alt="café" src="/media/images/store_item/blank.jpg"></td><td>café</td><td class="not_printable sorting_1">produits secs &amp; autres</td><td><img style="width:50%;" src="/media/images/logos/marchands/3.png" alt="IGA"></td><td><span itemprop="price">13,99 $</span><span itemprop="eligibleQuantity" itemscope="" itemtype="http://schema.org/QuantitativeValue">/<span itemprop="unitText">454g (1lb)</span></span></td><td>3,08 $/100g</td><td style="display: none;">2020-02-26</td><td style="display: none;"></td><td style="display: none;">Kicking Horse</td><td style="display: none;"></td><td style="display: none;"></td><td style="display: none;">bio, équitable</td><td style="display: none;">en grains</td><td style="display: none;"></td><td style="display: none;"><a class="recipeLink" href="/recipe_ingredient_search_results.php?query=(_QU5E__1__________276__[]_1_1)&amp;sos_l=fr">Recettes avec café</a></td></tr><tr role="row" class="odd"><td tabindex="0"><i class="fas fa-hand-rock"></i></td><td class=" not_printable"><div class="addToGL" data-soscuisine-aisle="10" data-soscuisine-sip="3938715"><i class="fa fa-cart-plus" title="Ajouter à ma liste d'épicerie"></i><div></div></div></td><td><img class="storeItemImage" alt="café" src="/media/images/store_item/blank.jpg"></td><td>café</td><td class="not_printable sorting_1">produits secs &amp; autres</td><td><img style="width:50%;" src="/media/images/logos/marchands/69.png" alt="Intermarché (Provincial)"></td><td><span itemprop="price">14,99 $</span><span itemprop="eligibleQuantity" itemscope="" itemtype="http://schema.org/QuantitativeValue">/<span itemprop="unitText">650g</span></span></td><td>2,31 $/100g</td><td style="display: none;">2020-02-26</td><td style="display: none;"></td><td style="display: none;">Van Houtte</td><td style="display: none;"></td><td style="display: none;"></td><td style="display: none;"></td><td style="display: none;">moulu</td><td style="display: none;"></td><td style="display: none;"><a class="recipeLink" href="/recipe_ingredient_search_results.php?query=(_QU5E__1__________276__[]_1_1)&amp;sos_l=fr">Recettes avec café</a></td></tr><tr role="row" class="even"><td tabindex="0"><i class="fa fa-thumbs-down"></i></td><td class=" not_printable"><div class="addToGL" data-soscuisine-aisle="10" data-soscuisine-sip="3938727"><i class="fa fa-cart-plus" title="Ajouter à ma liste d'épicerie"></i><div></div></div></td><td><img class="storeItemImage" alt="café" src="/media/images/store_item/blank.jpg"></td><td>café</td><td class="not_printable sorting_1">produits secs &amp; autres</td><td><img style="width:50%;" src="/media/images/logos/marchands/69.png" alt="Intermarché (Provincial)"></td><td><span itemprop="price">14,99 $</span><span itemprop="eligibleQuantity" itemscope="" itemtype="http://schema.org/QuantitativeValue">/<span itemprop="unitText">454g (1lb)</span></span></td><td>3,30 $/100g</td><td style="display: none;">2020-02-26</td><td style="display: none;"></td><td style="display: none;">Kicking Horse</td><td style="display: none;"></td><td style="display: none;"></td><td style="display: none;">bio, équitable</td><td style="display: none;"></td><td style="display: none;"></td><td style="display: none;"><a class="recipeLink" href="/recipe_ingredient_search_results.php?query=(_QU5E__1__________276__[]_1_1)&amp;sos_l=fr">Recettes avec café</a></td></tr><tr role="row" class="odd"><td tabindex="0"><i class="fa fa-thumbs-up"></i></td><td class=" not_printable"><div class="addToGL" data-soscuisine-aisle="10" data-soscuisine-sip="3938437"><i class="fa fa-cart-plus" title="Ajouter à ma liste d'épicerie"></i><div></div></div></td><td><img class="storeItemImage" alt="café" src="/media/images/store_item/blank.jpg"></td><td>café</td><td class="not_printable sorting_1">produits secs &amp; autres</td><td><img style="width:50%;" src="/media/images/logos/marchands/7.png" alt="Intermarché (Saveurs intl.)"></td><td><span itemprop="price">3,00 $</span><span itemprop="eligibleQuantity" itemscope="" itemtype="http://schema.org/QuantitativeValue">/<span itemprop="unitText">250g</span></span></td><td>1,20 $/100g</td><td style="display: none;">2020-02-26</td><td style="display: none;"></td><td style="display: none;">Saquella</td><td style="display: none;"></td><td style="display: none;"></td><td style="display: none;"></td><td style="display: none;"></td><td style="display: none;">espresso</td><td style="display: none;"><a class="recipeLink" href="/recipe_ingredient_search_results.php?query=(_QU5E__1__________276__[]_1_1)&amp;sos_l=fr">Recettes avec café</a></td></tr><tr role="row" class="even"><td tabindex="0"><i class="fa fa-thumbs-down"></i></td><td class=" not_printable"><div class="addToGL" data-soscuisine-aisle="10" data-soscuisine-sip="3938369"><i class="fa fa-cart-plus" title="Ajouter à ma liste d'épicerie"></i><div></div></div></td><td><img class="storeItemImage" alt="café" src="/media/images/store_item/blank.jpg"></td><td>café</td><td class="not_printable sorting_1">produits secs &amp; autres</td><td><img style="width:50%;" src="/media/images/logos/marchands/7.png" alt="Intermarché (Saveurs intl.)"></td><td><span itemprop="price">14,99 $</span><span itemprop="eligibleQuantity" itemscope="" itemtype="http://schema.org/QuantitativeValue">/<span itemprop="unitText">454g (1lb)</span></span></td><td>3,30 $/100g</td><td style="display: none;">2020-02-26</td><td style="display: none;"></td><td style="display: none;">Kicking Horse</td><td style="display: none;"></td><td style="display: none;"></td><td style="display: none;">bio, équitable</td><td style="display: none;"></td><td style="display: none;"></td><td style="display: none;"><a class="recipeLink" href="/recipe_ingredient_search_results.php?query=(_QU5E__1__________276__[]_1_1)&amp;sos_l=fr">Recettes avec café</a></td></tr><tr role="row" class="odd"><td tabindex="0"><i class="fa fa-thumbs-up"></i></td><td class=" not_printable"><div class="addToGL" data-soscuisine-aisle="10" data-soscuisine-sip="3939103"><i class="fa fa-cart-plus" title="Ajouter à ma liste d'épicerie"></i><div></div></div></td><td><img class="storeItemImage" alt="café" src="/media/images/store_item/blank.jpg"></td><td>café</td><td class="not_printable sorting_1">produits secs &amp; autres</td><td><img style="width:50%;" src="/media/images/logos/marchands/63.png" alt="Marché Adonis"></td><td><span itemprop="price">2,79 $</span><span itemprop="eligibleQuantity" itemscope="" itemtype="http://schema.org/QuantitativeValue">/<span itemprop="unitText">250g</span></span></td><td>1,12 $/100g</td><td style="display: none;">2020-02-26</td><td style="display: none;"></td><td style="display: none;">Lavazza</td><td style="display: none;"></td><td style="display: none;"></td><td style="display: none;"></td><td style="display: none;">moulu</td><td style="display: none;"></td><td style="display: none;"><a class="recipeLink" href="/recipe_ingredient_search_results.php?query=(_QU5E__1__________276__[]_1_1)&amp;sos_l=fr">Recettes avec café</a></td></tr><tr role="row" class="even"><td tabindex="0"><i class="fa fa-thumbs-up"></i><i class="fa fa-thumbs-up"></i></td><td class=" not_printable"><div class="addToGL" data-soscuisine-aisle="10" data-soscuisine-sip="3937435"><i class="fa fa-cart-plus" title="Ajouter à ma liste d'épicerie"></i><div></div></div></td><td><img class="storeItemImage" alt="café" src="/media/images/store_item/blank.jpg"></td><td>café</td><td class="not_printable sorting_1">produits secs &amp; autres</td><td><img style="width:50%;" src="/media/images/logos/marchands/6.png" alt="Maxi"></td><td><span itemprop="price">2,00 $</span><span itemprop="eligibleQuantity" itemscope="" itemtype="http://schema.org/QuantitativeValue">/<span itemprop="unitText">250g</span></span></td><td>0,80 $/100g</td><td style="display: none;">2020-02-26</td><td style="display: none;"></td><td style="display: none;">Santo Domingo</td><td style="display: none;"></td><td style="display: none;"></td><td style="display: none;"></td><td style="display: none;"></td><td style="display: none;"></td><td style="display: none;"><a class="recipeLink" href="/recipe_ingredient_search_results.php?query=(_QU5E__1__________276__[]_1_1)&amp;sos_l=fr">Recettes avec café</a></td></tr><tr role="row" class="odd"><td tabindex="0"><i class="fas fa-hand-rock"></i></td><td class=" not_printable"><div class="addToGL" data-soscuisine-aisle="10" data-soscuisine-sip="3937857"><i class="fa fa-cart-plus" title="Ajouter à ma liste d'épicerie"></i><div></div></div></td><td><img class="storeItemImage" alt="café" src="/media/images/store_item/blank.jpg"></td><td>café</td><td class="not_printable sorting_1">produits secs &amp; autres</td><td><img style="width:50%;" src="/media/images/logos/marchands/1.png" alt="Metro"></td><td><span itemprop="price">4,00 $</span><span itemprop="eligibleQuantity" itemscope="" itemtype="http://schema.org/QuantitativeValue">/<span itemprop="unitText">250g</span></span></td><td>1,60 $/100g</td><td style="display: none;">2020-02-26</td><td style="display: none;"></td><td style="display: none;">Lavazza</td><td style="display: none;"></td><td style="display: none;"></td><td style="display: none;"></td><td style="display: none;">moulu</td><td style="display: none;"></td><td style="display: none;"><a class="recipeLink" href="/recipe_ingredient_search_results.php?query=(_QU5E__1__________276__[]_1_1)&amp;sos_l=fr">Recettes avec café</a></td></tr><tr role="row" class="even"><td tabindex="0"><i class="fas fa-hand-rock"></i></td><td class=" not_printable"><div class="addToGL" data-soscuisine-aisle="10" data-soscuisine-sip="3937779"><i class="fa fa-cart-plus" title="Ajouter à ma liste d'épicerie"></i><div></div></div></td><td><img class="storeItemImage" alt="café" src="/media/images/store_item/blank.jpg"></td><td>café</td><td class="not_printable sorting_1">produits secs &amp; autres</td><td><img style="width:50%;" src="/media/images/logos/marchands/1.png" alt="Metro"></td><td><span itemprop="price">14,99 $</span><span itemprop="eligibleQuantity" itemscope="" itemtype="http://schema.org/QuantitativeValue">/<span itemprop="unitText">930g</span></span></td><td>1,61 $/100g</td><td style="display: none;">2020-02-26</td><td style="display: none;"></td><td style="display: none;">Melitta</td><td style="display: none;"></td><td style="display: none;"></td><td style="display: none;"></td><td style="display: none;"></td><td style="display: none;"></td><td style="display: none;"><a class="recipeLink" href="/recipe_ingredient_search_results.php?query=(_QU5E__1__________276__[]_1_1)&amp;sos_l=fr">Recettes avec café</a></td></tr><tr role="row" class="odd"><td tabindex="0"><i class="fas fa-hand-rock"></i></td><td class=" not_printable"><div class="addToGL" data-soscuisine-aisle="10" data-soscuisine-sip="3937777"><i class="fa fa-cart-plus" title="Ajouter à ma liste d'épicerie"></i><div></div></div></td><td><img class="storeItemImage" alt="café" src="/media/images/store_item/blank.jpg"></td><td>café</td><td class="not_printable sorting_1">produits secs &amp; autres</td><td><img style="width:50%;" src="/media/images/logos/marchands/1.png" alt="Metro"></td><td><span itemprop="price">14,99 $</span><span itemprop="eligibleQuantity" itemscope="" itemtype="http://schema.org/QuantitativeValue">/<span itemprop="unitText">2lb (907g)</span></span></td><td>1,65 $/100g</td><td style="display: none;">2020-02-26</td><td style="display: none;"></td><td style="display: none;">Melitta</td><td style="display: none;"></td><td style="display: none;"></td><td style="display: none;"></td><td style="display: none;"></td><td style="display: none;"></td><td style="display: none;"><a class="recipeLink" href="/recipe_ingredient_search_results.php?query=(_QU5E__1__________276__[]_1_1)&amp;sos_l=fr">Recettes avec café</a></td></tr><tr role="row" class="even"><td tabindex="0"><i class="fas fa-hand-rock"></i></td><td class=" not_printable"><div class="addToGL" data-soscuisine-aisle="10" data-soscuisine-sip="3937803"><i class="fa fa-cart-plus" title="Ajouter à ma liste d'épicerie"></i><div></div></div></td><td><img class="storeItemImage" alt="café" src="/media/images/store_item/blank.jpg"></td><td>café</td><td class="not_printable sorting_1">produits secs &amp; autres</td><td><img style="width:50%;" src="/media/images/logos/marchands/1.png" alt="Metro"></td><td><span itemprop="price">6,99 $</span><span itemprop="eligibleQuantity" itemscope="" itemtype="http://schema.org/QuantitativeValue">/<span itemprop="unitText">300g</span></span></td><td>2,33 $/100g</td><td style="display: none;">2020-02-26</td><td style="display: none;"></td><td style="display: none;">Tim Hortons</td><td style="display: none;"></td><td style="display: none;"></td><td style="display: none;"></td><td style="display: none;">en grains</td><td style="display: none;">ou moulu</td><td style="display: none;"><a class="recipeLink" href="/recipe_ingredient_search_results.php?query=(_QU5E__1__________276__[]_1_1)&amp;sos_l=fr">Recettes avec café</a></td></tr><tr role="row" class="odd"><td tabindex="0"><i class="fas fa-hand-rock"></i></td><td class=" not_printable"><div class="addToGL" data-soscuisine-aisle="10" data-soscuisine-sip="3938891"><i class="fa fa-cart-plus" title="Ajouter à ma liste d'épicerie"></i><div></div></div></td><td><img class="storeItemImage" alt="café" src="/media/images/store_item/blank.jpg"></td><td>café</td><td class="not_printable sorting_1">produits secs &amp; autres</td><td><img style="width:50%;" src="/media/images/logos/marchands/64.png" alt="Mourelatos"></td><td><span itemprop="price">5,99 $</span><span itemprop="eligibleQuantity" itemscope="" itemtype="http://schema.org/QuantitativeValue">/<span itemprop="unitText">300g</span></span></td><td>2,00 $/100g</td><td style="display: none;">2020-02-25</td><td style="display: none;"></td><td style="display: none;">Tim Hortons</td><td style="display: none;"></td><td style="display: none;"></td><td style="display: none;"></td><td style="display: none;">moulu</td><td style="display: none;"></td><td style="display: none;"><a class="recipeLink" href="/recipe_ingredient_search_results.php?query=(_QU5E__1__________276__[]_1_1)&amp;sos_l=fr">Recettes avec café</a></td></tr><tr role="row" class="even"><td tabindex="0"><i class="fa fa-thumbs-up"></i><i class="fa fa-thumbs-up"></i></td><td class=" not_printable"><div class="addToGL" data-soscuisine-aisle="10" data-soscuisine-sip="3938289"><i class="fa fa-cart-plus" title="Ajouter à ma liste d'épicerie"></i><div></div></div></td><td><img class="storeItemImage" alt="café" src="/media/images/store_item/blank.jpg"></td><td>café</td><td class="not_printable sorting_1">produits secs &amp; autres</td><td><img style="width:50%;" src="/media/images/logos/marchands/2.png" alt="Provigo"></td><td><span itemprop="price">12,99 $</span><span itemprop="eligibleQuantity" itemscope="" itemtype="http://schema.org/QuantitativeValue">/<span itemprop="unitText">1,3kg</span></span></td><td>1,00 $/100g</td><td style="display: none;">2020-02-26</td><td style="display: none;"></td><td style="display: none;">marque maison</td><td style="display: none;"></td><td style="display: none;"></td><td style="display: none;"></td><td style="display: none;">moulu</td><td style="display: none;"></td><td style="display: none;"><a class="recipeLink" href="/recipe_ingredient_search_results.php?query=(_QU5E__1__________276__[]_1_1)&amp;sos_l=fr">Recettes avec café</a></td></tr><tr role="row" class="odd"><td tabindex="0"><i class="fas fa-hand-rock"></i></td><td class=" not_printable"><div class="addToGL" data-soscuisine-aisle="10" data-soscuisine-sip="3938287"><i class="fa fa-cart-plus" title="Ajouter à ma liste d'épicerie"></i><div></div></div></td><td><img class="storeItemImage" alt="café" src="/media/images/store_item/blank.jpg"></td><td>café</td><td class="not_printable sorting_1">produits secs &amp; autres</td><td><img style="width:50%;" src="/media/images/logos/marchands/2.png" alt="Provigo"></td><td><span itemprop="price">12,99 $</span><span itemprop="eligibleQuantity" itemscope="" itemtype="http://schema.org/QuantitativeValue">/<span itemprop="unitText">2lb (907g)</span></span></td><td>1,43 $/100g</td><td style="display: none;">2020-02-26</td><td style="display: none;"></td><td style="display: none;">marque maison</td><td style="display: none;"></td><td style="display: none;"></td><td style="display: none;"></td><td style="display: none;">en grains</td><td style="display: none;">ou Pride of Arabia</td><td style="display: none;"><a class="recipeLink" href="/recipe_ingredient_search_results.php?query=(_QU5E__1__________276__[]_1_1)&amp;sos_l=fr">Recettes avec café</a></td></tr><tr role="row" class="even"><td tabindex="0"><i class="fas fa-hand-rock"></i></td><td class=" not_printable"><div class="addToGL" data-soscuisine-aisle="10" data-soscuisine-sip="3940651"><i class="fa fa-cart-plus" title="Ajouter à ma liste d'épicerie"></i><div></div></div></td><td><img class="storeItemImage" alt="café" src="/media/images/store_item/blank.jpg"></td><td>café</td><td class="not_printable sorting_1">produits secs &amp; autres</td><td><img style="width:50%;" src="/media/images/logos/marchands/5.png" alt="Super C"></td><td><span itemprop="price">6,99 $</span><span itemprop="eligibleQuantity" itemscope="" itemtype="http://schema.org/QuantitativeValue">/<span itemprop="unitText">300g</span></span></td><td>2,33 $/100g</td><td style="display: none;">2020-02-26</td><td style="display: none;"></td><td style="display: none;">Tim Hortons</td><td style="display: none;"></td><td style="display: none;"></td><td style="display: none;"></td><td style="display: none;"></td><td style="display: none;"></td><td style="display: none;"><a class="recipeLink" href="/recipe_ingredient_search_results.php?query=(_QU5E__1__________276__[]_1_1)&amp;sos_l=fr">Recettes avec café</a></td></tr><tr role="row" class="odd"><td tabindex="0"><i class="fas fa-hand-rock"></i></td><td class=" not_printable"><div class="addToGL" data-soscuisine-aisle="10" data-soscuisine-sip="3936019"><i class="fa fa-cart-plus" title="Ajouter à ma liste d'épicerie"></i><div></div></div></td><td><img class="storeItemImage" alt="café" src="/media/images/store_item/blank.jpg"></td><td>café</td><td class="not_printable sorting_1">produits secs &amp; autres</td><td><img style="width:50%;" src="/media/images/logos/marchands/62.png" alt="Supermarché PA"></td><td><span itemprop="price">7,99 $</span><span itemprop="eligibleQuantity" itemscope="" itemtype="http://schema.org/QuantitativeValue">/<span itemprop="unitText">488g</span></span></td><td>1,64 $/100g</td><td style="display: none;">2020-02-23</td><td style="display: none;"></td><td style="display: none;"></td><td style="display: none;"></td><td style="display: none;"></td><td style="display: none;"></td><td style="display: none;"></td><td style="display: none;">Meraklis</td><td style="display: none;"><a class="recipeLink" href="/recipe_ingredient_search_results.php?query=(_QU5E__1__________276__[]_1_1)&amp;sos_l=fr">Recettes avec café</a></td></tr><tr role="row" class="even"><td tabindex="0"><i class="fas fa-hand-rock"></i></td><td class=" not_printable"><div class="addToGL" data-soscuisine-aisle="10" data-soscuisine-sip="3940757"><i class="fa fa-cart-plus" title="Ajouter à ma liste d'épicerie"></i><div></div></div></td><td><img class="storeItemImage" alt="café" src="/media/images/store_item/blank.jpg"></td><td>café</td><td class="not_printable sorting_1">produits secs &amp; autres</td><td><img style="width:50%;" src="/media/images/logos/marchands/11.png" alt="Tradition"></td><td><span itemprop="price">12,99 $</span><span itemprop="eligibleQuantity" itemscope="" itemtype="http://schema.org/QuantitativeValue">/<span itemprop="unitText">650g</span></span></td><td>2,00 $/100g</td><td style="display: none;">2020-02-26</td><td style="display: none;">Québec</td><td style="display: none;">Van Houtte</td><td style="display: none;"></td><td style="display: none;"></td><td style="display: none;"></td><td style="display: none;">moulu</td><td style="display: none;"></td><td style="display: none;"><a class="recipeLink" href="/recipe_ingredient_search_results.php?query=(_QU5E__1__________276__[]_1_1)&amp;sos_l=fr">Recettes avec café</a></td></tr><tr role="row" class="odd"><td tabindex="0"><i class="fa fa-thumbs-up"></i><i class="fa fa-thumbs-up"></i></td><td class=" not_printable"><div class="addToGL" data-soscuisine-aisle="10" data-soscuisine-sip="3940993"><i class="fa fa-cart-plus" title="Ajouter à ma liste d'épicerie"></i><div></div></div></td><td><img class="storeItemImage" alt="café" src="/media/images/store_item/blank.jpg"></td><td>café</td><td class="not_printable sorting_1">produits secs &amp; autres</td><td><img style="width:50%;" src="/media/images/logos/marchands/73.png" alt="Walmart"></td><td><span itemprop="price">6,97 $</span><span itemprop="eligibleQuantity" itemscope="" itemtype="http://schema.org/QuantitativeValue">/<span itemprop="unitText">925g</span></span></td><td>0,75 $/100g</td><td style="display: none;">2020-02-26</td><td style="display: none;"></td><td style="display: none;">Maxwell House</td><td style="display: none;"></td><td style="display: none;"></td><td style="display: none;"></td><td style="display: none;"></td><td style="display: none;"></td><td style="display: none;"><a class="recipeLink" href="/recipe_ingredient_search_results.php?query=(_QU5E__1__________276__[]_1_1)&amp;sos_l=fr">Recettes avec café</a></td></tr><tr role="row" class="even"><td tabindex="0"><i class="fas fa-hand-rock"></i></td><td class=" not_printable"><div class="addToGL" data-soscuisine-aisle="10" data-soscuisine-sip="3939555"><i class="fa fa-cart-plus" title="Ajouter à ma liste d'épicerie"></i><div></div></div></td><td><img class="storeItemImage" alt="café instantané" src="/media/images/store_item/blank.jpg"></td><td>café instantané</td><td class="not_printable sorting_1">produits secs &amp; autres</td><td><img style="width:50%;" src="/media/images/logos/marchands/10.png" alt="Bonichoix "></td><td><span itemprop="price">3,99 $</span><span itemprop="eligibleQuantity" itemscope="" itemtype="http://schema.org/QuantitativeValue">/<span itemprop="unitText">150g</span></span></td><td>2,66 $/100g</td><td style="display: none;">2020-02-26</td><td style="display: none;"></td><td style="display: none;">Maxwell House</td><td style="display: none;"></td><td style="display: none;"></td><td style="display: none;"></td><td style="display: none;"></td><td style="display: none;"></td><td style="display: none;"><a class="recipeLink" href="/recipe_ingredient_search_results.php?query=(_QU5E__1__________1177__[]_1_1)&amp;sos_l=fr">Recettes avec café instantané</a></td></tr><tr role="row" class="odd"><td tabindex="0"><i class="fas fa-hand-rock"></i></td><td class=" not_printable"><div class="addToGL" data-soscuisine-aisle="10" data-soscuisine-sip="3938123"><i class="fa fa-cart-plus" title="Ajouter à ma liste d'épicerie"></i><div></div></div></td><td><img class="storeItemImage" alt="café instantané" src="/media/images/store_item/blank.jpg"></td><td>café instantané</td><td class="not_printable sorting_1">produits secs &amp; autres</td><td><img style="width:50%;" src="/media/images/logos/marchands/2.png" alt="Provigo"></td><td><span itemprop="price">3,99 $</span><span itemprop="eligibleQuantity" itemscope="" itemtype="http://schema.org/QuantitativeValue">/<span itemprop="unitText">100g</span></span></td><td>3,99 $/100g</td><td style="display: none;">2020-02-26</td><td style="display: none;"></td><td style="display: none;">Nescafé</td><td style="display: none;"></td><td style="display: none;"></td><td style="display: none;"></td><td style="display: none;"></td><td style="display: none;"></td><td style="display: none;"><a class="recipeLink" href="/recipe_ingredient_search_results.php?query=(_QU5E__1__________1177__[]_1_1)&amp;sos_l=fr">Recettes avec café instantané</a></td></tr><tr role="row" class="even"><td tabindex="0"><i class="fas fa-hand-rock"></i></td><td class=" not_printable"><div class="addToGL" data-soscuisine-aisle="10" data-soscuisine-sip="3940971"><i class="fa fa-cart-plus" title="Ajouter à ma liste d'épicerie"></i><div></div></div></td><td><img class="storeItemImage" alt="café instantané" src="/media/images/store_item/blank.jpg"></td><td>café instantané</td><td class="not_printable sorting_1">produits secs &amp; autres</td><td><img style="width:50%;" src="/media/images/logos/marchands/12.png" alt="Richelieu"></td><td><span itemprop="price">3,99 $</span><span itemprop="eligibleQuantity" itemscope="" itemtype="http://schema.org/QuantitativeValue">/<span itemprop="unitText">150g</span></span></td><td>2,66 $/100g</td><td style="display: none;">2020-02-26</td><td style="display: none;"></td><td style="display: none;">Maxwell House</td><td style="display: none;"></td><td style="display: none;"></td><td style="display: none;"></td><td style="display: none;"></td><td style="display: none;"></td><td style="display: none;"><a class="recipeLink" href="/recipe_ingredient_search_results.php?query=(_QU5E__1__________1177__[]_1_1)&amp;sos_l=fr">Recettes avec café instantané</a></td></tr><tr role="row" class="odd"><td tabindex="0"><i class="fa fa-thumbs-up"></i></td><td class=" not_printable"><div class="addToGL" data-soscuisine-aisle="10" data-soscuisine-sip="3940405"><i class="fa fa-cart-plus" title="Ajouter à ma liste d'épicerie"></i><div></div></div></td><td><img class="storeItemImage" alt="café instantané" src="/media/images/store_item/blank.jpg"></td><td>café instantané</td><td class="not_printable sorting_1">produits secs &amp; autres</td><td><img style="width:50%;" src="/media/images/logos/marchands/5.png" alt="Super C"></td><td><span itemprop="price">3,95 $</span><span itemprop="eligibleQuantity" itemscope="" itemtype="http://schema.org/QuantitativeValue">/171g</span></td><td>2,31 $/100g</td><td style="display: none;">2020-02-26</td><td style="display: none;"></td><td style="display: none;">Nescafé</td><td style="display: none;"></td><td style="display: none;"></td><td style="display: none;"></td><td style="display: none;"></td><td style="display: none;"></td><td style="display: none;"><a class="recipeLink" href="/recipe_ingredient_search_results.php?query=(_QU5E__1__________1177__[]_1_1)&amp;sos_l=fr">Recettes avec café instantané</a></td></tr><tr role="row" class="even"><td tabindex="0"><i class="fas fa-hand-rock"></i></td><td class=" not_printable"><div class="addToGL" data-soscuisine-aisle="10" data-soscuisine-sip="3939635"><i class="fa fa-cart-plus" title="Ajouter à ma liste d'épicerie"></i><div></div></div></td><td><img class="storeItemImage" alt="céréales à déjeuner, flocons de maïs" src="/media/images/store_item/blank.jpg"></td><td>céréales à déjeuner, flocons de maïs</td><td class="not_printable sorting_1">produits secs &amp; autres</td><td><img style="width:50%;" src="/media/images/logos/marchands/10.png" alt="Bonichoix "></td><td><span itemprop="price">3,49 $</span><span itemprop="eligibleQuantity" itemscope="" itemtype="http://schema.org/QuantitativeValue">/<span itemprop="unitText">440g</span></span></td><td>0,79 $/100g</td><td style="display: none;">2020-02-26</td><td style="display: none;"></td><td style="display: none;">Kellogg's</td><td style="display: none;"></td><td style="display: none;"></td><td style="display: none;"></td><td style="display: none;"></td><td style="display: none;"></td><td style="display: none;"><a class="recipeLink" href="/recipe_ingredient_search_results.php?query=(_QU5E__1__________988__[]_1_1)&amp;sos_l=fr">Recettes avec céréales à déjeuner, flocons de maïs</a></td></tr><tr role="row" class="odd"><td tabindex="0"><i class="fa fa-thumbs-up"></i><i class="fa fa-thumbs-up"></i></td><td class=" not_printable"><div class="addToGL" data-soscuisine-aisle="10" data-soscuisine-sip="3939017"><i class="fa fa-cart-plus" title="Ajouter à ma liste d'épicerie"></i><div></div></div></td><td><img class="storeItemImage" alt="céréales à déjeuner, flocons de maïs" src="/media/images/store_item/blank.jpg"></td><td>céréales à déjeuner, flocons de maïs</td><td class="not_printable sorting_1">produits secs &amp; autres</td><td><img style="width:50%;" src="/media/images/logos/marchands/64.png" alt="Mourelatos"></td><td><span itemprop="price">2,79 $</span><span itemprop="eligibleQuantity" itemscope="" itemtype="http://schema.org/QuantitativeValue">/<span itemprop="unitText">680g (24oz)</span></span></td><td>0,41 $/100g</td><td style="display: none;">2020-02-25</td><td style="display: none;"></td><td style="display: none;">marque maison</td><td style="display: none;"></td><td style="display: none;"></td><td style="display: none;"></td><td style="display: none;"></td><td style="display: none;"></td><td style="display: none;"><a class="recipeLink" href="/recipe_ingredient_search_results.php?query=(_QU5E__1__________988__[]_1_1)&amp;sos_l=fr">Recettes avec céréales à déjeuner, flocons de maïs</a></td></tr><tr role="row" class="even"><td tabindex="0"><i class="fas fa-exclamation"></i></td><td class=" not_printable"><div class="addToGL" data-soscuisine-aisle="10" data-soscuisine-sip="3938853"><i class="fa fa-cart-plus" title="Ajouter à ma liste d'épicerie"></i><div></div></div></td><td><img class="storeItemImage" alt="céréales müesli" src="/media/images/store_item/blank.jpg"></td><td>céréales müesli</td><td class="not_printable sorting_1">produits secs &amp; autres</td><td><img style="width:50%;" src="/media/images/logos/marchands/93.png" alt="Rachelle Béry"></td><td><span itemprop="price">5,29 $</span><span itemprop="eligibleQuantity" itemscope="" itemtype="http://schema.org/QuantitativeValue">/<span itemprop="unitText">450g</span></span></td><td>1,18 $/100g</td><td style="display: none;">2020-03-04</td><td style="display: none;"></td><td style="display: none;">Jordans</td><td style="display: none;"></td><td style="display: none;">bio</td><td style="display: none;"></td><td style="display: none;"></td><td style="display: none;"></td><td style="display: none;"><a class="recipeLink" href="/recipe_ingredient_search_results.php?query=(_QU5E__1__________1120__[]_1_1)&amp;sos_l=fr">Recettes avec céréales müesli</a></td></tr><tr role="row" class="odd"><td tabindex="0"><i class="fa fa-thumbs-down"></i></td><td class=" not_printable"><div class="addToGL" data-soscuisine-aisle="10" data-soscuisine-sip="3939533"><i class="fa fa-cart-plus" title="Ajouter à ma liste d'épicerie"></i><div></div></div></td><td><img class="storeItemImage" alt="céréales Müeslix" src="/media/images/store_item/blank.jpg"></td><td>céréales Müeslix</td><td class="not_printable sorting_1">produits secs &amp; autres</td><td><img style="width:50%;" src="/media/images/logos/marchands/3.png" alt="IGA"></td><td><span itemprop="price">4,49 $</span><span itemprop="eligibleQuantity" itemscope="" itemtype="http://schema.org/QuantitativeValue">/<span itemprop="unitText">450g</span></span></td><td>1,00 $/100g</td><td style="display: none;">2020-02-26</td><td style="display: none;"></td><td style="display: none;">Kellogg's</td><td style="display: none;"></td><td style="display: none;"></td><td style="display: none;"></td><td style="display: none;"></td><td style="display: none;"></td><td style="display: none;"><a class="recipeLink" href="/recipe_ingredient_search_results.php?query=(_QU5E__1__________676__[]_1_1)&amp;sos_l=fr">Recettes avec céréales Müeslix</a></td></tr><tr role="row" class="even"><td tabindex="0"><i class="fa fa-thumbs-up"></i><i class="fa fa-thumbs-up"></i></td><td class=" not_printable"><div class="addToGL" data-soscuisine-aisle="10" data-soscuisine-sip="3937923"><i class="fa fa-cart-plus" title="Ajouter à ma liste d'épicerie"></i><div></div></div></td><td><img class="storeItemImage" alt="céréales Müeslix" src="/media/images/store_item/blank.jpg"></td><td>céréales Müeslix</td><td class="not_printable sorting_1">produits secs &amp; autres</td><td><img style="width:50%;" src="/media/images/logos/marchands/1.png" alt="Metro"></td><td><span itemprop="price">3,99 $</span><span itemprop="eligibleQuantity" itemscope="" itemtype="http://schema.org/QuantitativeValue">/<span itemprop="unitText">450g</span></span></td><td>0,89 $/100g</td><td style="display: none;">2020-02-26</td><td style="display: none;"></td><td style="display: none;">Kellogg's</td><td style="display: none;"></td><td style="display: none;"></td><td style="display: none;"></td><td style="display: none;"></td><td style="display: none;"></td><td style="display: none;"><a class="recipeLink" href="/recipe_ingredient_search_results.php?query=(_QU5E__1__________676__[]_1_1)&amp;sos_l=fr">Recettes avec céréales Müeslix</a></td></tr><tr role="row" class="odd"><td tabindex="0"><i class="fa fa-thumbs-up"></i><i class="fa fa-thumbs-up"></i></td><td class=" not_printable"><div class="addToGL" data-soscuisine-aisle="10" data-soscuisine-sip="3940429"><i class="fa fa-cart-plus" title="Ajouter à ma liste d'épicerie"></i><div></div></div></td><td><img class="storeItemImage" alt="céréales Müeslix" src="/media/images/store_item/blank.jpg"></td><td>céréales Müeslix</td><td class="not_printable sorting_1">produits secs &amp; autres</td><td><img style="width:50%;" src="/media/images/logos/marchands/11.png" alt="Tradition"></td><td><span itemprop="price">8,00 $</span><span itemprop="eligibleQuantity" itemscope="" itemtype="http://schema.org/QuantitativeValue">/<span itemprop="value">2</span>x<span itemprop="unitText">450g</span></span></td><td>0,89 $/100g</td><td style="display: none;">2020-02-26</td><td style="display: none;"></td><td style="display: none;">Kellogg's</td><td style="display: none;"></td><td style="display: none;"></td><td style="display: none;"></td><td style="display: none;"></td><td style="display: none;"></td><td style="display: none;"><a class="recipeLink" href="/recipe_ingredient_search_results.php?query=(_QU5E__1__________676__[]_1_1)&amp;sos_l=fr">Recettes avec céréales Müeslix</a></td></tr><tr role="row" class="even"><td tabindex="0"><i class="fa fa-thumbs-down"></i></td><td class=" not_printable"><div class="addToGL" data-soscuisine-aisle="10" data-soscuisine-sip="3912933"><i class="fa fa-cart-plus" title="Ajouter à ma liste d'épicerie"></i><div></div></div></td><td><img class="storeItemImage" alt="chocolat amer" src="/media/images/store_item/blank.jpg"></td><td>chocolat amer</td><td class="not_printable sorting_1">produits secs &amp; autres</td><td><img style="width:50%;" src="/media/images/logos/marchands/94.png" alt="Avril"></td><td><span itemprop="price">2,99 $</span><span itemprop="eligibleQuantity" itemscope="" itemtype="http://schema.org/QuantitativeValue">/<span itemprop="unitText">80g</span></span></td><td>3,74 $/100g</td><td style="display: none;">2020-03-03</td><td style="display: none;"></td><td style="display: none;">Alter Eco</td><td style="display: none;"></td><td style="display: none;">bio</td><td style="display: none;"></td><td style="display: none;"></td><td style="display: none;"></td><td style="display: none;"><a class="recipeLink" href="/recipe_ingredient_search_results.php?query=(_QU5E__1__________279__[]_1_1)&amp;sos_l=fr">Recettes avec chocolat amer</a></td></tr><tr role="row" class="odd"><td tabindex="0"><i class="fas fa-hand-rock"></i></td><td class=" not_printable"><div class="addToGL" data-soscuisine-aisle="10" data-soscuisine-sip="3939773"><i class="fa fa-cart-plus" title="Ajouter à ma liste d'épicerie"></i><div></div></div></td><td><img class="storeItemImage" alt="chocolat amer" src="/media/images/store_item/blank.jpg"></td><td>chocolat amer</td><td class="not_printable sorting_1">produits secs &amp; autres</td><td><img style="width:50%;" src="/media/images/logos/marchands/10.png" alt="Bonichoix "></td><td><span itemprop="price">6,00 $</span><span itemprop="eligibleQuantity" itemscope="" itemtype="http://schema.org/QuantitativeValue">/<span itemprop="value">2</span>x<span itemprop="unitText">100g</span></span></td><td>3,00 $/100g</td><td style="display: none;">2020-02-26</td><td style="display: none;"></td><td style="display: none;">Lindt</td><td style="display: none;"></td><td style="display: none;"></td><td style="display: none;"></td><td style="display: none;"></td><td style="display: none;"></td><td style="display: none;"><a class="recipeLink" href="/recipe_ingredient_search_results.php?query=(_QU5E__1__________279__[]_1_1)&amp;sos_l=fr">Recettes avec chocolat amer</a></td></tr><tr role="row" class="even"><td tabindex="0"><i class="fas fa-hand-rock"></i></td><td class=" not_printable"><div class="addToGL" data-soscuisine-aisle="10" data-soscuisine-sip="3937775"><i class="fa fa-cart-plus" title="Ajouter à ma liste d'épicerie"></i><div></div></div></td><td><img class="storeItemImage" alt="chocolat amer" src="/media/images/store_item/blank.jpg"></td><td>chocolat amer</td><td class="not_printable sorting_1">produits secs &amp; autres</td><td><img style="width:50%;" src="/media/images/logos/marchands/1.png" alt="Metro"></td><td><span itemprop="price">6,00 $</span><span itemprop="eligibleQuantity" itemscope="" itemtype="http://schema.org/QuantitativeValue">/<span itemprop="value">2</span>x<span itemprop="unitText">100g</span></span></td><td>3,00 $/100g</td><td style="display: none;">2020-02-26</td><td style="display: none;"></td><td style="display: none;">Lindt</td><td style="display: none;"></td><td style="display: none;"></td><td style="display: none;"></td><td style="display: none;"></td><td style="display: none;"></td><td style="display: none;"><a class="recipeLink" href="/recipe_ingredient_search_results.php?query=(_QU5E__1__________279__[]_1_1)&amp;sos_l=fr">Recettes avec chocolat amer</a></td></tr><tr role="row" class="odd"><td tabindex="0"><i class="fas fa-hand-rock"></i></td><td class=" not_printable"><div class="addToGL" data-soscuisine-aisle="10" data-soscuisine-sip="3938321"><i class="fa fa-cart-plus" title="Ajouter à ma liste d'épicerie"></i><div></div></div></td><td><img class="storeItemImage" alt="chocolat amer" src="/media/images/store_item/blank.jpg"></td><td>chocolat amer</td><td class="not_printable sorting_1">produits secs &amp; autres</td><td><img style="width:50%;" src="/media/images/logos/marchands/2.png" alt="Provigo"></td><td><span itemprop="price">6,00 $</span><span itemprop="eligibleQuantity" itemscope="" itemtype="http://schema.org/QuantitativeValue">/<span itemprop="value">2</span>x<span itemprop="unitText">100g</span></span></td><td>3,00 $/100g</td><td style="display: none;">2020-02-26</td><td style="display: none;"></td><td style="display: none;">Lindt</td><td style="display: none;"></td><td style="display: none;"></td><td style="display: none;"></td><td style="display: none;"></td><td style="display: none;"></td><td style="display: none;"><a class="recipeLink" href="/recipe_ingredient_search_results.php?query=(_QU5E__1__________279__[]_1_1)&amp;sos_l=fr">Recettes avec chocolat amer</a></td></tr><tr role="row" class="even"><td tabindex="0"><i class="fa fa-thumbs-down"></i></td><td class=" not_printable"><div class="addToGL" data-soscuisine-aisle="10" data-soscuisine-sip="3938319"><i class="fa fa-cart-plus" title="Ajouter à ma liste d'épicerie"></i><div></div></div></td><td><img class="storeItemImage" alt="chocolat amer" src="/media/images/store_item/blank.jpg"></td><td>chocolat amer</td><td class="not_printable sorting_1">produits secs &amp; autres</td><td><img style="width:50%;" src="/media/images/logos/marchands/2.png" alt="Provigo"></td><td><span itemprop="price">3,49 $</span><span itemprop="eligibleQuantity" itemscope="" itemtype="http://schema.org/QuantitativeValue">/<span itemprop="unitText">100g</span></span></td><td>3,49 $/100g</td><td style="display: none;">2020-02-26</td><td style="display: none;"></td><td style="display: none;">Lindt</td><td style="display: none;"></td><td style="display: none;"></td><td style="display: none;"></td><td style="display: none;"></td><td style="display: none;"></td><td style="display: none;"><a class="recipeLink" href="/recipe_ingredient_search_results.php?query=(_QU5E__1__________279__[]_1_1)&amp;sos_l=fr">Recettes avec chocolat amer</a></td></tr><tr role="row" class="odd"><td tabindex="0"><i class="fas fa-hand-rock"></i></td><td class=" not_printable"><div class="addToGL" data-soscuisine-aisle="10" data-soscuisine-sip="3940669"><i class="fa fa-cart-plus" title="Ajouter à ma liste d'épicerie"></i><div></div></div></td><td><img class="storeItemImage" alt="chocolat amer" src="/media/images/store_item/blank.jpg"></td><td>chocolat amer</td><td class="not_printable sorting_1">produits secs &amp; autres</td><td><img style="width:50%;" src="/media/images/logos/marchands/5.png" alt="Super C"></td><td><span itemprop="price">2,99 $</span><span itemprop="eligibleQuantity" itemscope="" itemtype="http://schema.org/QuantitativeValue">/<span itemprop="unitText">100g</span></span></td><td>2,99 $/100g</td><td style="display: none;">2020-02-26</td><td style="display: none;"></td><td style="display: none;">Lindt</td><td style="display: none;"></td><td style="display: none;"></td><td style="display: none;"></td><td style="display: none;"></td><td style="display: none;"></td><td style="display: none;"><a class="recipeLink" href="/recipe_ingredient_search_results.php?query=(_QU5E__1__________279__[]_1_1)&amp;sos_l=fr">Recettes avec chocolat amer</a></td></tr><tr role="row" class="even"><td tabindex="0"><i class="fas fa-hand-rock"></i></td><td class=" not_printable"><div class="addToGL" data-soscuisine-aisle="10" data-soscuisine-sip="3912935"><i class="fa fa-cart-plus" title="Ajouter à ma liste d'épicerie"></i><div></div></div></td><td><img class="storeItemImage" alt="chocolat mi-sucré" src="/media/images/store_item/blank.jpg"></td><td>chocolat mi-sucré</td><td class="not_printable sorting_1">produits secs &amp; autres</td><td><img style="width:50%;" src="/media/images/logos/marchands/94.png" alt="Avril"></td><td><span itemprop="price">4,99 $</span><span itemprop="eligibleQuantity" itemscope="" itemtype="http://schema.org/QuantitativeValue">/<span itemprop="unitText">283g (10oz)</span></span></td><td>1,76 $/100g</td><td style="display: none;">2020-03-03</td><td style="display: none;"></td><td style="display: none;">Enjoy Life</td><td style="display: none;"></td><td style="display: none;"></td><td style="display: none;">Bio</td><td style="display: none;">pépites</td><td style="display: none;">sans gluten</td><td style="display: none;"><a class="recipeLink" href="/recipe_ingredient_search_results.php?query=(_QU5E__1__________280__[]_1_1)&amp;sos_l=fr">Recettes avec chocolat mi-sucré</a></td></tr><tr role="row" class="odd"><td tabindex="0"><i class="fa fa-thumbs-down"></i></td><td class=" not_printable"><div class="addToGL" data-soscuisine-aisle="10" data-soscuisine-sip="3938361"><i class="fa fa-cart-plus" title="Ajouter à ma liste d'épicerie"></i><div></div></div></td><td><img class="storeItemImage" alt="chocolat mi-sucré" src="/media/images/store_item/blank.jpg"></td><td>chocolat mi-sucré</td><td class="not_printable sorting_1">produits secs &amp; autres</td><td><img style="width:50%;" src="/media/images/logos/marchands/7.png" alt="Intermarché (Saveurs intl.)"></td><td><span itemprop="price">5,99 $</span><span itemprop="eligibleQuantity" itemscope="" itemtype="http://schema.org/QuantitativeValue">/<span itemprop="unitText">225g</span></span></td><td>2,66 $/100g</td><td style="display: none;">2020-02-26</td><td style="display: none;"></td><td style="display: none;">Camino</td><td style="display: none;"></td><td style="display: none;"></td><td style="display: none;">bio, équitable</td><td style="display: none;">pépites</td><td style="display: none;"></td><td style="display: none;"><a class="recipeLink" href="/recipe_ingredient_search_results.php?query=(_QU5E__1__________280__[]_1_1)&amp;sos_l=fr">Recettes avec chocolat mi-sucré</a></td></tr><tr role="row" class="even"><td tabindex="0"><i class="fa fa-thumbs-up"></i></td><td class=" not_printable"><div class="addToGL" data-soscuisine-aisle="10" data-soscuisine-sip="3938311"><i class="fa fa-cart-plus" title="Ajouter à ma liste d'épicerie"></i><div></div></div></td><td><img class="storeItemImage" alt="chocolat mi-sucré" src="/media/images/store_item/blank.jpg"></td><td>chocolat mi-sucré</td><td class="not_printable sorting_1">produits secs &amp; autres</td><td><img style="width:50%;" src="/media/images/logos/marchands/2.png" alt="Provigo"></td><td><span itemprop="price">6,50 $</span><span itemprop="eligibleQuantity" itemscope="" itemtype="http://schema.org/QuantitativeValue">/<span itemprop="value">2</span>x<span itemprop="unitText">300g</span></span></td><td>1,08 $/100g</td><td style="display: none;">2020-02-26</td><td style="display: none;"></td><td style="display: none;">marque maison</td><td style="display: none;"></td><td style="display: none;"></td><td style="display: none;"></td><td style="display: none;">pépites</td><td style="display: none;"></td><td style="display: none;"><a class="recipeLink" href="/recipe_ingredient_search_results.php?query=(_QU5E__1__________280__[]_1_1)&amp;sos_l=fr">Recettes avec chocolat mi-sucré</a></td></tr><tr role="row" class="odd"><td tabindex="0"><i class="fas fa-hand-rock"></i></td><td class=" not_printable"><div class="addToGL" data-soscuisine-aisle="10" data-soscuisine-sip="3938309"><i class="fa fa-cart-plus" title="Ajouter à ma liste d'épicerie"></i><div></div></div></td><td><img class="storeItemImage" alt="chocolat mi-sucré" src="/media/images/store_item/blank.jpg"></td><td>chocolat mi-sucré</td><td class="not_printable sorting_1">produits secs &amp; autres</td><td><img style="width:50%;" src="/media/images/logos/marchands/2.png" alt="Provigo"></td><td><span itemprop="price">3,59 $</span><span itemprop="eligibleQuantity" itemscope="" itemtype="http://schema.org/QuantitativeValue">/<span itemprop="unitText">300g</span></span></td><td>1,20 $/100g</td><td style="display: none;">2020-02-26</td><td style="display: none;"></td><td style="display: none;">marque maison</td><td style="display: none;"></td><td style="display: none;"></td><td style="display: none;"></td><td style="display: none;">pépites</td><td style="display: none;"></td><td style="display: none;"><a class="recipeLink" href="/recipe_ingredient_search_results.php?query=(_QU5E__1__________280__[]_1_1)&amp;sos_l=fr">Recettes avec chocolat mi-sucré</a></td></tr><tr role="row" class="even"><td tabindex="0"><i class="fas fa-hand-rock"></i></td><td class=" not_printable"><div class="addToGL" data-soscuisine-aisle="10" data-soscuisine-sip="3939561"><i class="fa fa-cart-plus" title="Ajouter à ma liste d'épicerie"></i><div></div></div></td><td><img class="storeItemImage" alt="confiture" src="/media/images/store_item/blank.jpg"></td><td>confiture</td><td class="not_printable sorting_1">produits secs &amp; autres</td><td><img style="width:50%;" src="/media/images/logos/marchands/10.png" alt="Bonichoix "></td><td><span itemprop="price">3,99 $</span><span itemprop="eligibleQuantity" itemscope="" itemtype="http://schema.org/QuantitativeValue">/<span itemprop="unitText">500mL</span></span></td><td>0,60 $/100g</td><td style="display: none;">2020-02-26</td><td style="display: none;"></td><td style="display: none;">Smucker's</td><td style="display: none;"></td><td style="display: none;"></td><td style="display: none;"></td><td style="display: none;"></td><td style="display: none;"></td><td style="display: none;"><a class="recipeLink" href="/recipe_ingredient_search_results.php?query=(_QU5E__1__________275__[]_1_1)&amp;sos_l=fr">Recettes avec confiture</a></td></tr><tr role="row" class="odd"><td tabindex="0"><i class="fa fa-thumbs-up"></i></td><td class=" not_printable"><div class="addToGL" data-soscuisine-aisle="10" data-soscuisine-sip="3939677"><i class="fa fa-cart-plus" title="Ajouter à ma liste d'épicerie"></i><div></div></div></td><td><img class="storeItemImage" alt="confiture" src="/media/images/store_item/blank.jpg"></td><td>confiture</td><td class="not_printable sorting_1">produits secs &amp; autres</td><td><img style="width:50%;" src="/media/images/logos/marchands/3.png" alt="IGA"></td><td><span itemprop="price">6,00 $</span><span itemprop="eligibleQuantity" itemscope="" itemtype="http://schema.org/QuantitativeValue">/<span itemprop="value">2</span>x<span itemprop="unitText">500mL</span></span></td><td>0,45 $/100g</td><td style="display: none;">2020-02-26</td><td style="display: none;"></td><td style="display: none;">Habitant</td><td style="display: none;"></td><td style="display: none;"></td><td style="display: none;"></td><td style="display: none;"></td><td style="display: none;"></td><td style="display: none;"><a class="recipeLink" href="/recipe_ingredient_search_results.php?query=(_QU5E__1__________275__[]_1_1)&amp;sos_l=fr">Recettes avec confiture</a></td></tr><tr role="row" class="even"><td tabindex="0"><i class="fas fa-hand-rock"></i></td><td class=" not_printable"><div class="addToGL" data-soscuisine-aisle="10" data-soscuisine-sip="3939477"><i class="fa fa-cart-plus" title="Ajouter à ma liste d'épicerie"></i><div></div></div></td><td><img class="storeItemImage" alt="confiture" src="/media/images/store_item/blank.jpg"></td><td>confiture</td><td class="not_printable sorting_1">produits secs &amp; autres</td><td><img style="width:50%;" src="/media/images/logos/marchands/3.png" alt="IGA"></td><td><span itemprop="price">4,49 $</span><span itemprop="eligibleQuantity" itemscope="" itemtype="http://schema.org/QuantitativeValue">/<span itemprop="unitText">500mL</span></span></td><td>0,67 $/100g</td><td style="display: none;">2020-02-26</td><td style="display: none;"></td><td style="display: none;">Smucker's</td><td style="display: none;"></td><td style="display: none;"></td><td style="display: none;"></td><td style="display: none;"></td><td style="display: none;"></td><td style="display: none;"><a class="recipeLink" href="/recipe_ingredient_search_results.php?query=(_QU5E__1__________275__[]_1_1)&amp;sos_l=fr">Recettes avec confiture</a></td></tr><tr role="row" class="odd"><td tabindex="0"><i class="fas fa-hand-rock"></i></td><td class=" not_printable"><div class="addToGL" data-soscuisine-aisle="10" data-soscuisine-sip="3938745"><i class="fa fa-cart-plus" title="Ajouter à ma liste d'épicerie"></i><div></div></div></td><td><img class="storeItemImage" alt="confiture" src="/media/images/store_item/blank.jpg"></td><td>confiture</td><td class="not_printable sorting_1">produits secs &amp; autres</td><td><img style="width:50%;" src="/media/images/logos/marchands/69.png" alt="Intermarché (Provincial)"></td><td><span itemprop="price">4,00 $</span><span itemprop="eligibleQuantity" itemscope="" itemtype="http://schema.org/QuantitativeValue">/<span itemprop="unitText">500mL</span></span></td><td>0,60 $/100g</td><td style="display: none;">2020-02-26</td><td style="display: none;"></td><td style="display: none;">Double Fruit</td><td style="display: none;"></td><td style="display: none;">types variés</td><td style="display: none;"></td><td style="display: none;"></td><td style="display: none;"></td><td style="display: none;"><a class="recipeLink" href="/recipe_ingredient_search_results.php?query=(_QU5E__1__________275__[]_1_1)&amp;sos_l=fr">Recettes avec confiture</a></td></tr><tr role="row" class="even"><td tabindex="0"><i class="fas fa-hand-rock"></i></td><td class=" not_printable"><div class="addToGL" data-soscuisine-aisle="10" data-soscuisine-sip="3938481"><i class="fa fa-cart-plus" title="Ajouter à ma liste d'épicerie"></i><div></div></div></td><td><img class="storeItemImage" alt="confiture" src="/media/images/store_item/blank.jpg"></td><td>confiture</td><td class="not_printable sorting_1">produits secs &amp; autres</td><td><img style="width:50%;" src="/media/images/logos/marchands/7.png" alt="Intermarché (Saveurs intl.)"></td><td><span itemprop="price">4,00 $</span><span itemprop="eligibleQuantity" itemscope="" itemtype="http://schema.org/QuantitativeValue">/<span itemprop="unitText">500mL</span></span></td><td>0,60 $/100g</td><td style="display: none;">2020-02-26</td><td style="display: none;"></td><td style="display: none;">Double Fruit</td><td style="display: none;"></td><td style="display: none;">types variés</td><td style="display: none;"></td><td style="display: none;"></td><td style="display: none;"></td><td style="display: none;"><a class="recipeLink" href="/recipe_ingredient_search_results.php?query=(_QU5E__1__________275__[]_1_1)&amp;sos_l=fr">Recettes avec confiture</a></td></tr><tr role="row" class="odd"><td tabindex="0"><i class="fas fa-hand-rock"></i></td><td class=" not_printable"><div class="addToGL" data-soscuisine-aisle="10" data-soscuisine-sip="3939299"><i class="fa fa-cart-plus" title="Ajouter à ma liste d'épicerie"></i><div></div></div></td><td><img class="storeItemImage" alt="confiture" src="/media/images/store_item/blank.jpg"></td><td>confiture</td><td class="not_printable sorting_1">produits secs &amp; autres</td><td><img style="width:50%;" src="/media/images/logos/marchands/63.png" alt="Marché Adonis"></td><td><span itemprop="price">4,99 $</span><span itemprop="eligibleQuantity" itemscope="" itemtype="http://schema.org/QuantitativeValue">/<span itemprop="unitText">760g</span></span></td><td>0,66 $/100g</td><td style="display: none;">2020-02-26</td><td style="display: none;"></td><td style="display: none;"></td><td style="display: none;"></td><td style="display: none;">abricot</td><td style="display: none;"></td><td style="display: none;"></td><td style="display: none;">Mechalaany</td><td style="display: none;"><a class="recipeLink" href="/recipe_ingredient_search_results.php?query=(_QU5E__1__________275__[]_1_1)&amp;sos_l=fr">Recettes avec confiture</a></td></tr><tr role="row" class="even"><td tabindex="0"><i class="fas fa-hand-rock"></i></td><td class=" not_printable"><div class="addToGL" data-soscuisine-aisle="10" data-soscuisine-sip="3937791"><i class="fa fa-cart-plus" title="Ajouter à ma liste d'épicerie"></i><div></div></div></td><td><img class="storeItemImage" alt="confiture" src="/media/images/store_item/blank.jpg"></td><td>confiture</td><td class="not_printable sorting_1">produits secs &amp; autres</td><td><img style="width:50%;" src="/media/images/logos/marchands/1.png" alt="Metro"></td><td><span itemprop="price">2,99 $</span><span itemprop="eligibleQuantity" itemscope="" itemtype="http://schema.org/QuantitativeValue">/<span itemprop="unitText">250mL</span></span></td><td>0,89 $/100g</td><td style="display: none;">2020-02-26</td><td style="display: none;"></td><td style="display: none;">Smucker's</td><td style="display: none;"></td><td style="display: none;"></td><td style="display: none;"></td><td style="display: none;"></td><td style="display: none;"></td><td style="display: none;"><a class="recipeLink" href="/recipe_ingredient_search_results.php?query=(_QU5E__1__________275__[]_1_1)&amp;sos_l=fr">Recettes avec confiture</a></td></tr><tr role="row" class="odd"><td tabindex="0"><i class="fas fa-hand-rock"></i></td><td class=" not_printable"><div class="addToGL" data-soscuisine-aisle="10" data-soscuisine-sip="3937965"><i class="fa fa-cart-plus" title="Ajouter à ma liste d'épicerie"></i><div></div></div></td><td><img class="storeItemImage" alt="confiture" src="/media/images/store_item/blank.jpg"></td><td>confiture</td><td class="not_printable sorting_1">produits secs &amp; autres</td><td><img style="width:50%;" src="/media/images/logos/marchands/2.png" alt="Provigo"></td><td><span itemprop="price">4,99 $</span><span itemprop="eligibleQuantity" itemscope="" itemtype="http://schema.org/QuantitativeValue">/<span itemprop="unitText">500mL</span></span></td><td>0,74 $/100g</td><td style="display: none;">2020-02-26</td><td style="display: none;"></td><td style="display: none;">Kraft</td><td style="display: none;"></td><td style="display: none;"></td><td style="display: none;"></td><td style="display: none;"></td><td style="display: none;"></td><td style="display: none;"><a class="recipeLink" href="/recipe_ingredient_search_results.php?query=(_QU5E__1__________275__[]_1_1)&amp;sos_l=fr">Recettes avec confiture</a></td></tr><tr role="row" class="even"><td tabindex="0"><i class="fa fa-thumbs-up"></i><i class="fa fa-thumbs-up"></i></td><td class=" not_printable"><div class="addToGL" data-soscuisine-aisle="10" data-soscuisine-sip="3940957"><i class="fa fa-cart-plus" title="Ajouter à ma liste d'épicerie"></i><div></div></div></td><td><img class="storeItemImage" alt="confiture" src="/media/images/store_item/blank.jpg"></td><td>confiture</td><td class="not_printable sorting_1">produits secs &amp; autres</td><td><img style="width:50%;" src="/media/images/logos/marchands/12.png" alt="Richelieu"></td><td><span itemprop="price">5,00 $</span><span itemprop="eligibleQuantity" itemscope="" itemtype="http://schema.org/QuantitativeValue">/<span itemprop="value">2</span>x<span itemprop="unitText">500mL</span></span></td><td>0,37 $/100g</td><td style="display: none;">2020-02-26</td><td style="display: none;"></td><td style="display: none;">marque maison</td><td style="display: none;"></td><td style="display: none;"></td><td style="display: none;"></td><td style="display: none;"></td><td style="display: none;"></td><td style="display: none;"><a class="recipeLink" href="/recipe_ingredient_search_results.php?query=(_QU5E__1__________275__[]_1_1)&amp;sos_l=fr">Recettes avec confiture</a></td></tr><tr role="row" class="odd"><td tabindex="0"><i class="fa fa-thumbs-up"></i></td><td class=" not_printable"><div class="addToGL" data-soscuisine-aisle="10" data-soscuisine-sip="3940737"><i class="fa fa-cart-plus" title="Ajouter à ma liste d'épicerie"></i><div></div></div></td><td><img class="storeItemImage" alt="confiture" src="/media/images/store_item/blank.jpg"></td><td>confiture</td><td class="not_printable sorting_1">produits secs &amp; autres</td><td><img style="width:50%;" src="/media/images/logos/marchands/5.png" alt="Super C"></td><td><span itemprop="price">2,59 $</span><span itemprop="eligibleQuantity" itemscope="" itemtype="http://schema.org/QuantitativeValue">/<span itemprop="unitText">500mL</span></span></td><td>0,39 $/100g</td><td style="display: none;">2020-02-26</td><td style="display: none;"></td><td style="display: none;">marque maison</td><td style="display: none;"></td><td style="display: none;"></td><td style="display: none;"></td><td style="display: none;"></td><td style="display: none;"></td><td style="display: none;"><a class="recipeLink" href="/recipe_ingredient_search_results.php?query=(_QU5E__1__________275__[]_1_1)&amp;sos_l=fr">Recettes avec confiture</a></td></tr><tr role="row" class="even"><td tabindex="0"><i class="fa fa-thumbs-down"></i></td><td class=" not_printable"><div class="addToGL" data-soscuisine-aisle="10" data-soscuisine-sip="3940439"><i class="fa fa-cart-plus" title="Ajouter à ma liste d'épicerie"></i><div></div></div></td><td><img class="storeItemImage" alt="confiture" src="/media/images/store_item/blank.jpg"></td><td>confiture</td><td class="not_printable sorting_1">produits secs &amp; autres</td><td><img style="width:50%;" src="/media/images/logos/marchands/5.png" alt="Super C"></td><td><span itemprop="price">3,77 $</span><span itemprop="eligibleQuantity" itemscope="" itemtype="http://schema.org/QuantitativeValue">/<span itemprop="unitText">250mL</span></span></td><td>1,13 $/100g</td><td style="display: none;">2020-02-26</td><td style="display: none;"></td><td style="display: none;">Bonne Maman</td><td style="display: none;"></td><td style="display: none;"></td><td style="display: none;"></td><td style="display: none;"></td><td style="display: none;"></td><td style="display: none;"><a class="recipeLink" href="/recipe_ingredient_search_results.php?query=(_QU5E__1__________275__[]_1_1)&amp;sos_l=fr">Recettes avec confiture</a></td></tr><tr role="row" class="odd"><td tabindex="0"><i class="fa fa-thumbs-up"></i></td><td class=" not_printable"><div class="addToGL" data-soscuisine-aisle="10" data-soscuisine-sip="3940767"><i class="fa fa-cart-plus" title="Ajouter à ma liste d'épicerie"></i><div></div></div></td><td><img class="storeItemImage" alt="confiture" src="/media/images/store_item/blank.jpg"></td><td>confiture</td><td class="not_printable sorting_1">produits secs &amp; autres</td><td><img style="width:50%;" src="/media/images/logos/marchands/11.png" alt="Tradition"></td><td><span itemprop="price">2,99 $</span><span itemprop="eligibleQuantity" itemscope="" itemtype="http://schema.org/QuantitativeValue">/<span itemprop="unitText">500mL</span></span></td><td>0,45 $/100g</td><td style="display: none;">2020-02-26</td><td style="display: none;">Québec</td><td style="display: none;">Dora</td><td style="display: none;"></td><td style="display: none;"></td><td style="display: none;"></td><td style="display: none;"></td><td style="display: none;"></td><td style="display: none;"><a class="recipeLink" href="/recipe_ingredient_search_results.php?query=(_QU5E__1__________275__[]_1_1)&amp;sos_l=fr">Recettes avec confiture</a></td></tr><tr role="row" class="even"><td tabindex="0"><i class="fa fa-thumbs-down"></i></td><td class=" not_printable"><div class="addToGL" data-soscuisine-aisle="10" data-soscuisine-sip="3912957"><i class="fa fa-cart-plus" title="Ajouter à ma liste d'épicerie"></i><div></div></div></td><td><img class="storeItemImage" alt="craquelins" src="/media/images/store_item/blank.jpg"></td><td>craquelins</td><td class="not_printable sorting_1">produits secs &amp; autres</td><td><img style="width:50%;" src="/media/images/logos/marchands/94.png" alt="Avril"></td><td><span itemprop="price">4,99 $</span><span itemprop="eligibleQuantity" itemscope="" itemtype="http://schema.org/QuantitativeValue">/<span itemprop="value">2</span>x<span itemprop="unitText">120g</span></span></td><td>2,08 $/100g</td><td style="display: none;">2020-03-03</td><td style="display: none;"></td><td style="display: none;">Artisan</td><td style="display: none;"></td><td style="display: none;"></td><td style="display: none;">Bio</td><td style="display: none;"></td><td style="display: none;"></td><td style="display: none;"><a class="recipeLink" href="/recipe_ingredient_search_results.php?query=(_QU5E__1__________1163__[]_1_1)&amp;sos_l=fr">Recettes avec craquelins</a></td></tr><tr role="row" class="odd"><td tabindex="0"><i class="fa fa-thumbs-down"></i></td><td class=" not_printable"><div class="addToGL" data-soscuisine-aisle="10" data-soscuisine-sip="3912959"><i class="fa fa-cart-plus" title="Ajouter à ma liste d'épicerie"></i><div></div></div></td><td><img class="storeItemImage" alt="craquelins" src="/media/images/store_item/blank.jpg"></td><td>craquelins</td><td class="not_printable sorting_1">produits secs &amp; autres</td><td><img style="width:50%;" src="/media/images/logos/marchands/94.png" alt="Avril"></td><td><span itemprop="price">2,99 $</span><span itemprop="eligibleQuantity" itemscope="" itemtype="http://schema.org/QuantitativeValue">/<span itemprop="unitText">120g</span></span></td><td>2,49 $/100g</td><td style="display: none;">2020-03-03</td><td style="display: none;"></td><td style="display: none;">Artisan</td><td style="display: none;"></td><td style="display: none;"></td><td style="display: none;">Bio</td><td style="display: none;"></td><td style="display: none;"></td><td style="display: none;"><a class="recipeLink" href="/recipe_ingredient_search_results.php?query=(_QU5E__1__________1163__[]_1_1)&amp;sos_l=fr">Recettes avec craquelins</a></td></tr><tr role="row" class="even"><td tabindex="0"><i class="fas fa-hand-rock"></i></td><td class=" not_printable"><div class="addToGL" data-soscuisine-aisle="10" data-soscuisine-sip="3939703"><i class="fa fa-cart-plus" title="Ajouter à ma liste d'épicerie"></i><div></div></div></td><td><img class="storeItemImage" alt="craquelins" src="/media/images/store_item/blank.jpg"></td><td>craquelins</td><td class="not_printable sorting_1">produits secs &amp; autres</td><td><img style="width:50%;" src="/media/images/logos/marchands/10.png" alt="Bonichoix "></td><td><span itemprop="price">6,00 $</span><span itemprop="eligibleQuantity" itemscope="" itemtype="http://schema.org/QuantitativeValue">/<span itemprop="value">2</span>x<span itemprop="unitText">200g</span></span></td><td>1,50 $/100g</td><td style="display: none;">2020-02-26</td><td style="display: none;"></td><td style="display: none;">Christie</td><td style="display: none;"></td><td style="display: none;"></td><td style="display: none;"></td><td style="display: none;"></td><td style="display: none;"></td><td style="display: none;"><a class="recipeLink" href="/recipe_ingredient_search_results.php?query=(_QU5E__1__________1163__[]_1_1)&amp;sos_l=fr">Recettes avec craquelins</a></td></tr><tr role="row" class="odd"><td tabindex="0"><i class="fa fa-thumbs-up"></i></td><td class=" not_printable"><div class="addToGL" data-soscuisine-aisle="10" data-soscuisine-sip="3939461"><i class="fa fa-cart-plus" title="Ajouter à ma liste d'épicerie"></i><div></div></div></td><td><img class="storeItemImage" alt="craquelins" src="/media/images/store_item/blank.jpg"></td><td>craquelins</td><td class="not_printable sorting_1">produits secs &amp; autres</td><td><img style="width:50%;" src="/media/images/logos/marchands/3.png" alt="IGA"></td><td><span itemprop="price">3,99 $</span><span itemprop="eligibleQuantity" itemscope="" itemtype="http://schema.org/QuantitativeValue">/<span itemprop="unitText">450g</span></span></td><td>0,89 $/100g</td><td style="display: none;">2020-02-26</td><td style="display: none;"></td><td style="display: none;">Christie</td><td style="display: none;"></td><td style="display: none;"></td><td style="display: none;"></td><td style="display: none;"></td><td style="display: none;"></td><td style="display: none;"><a class="recipeLink" href="/recipe_ingredient_search_results.php?query=(_QU5E__1__________1163__[]_1_1)&amp;sos_l=fr">Recettes avec craquelins</a></td></tr><tr role="row" class="even"><td tabindex="0"><i class="fas fa-hand-rock"></i></td><td class=" not_printable"><div class="addToGL" data-soscuisine-aisle="10" data-soscuisine-sip="3938965"><i class="fa fa-cart-plus" title="Ajouter à ma liste d'épicerie"></i><div></div></div></td><td><img class="storeItemImage" alt="craquelins" src="/media/images/store_item/blank.jpg"></td><td>craquelins</td><td class="not_printable sorting_1">produits secs &amp; autres</td><td><img style="width:50%;" src="/media/images/logos/marchands/3.png" alt="IGA"></td><td><span itemprop="price">3,98 $</span><span itemprop="eligibleQuantity" itemscope="" itemtype="http://schema.org/QuantitativeValue">/<span itemprop="value">3</span>x<span itemprop="unitText">100g</span></span></td><td>1,33 $/100g</td><td style="display: none;">2020-02-26</td><td style="display: none;"></td><td style="display: none;">marque maison</td><td style="display: none;"></td><td style="display: none;"></td><td style="display: none;"></td><td style="display: none;"></td><td style="display: none;"></td><td style="display: none;"><a class="recipeLink" href="/recipe_ingredient_search_results.php?query=(_QU5E__1__________1163__[]_1_1)&amp;sos_l=fr">Recettes avec craquelins</a></td></tr><tr role="row" class="odd"><td tabindex="0"><i class="fa fa-thumbs-down"></i></td><td class=" not_printable"><div class="addToGL" data-soscuisine-aisle="10" data-soscuisine-sip="3938963"><i class="fa fa-cart-plus" title="Ajouter à ma liste d'épicerie"></i><div></div></div></td><td><img class="storeItemImage" alt="craquelins" src="/media/images/store_item/blank.jpg"></td><td>craquelins</td><td class="not_printable sorting_1">produits secs &amp; autres</td><td><img style="width:50%;" src="/media/images/logos/marchands/3.png" alt="IGA"></td><td><span itemprop="price">1,99 $</span><span itemprop="eligibleQuantity" itemscope="" itemtype="http://schema.org/QuantitativeValue">/<span itemprop="unitText">100g</span></span></td><td>1,99 $/100g</td><td style="display: none;">2020-02-26</td><td style="display: none;"></td><td style="display: none;">marque maison</td><td style="display: none;"></td><td style="display: none;"></td><td style="display: none;"></td><td style="display: none;"></td><td style="display: none;"></td><td style="display: none;"><a class="recipeLink" href="/recipe_ingredient_search_results.php?query=(_QU5E__1__________1163__[]_1_1)&amp;sos_l=fr">Recettes avec craquelins</a></td></tr><tr role="row" class="even"><td tabindex="0"><i class="fa fa-thumbs-down"></i></td><td class=" not_printable"><div class="addToGL" data-soscuisine-aisle="10" data-soscuisine-sip="3939719"><i class="fa fa-cart-plus" title="Ajouter à ma liste d'épicerie"></i><div></div></div></td><td><img class="storeItemImage" alt="craquelins" src="/media/images/store_item/blank.jpg"></td><td>craquelins</td><td class="not_printable sorting_1">produits secs &amp; autres</td><td><img style="width:50%;" src="/media/images/logos/marchands/3.png" alt="IGA"></td><td><span itemprop="price">5,50 $</span><span itemprop="eligibleQuantity" itemscope="" itemtype="http://schema.org/QuantitativeValue">/<span itemprop="value">2</span>x<span itemprop="unitText">120g</span></span></td><td>2,29 $/100g</td><td style="display: none;">2020-02-26</td><td style="display: none;"></td><td style="display: none;">Grissol</td><td style="display: none;"></td><td style="display: none;"></td><td style="display: none;"></td><td style="display: none;"></td><td style="display: none;"></td><td style="display: none;"><a class="recipeLink" href="/recipe_ingredient_search_results.php?query=(_QU5E__1__________1163__[]_1_1)&amp;sos_l=fr">Recettes avec craquelins</a></td></tr><tr role="row" class="odd"><td tabindex="0"><i class="fa fa-thumbs-up"></i></td><td class=" not_printable"><div class="addToGL" data-soscuisine-aisle="10" data-soscuisine-sip="3938717"><i class="fa fa-cart-plus" title="Ajouter à ma liste d'épicerie"></i><div></div></div></td><td><img class="storeItemImage" alt="craquelins" src="/media/images/store_item/blank.jpg"></td><td>craquelins</td><td class="not_printable sorting_1">produits secs &amp; autres</td><td><img style="width:50%;" src="/media/images/logos/marchands/69.png" alt="Intermarché (Provincial)"></td><td><span itemprop="price">2,49 $</span><span itemprop="eligibleQuantity" itemscope="" itemtype="http://schema.org/QuantitativeValue">/<span itemprop="unitText">260g</span></span></td><td>0,96 $/100g</td><td style="display: none;">2020-02-26</td><td style="display: none;"></td><td style="display: none;"></td><td style="display: none;"></td><td style="display: none;"></td><td style="display: none;"></td><td style="display: none;"></td><td style="display: none;">Keebler</td><td style="display: none;"><a class="recipeLink" href="/recipe_ingredient_search_results.php?query=(_QU5E__1__________1163__[]_1_1)&amp;sos_l=fr">Recettes avec craquelins</a></td></tr><tr role="row" class="even"><td tabindex="0"><i class="fa fa-thumbs-up"></i></td><td class=" not_printable"><div class="addToGL" data-soscuisine-aisle="10" data-soscuisine-sip="3937555"><i class="fa fa-cart-plus" title="Ajouter à ma liste d'épicerie"></i><div></div></div></td><td><img class="storeItemImage" alt="craquelins" src="/media/images/store_item/blank.jpg"></td><td>craquelins</td><td class="not_printable sorting_1">produits secs &amp; autres</td><td><img style="width:50%;" src="/media/images/logos/marchands/6.png" alt="Maxi"></td><td><span itemprop="price">2,00 $</span><span itemprop="eligibleQuantity" itemscope="" itemtype="http://schema.org/QuantitativeValue">/<span itemprop="unitText">227g (8oz)</span></span></td><td>0,88 $/100g</td><td style="display: none;">2020-02-26</td><td style="display: none;"></td><td style="display: none;">Dare</td><td style="display: none;"></td><td style="display: none;"></td><td style="display: none;"></td><td style="display: none;"></td><td style="display: none;"></td><td style="display: none;"><a class="recipeLink" href="/recipe_ingredient_search_results.php?query=(_QU5E__1__________1163__[]_1_1)&amp;sos_l=fr">Recettes avec craquelins</a></td></tr><tr role="row" class="odd"><td tabindex="0"><i class="fas fa-hand-rock"></i></td><td class=" not_printable"><div class="addToGL" data-soscuisine-aisle="10" data-soscuisine-sip="3937575"><i class="fa fa-cart-plus" title="Ajouter à ma liste d'épicerie"></i><div></div></div></td><td><img class="storeItemImage" alt="craquelins" src="/media/images/store_item/blank.jpg"></td><td>craquelins</td><td class="not_printable sorting_1">produits secs &amp; autres</td><td><img style="width:50%;" src="/media/images/logos/marchands/6.png" alt="Maxi"></td><td><span itemprop="price">2,00 $</span><span itemprop="eligibleQuantity" itemscope="" itemtype="http://schema.org/QuantitativeValue">/<span itemprop="unitText">200g</span></span></td><td>1,00 $/100g</td><td style="display: none;">2020-02-26</td><td style="display: none;"></td><td style="display: none;">Pepperidge Farm</td><td style="display: none;"></td><td style="display: none;"></td><td style="display: none;"></td><td style="display: none;"></td><td style="display: none;"></td><td style="display: none;"><a class="recipeLink" href="/recipe_ingredient_search_results.php?query=(_QU5E__1__________1163__[]_1_1)&amp;sos_l=fr">Recettes avec craquelins</a></td></tr><tr role="row" class="even"><td tabindex="0"><i class="fa fa-thumbs-up"></i><i class="fa fa-thumbs-up"></i></td><td class=" not_printable"><div class="addToGL" data-soscuisine-aisle="10" data-soscuisine-sip="3937867"><i class="fa fa-cart-plus" title="Ajouter à ma liste d'épicerie"></i><div></div></div></td><td><img class="storeItemImage" alt="craquelins" src="/media/images/store_item/blank.jpg"></td><td>craquelins</td><td class="not_printable sorting_1">produits secs &amp; autres</td><td><img style="width:50%;" src="/media/images/logos/marchands/1.png" alt="Metro"></td><td><span itemprop="price">2,00 $</span><span itemprop="eligibleQuantity" itemscope="" itemtype="http://schema.org/QuantitativeValue">/<span itemprop="unitText">454g (1lb)</span></span></td><td>0,44 $/100g</td><td style="display: none;">2020-02-26</td><td style="display: none;"></td><td style="display: none;">marque maison</td><td style="display: none;"></td><td style="display: none;"></td><td style="display: none;"></td><td style="display: none;"></td><td style="display: none;"></td><td style="display: none;"><a class="recipeLink" href="/recipe_ingredient_search_results.php?query=(_QU5E__1__________1163__[]_1_1)&amp;sos_l=fr">Recettes avec craquelins</a></td></tr><tr role="row" class="odd"><td tabindex="0"><i class="fa fa-thumbs-up"></i></td><td class=" not_printable"><div class="addToGL" data-soscuisine-aisle="10" data-soscuisine-sip="3937905"><i class="fa fa-cart-plus" title="Ajouter à ma liste d'épicerie"></i><div></div></div></td><td><img class="storeItemImage" alt="craquelins" src="/media/images/store_item/blank.jpg"></td><td>craquelins</td><td class="not_printable sorting_1">produits secs &amp; autres</td><td><img style="width:50%;" src="/media/images/logos/marchands/1.png" alt="Metro"></td><td><span itemprop="price">5,50 $</span><span itemprop="eligibleQuantity" itemscope="" itemtype="http://schema.org/QuantitativeValue">/<span itemprop="value">3</span>x<span itemprop="unitText">200g</span></span></td><td>0,92 $/100g</td><td style="display: none;">2020-02-26</td><td style="display: none;"></td><td style="display: none;">Pepperidge Farm</td><td style="display: none;"></td><td style="display: none;"></td><td style="display: none;"></td><td style="display: none;"></td><td style="display: none;">prix apres 3 pour 2</td><td style="display: none;"><a class="recipeLink" href="/recipe_ingredient_search_results.php?query=(_QU5E__1__________1163__[]_1_1)&amp;sos_l=fr">Recettes avec craquelins</a></td></tr><tr role="row" class="even"><td tabindex="0"><i class="fas fa-hand-rock"></i></td><td class=" not_printable"><div class="addToGL" data-soscuisine-aisle="10" data-soscuisine-sip="3937903"><i class="fa fa-cart-plus" title="Ajouter à ma liste d'épicerie"></i><div></div></div></td><td><img class="storeItemImage" alt="craquelins" src="/media/images/store_item/blank.jpg"></td><td>craquelins</td><td class="not_printable sorting_1">produits secs &amp; autres</td><td><img style="width:50%;" src="/media/images/logos/marchands/1.png" alt="Metro"></td><td><span itemprop="price">2,75 $</span><span itemprop="eligibleQuantity" itemscope="" itemtype="http://schema.org/QuantitativeValue">/<span itemprop="unitText">200g</span></span></td><td>1,38 $/100g</td><td style="display: none;">2020-02-26</td><td style="display: none;"></td><td style="display: none;">Pepperidge Farm</td><td style="display: none;"></td><td style="display: none;"></td><td style="display: none;"></td><td style="display: none;"></td><td style="display: none;"></td><td style="display: none;"><a class="recipeLink" href="/recipe_ingredient_search_results.php?query=(_QU5E__1__________1163__[]_1_1)&amp;sos_l=fr">Recettes avec craquelins</a></td></tr><tr role="row" class="odd"><td tabindex="0"><i class="fas fa-hand-rock"></i></td><td class=" not_printable"><div class="addToGL" data-soscuisine-aisle="10" data-soscuisine-sip="3938307"><i class="fa fa-cart-plus" title="Ajouter à ma liste d'épicerie"></i><div></div></div></td><td><img class="storeItemImage" alt="craquelins" src="/media/images/store_item/blank.jpg"></td><td>craquelins</td><td class="not_printable sorting_1">produits secs &amp; autres</td><td><img style="width:50%;" src="/media/images/logos/marchands/2.png" alt="Provigo"></td><td><span itemprop="price">5,00 $</span><span itemprop="eligibleQuantity" itemscope="" itemtype="http://schema.org/QuantitativeValue">/<span itemprop="value">2</span>x<span itemprop="unitText">200g</span></span></td><td>1,25 $/100g</td><td style="display: none;">2020-02-26</td><td style="display: none;"></td><td style="display: none;">Christie</td><td style="display: none;"></td><td style="display: none;"></td><td style="display: none;"></td><td style="display: none;"></td><td style="display: none;"></td><td style="display: none;"><a class="recipeLink" href="/recipe_ingredient_search_results.php?query=(_QU5E__1__________1163__[]_1_1)&amp;sos_l=fr">Recettes avec craquelins</a></td></tr><tr role="row" class="even"><td tabindex="0"><i class="fas fa-hand-rock"></i></td><td class=" not_printable"><div class="addToGL" data-soscuisine-aisle="10" data-soscuisine-sip="3938305"><i class="fa fa-cart-plus" title="Ajouter à ma liste d'épicerie"></i><div></div></div></td><td><img class="storeItemImage" alt="craquelins" src="/media/images/store_item/blank.jpg"></td><td>craquelins</td><td class="not_printable sorting_1">produits secs &amp; autres</td><td><img style="width:50%;" src="/media/images/logos/marchands/2.png" alt="Provigo"></td><td><span itemprop="price">2,99 $</span><span itemprop="eligibleQuantity" itemscope="" itemtype="http://schema.org/QuantitativeValue">/<span itemprop="unitText">200g</span></span></td><td>1,50 $/100g</td><td style="display: none;">2020-02-26</td><td style="display: none;"></td><td style="display: none;">Christie</td><td style="display: none;"></td><td style="display: none;"></td><td style="display: none;"></td><td style="display: none;"></td><td style="display: none;"></td><td style="display: none;"><a class="recipeLink" href="/recipe_ingredient_search_results.php?query=(_QU5E__1__________1163__[]_1_1)&amp;sos_l=fr">Recettes avec craquelins</a></td></tr><tr role="row" class="odd"><td tabindex="0"><i class="fas fa-hand-rock"></i></td><td class=" not_printable"><div class="addToGL" data-soscuisine-aisle="10" data-soscuisine-sip="3940701"><i class="fa fa-cart-plus" title="Ajouter à ma liste d'épicerie"></i><div></div></div></td><td><img class="storeItemImage" alt="craquelins" src="/media/images/store_item/blank.jpg"></td><td>craquelins</td><td class="not_printable sorting_1">produits secs &amp; autres</td><td><img style="width:50%;" src="/media/images/logos/marchands/5.png" alt="Super C"></td><td><span itemprop="price">5,50 $</span><span itemprop="eligibleQuantity" itemscope="" itemtype="http://schema.org/QuantitativeValue">/<span itemprop="value">2</span>x<span itemprop="unitText">200g</span></span></td><td>1,38 $/100g</td><td style="display: none;">2020-02-26</td><td style="display: none;"></td><td style="display: none;">Christie</td><td style="display: none;"></td><td style="display: none;"></td><td style="display: none;"></td><td style="display: none;"></td><td style="display: none;"></td><td style="display: none;"><a class="recipeLink" href="/recipe_ingredient_search_results.php?query=(_QU5E__1__________1163__[]_1_1)&amp;sos_l=fr">Recettes avec craquelins</a></td></tr><tr role="row" class="even"><td tabindex="0"><i class="fa fa-thumbs-up"></i></td><td class=" not_printable"><div class="addToGL" data-soscuisine-aisle="10" data-soscuisine-sip="3940539"><i class="fa fa-cart-plus" title="Ajouter à ma liste d'épicerie"></i><div></div></div></td><td><img class="storeItemImage" alt="craquelins" src="/media/images/store_item/blank.jpg"></td><td>craquelins</td><td class="not_printable sorting_1">produits secs &amp; autres</td><td><img style="width:50%;" src="/media/images/logos/marchands/11.png" alt="Tradition"></td><td><span itemprop="price">1,99 $</span><span itemprop="eligibleQuantity" itemscope="" itemtype="http://schema.org/QuantitativeValue">/<span itemprop="unitText">225g</span></span></td><td>0,88 $/100g</td><td style="display: none;">2020-02-26</td><td style="display: none;"></td><td style="display: none;">Dare</td><td style="display: none;"></td><td style="display: none;"></td><td style="display: none;"></td><td style="display: none;"></td><td style="display: none;"></td><td style="display: none;"><a class="recipeLink" href="/recipe_ingredient_search_results.php?query=(_QU5E__1__________1163__[]_1_1)&amp;sos_l=fr">Recettes avec craquelins</a></td></tr><tr role="row" class="odd"><td tabindex="0"><i class="fas fa-hand-rock"></i></td><td class=" not_printable"><div class="addToGL" data-soscuisine-aisle="10" data-soscuisine-sip="3940787"><i class="fa fa-cart-plus" title="Ajouter à ma liste d'épicerie"></i><div></div></div></td><td><img class="storeItemImage" alt="craquelins" src="/media/images/store_item/blank.jpg"></td><td>craquelins</td><td class="not_printable sorting_1">produits secs &amp; autres</td><td><img style="width:50%;" src="/media/images/logos/marchands/11.png" alt="Tradition"></td><td><span itemprop="price">6,00 $</span><span itemprop="eligibleQuantity" itemscope="" itemtype="http://schema.org/QuantitativeValue">/<span itemprop="value">2</span>x<span itemprop="unitText">200g</span></span></td><td>1,50 $/100g</td><td style="display: none;">2020-02-26</td><td style="display: none;"></td><td style="display: none;">Christie</td><td style="display: none;"></td><td style="display: none;"></td><td style="display: none;"></td><td style="display: none;"></td><td style="display: none;"></td><td style="display: none;"><a class="recipeLink" href="/recipe_ingredient_search_results.php?query=(_QU5E__1__________1163__[]_1_1)&amp;sos_l=fr">Recettes avec craquelins</a></td></tr><tr role="row" class="even"><td tabindex="0"><i class="fa fa-thumbs-down"></i></td><td class=" not_printable"><div class="addToGL" data-soscuisine-aisle="10" data-soscuisine-sip="3935999"><i class="fa fa-cart-plus" title="Ajouter à ma liste d'épicerie"></i><div></div></div></td><td><img class="storeItemImage" alt="haricots blancs (secs)" src="/media/images/store_item/blank.jpg"></td><td>haricots blancs (secs)</td><td class="not_printable sorting_1">produits secs &amp; autres</td><td><img style="width:50%;" src="/media/images/logos/marchands/62.png" alt="Supermarché PA"></td><td><span itemprop="price">5,00 $</span><span itemprop="eligibleQuantity" itemscope="" itemtype="http://schema.org/QuantitativeValue">/<span itemprop="value">2</span>x<span itemprop="unitText">2lb (907g)</span></span></td><td>0,28 $/100g</td><td style="display: none;">2020-02-23</td><td style="display: none;"></td><td style="display: none;">Cedar</td><td style="display: none;"></td><td style="display: none;"></td><td style="display: none;"></td><td style="display: none;"></td><td style="display: none;"></td><td style="display: none;"><a class="recipeLink" href="/recipe_ingredient_search_results.php?query=(_QU5E__1__________559__[]_1_1)&amp;sos_l=fr">Recettes avec haricots blancs (secs)</a></td></tr><tr role="row" class="odd"><td tabindex="0"><i class="fa fa-thumbs-up"></i><i class="fa fa-thumbs-up"></i></td><td class=" not_printable"><div class="addToGL" data-soscuisine-aisle="10" data-soscuisine-sip="3937573"><i class="fa fa-cart-plus" title="Ajouter à ma liste d'épicerie"></i><div></div></div></td><td><img class="storeItemImage" alt="haricots rouges (secs)" src="/media/images/store_item/blank.jpg"></td><td>haricots rouges (secs)</td><td class="not_printable sorting_1">produits secs &amp; autres</td><td><img style="width:50%;" src="/media/images/logos/marchands/6.png" alt="Maxi"></td><td><span itemprop="price">2,00 $</span><span itemprop="eligibleQuantity" itemscope="" itemtype="http://schema.org/QuantitativeValue">/<span itemprop="unitText">900g</span></span></td><td>0,22 $/100g</td><td style="display: none;">2020-02-26</td><td style="display: none;"></td><td style="display: none;">marque maison</td><td style="display: none;"></td><td style="display: none;">rognon</td><td style="display: none;"></td><td style="display: none;"></td><td style="display: none;"></td><td style="display: none;"><a class="recipeLink" href="/recipe_ingredient_search_results.php?query=(_QU5E__1__________1068__[]_1_1)&amp;sos_l=fr">Recettes avec haricots rouges (secs)</a></td></tr><tr role="row" class="even"><td tabindex="0"><i class="fas fa-hand-rock"></i></td><td class=" not_printable"><div class="addToGL" data-soscuisine-aisle="10" data-soscuisine-sip="3942135"><i class="fa fa-cart-plus" title="Ajouter à ma liste d'épicerie"></i><div></div></div></td><td><img class="storeItemImage" alt="lait de noix de coco" src="/media/images/store_item/blank.jpg"></td><td>lait de noix de coco</td><td class="not_printable sorting_1">produits secs &amp; autres</td><td><img style="width:50%;" src="/media/images/logos/marchands/13.png" alt="Jardin Mobile"></td><td><span itemprop="price">4,00 $</span><span itemprop="eligibleQuantity" itemscope="" itemtype="http://schema.org/QuantitativeValue">/<span itemprop="value">2</span>x<span itemprop="unitText">398mL</span></span></td><td>5,03 $/L</td><td style="display: none;">2020-02-26</td><td style="display: none;"></td><td style="display: none;">Haiku</td><td style="display: none;"></td><td style="display: none;"></td><td style="display: none;"></td><td style="display: none;"></td><td style="display: none;"></td><td style="display: none;"><a class="recipeLink" href="/recipe_ingredient_search_results.php?query=(_QU5E__1__________247__[]_1_1)&amp;sos_l=fr">Recettes avec lait de noix de coco</a></td></tr><tr role="row" class="odd"><td tabindex="0"><i class="fas fa-hand-rock"></i></td><td class=" not_printable"><div class="addToGL" data-soscuisine-aisle="10" data-soscuisine-sip="3938843"><i class="fa fa-cart-plus" title="Ajouter à ma liste d'épicerie"></i><div></div></div></td><td><img class="storeItemImage" alt="lait de noix de coco" src="/media/images/store_item/blank.jpg"></td><td>lait de noix de coco</td><td class="not_printable sorting_1">produits secs &amp; autres</td><td><img style="width:50%;" src="/media/images/logos/marchands/93.png" alt="Rachelle Béry"></td><td><span itemprop="price">3,49 $</span><span itemprop="eligibleQuantity" itemscope="" itemtype="http://schema.org/QuantitativeValue">/<span itemprop="unitText">400mL</span></span></td><td>8,73 $/L</td><td style="display: none;">2020-03-04</td><td style="display: none;"></td><td style="display: none;">Earth's Choice</td><td style="display: none;"></td><td style="display: none;"></td><td style="display: none;">Bio</td><td style="display: none;"></td><td style="display: none;"></td><td style="display: none;"><a class="recipeLink" href="/recipe_ingredient_search_results.php?query=(_QU5E__1__________247__[]_1_1)&amp;sos_l=fr">Recettes avec lait de noix de coco</a></td></tr><tr role="row" class="even"><td tabindex="0"><i class="fa fa-thumbs-down"></i></td><td class=" not_printable"><div class="addToGL" data-soscuisine-aisle="10" data-soscuisine-sip="3938841"><i class="fa fa-cart-plus" title="Ajouter à ma liste d'épicerie"></i><div></div></div></td><td><img class="storeItemImage" alt="lait de noix de coco" src="/media/images/store_item/blank.jpg"></td><td>lait de noix de coco</td><td class="not_printable sorting_1">produits secs &amp; autres</td><td><img style="width:50%;" src="/media/images/logos/marchands/93.png" alt="Rachelle Béry"></td><td><span itemprop="price">1,99 $</span><span itemprop="eligibleQuantity" itemscope="" itemtype="http://schema.org/QuantitativeValue">/<span itemprop="unitText">160mL</span></span></td><td>12,44 $/L</td><td style="display: none;">2020-03-04</td><td style="display: none;"></td><td style="display: none;">Earth's Choice</td><td style="display: none;"></td><td style="display: none;"></td><td style="display: none;">Bio</td><td style="display: none;"></td><td style="display: none;"></td><td style="display: none;"><a class="recipeLink" href="/recipe_ingredient_search_results.php?query=(_QU5E__1__________247__[]_1_1)&amp;sos_l=fr">Recettes avec lait de noix de coco</a></td></tr><tr role="row" class="odd"><td tabindex="0"><i class="fa fa-thumbs-up"></i><i class="fa fa-thumbs-up"></i></td><td class=" not_printable"><div class="addToGL" data-soscuisine-aisle="10" data-soscuisine-sip="3939019"><i class="fa fa-cart-plus" title="Ajouter à ma liste d'épicerie"></i><div></div></div></td><td><img class="storeItemImage" alt="lentilles rouge-orange" src="/media/images/store_item/blank.jpg"></td><td>lentilles rouge-orange</td><td class="not_printable sorting_1">produits secs &amp; autres</td><td><img style="width:50%;" src="/media/images/logos/marchands/64.png" alt="Mourelatos"></td><td><span itemprop="price">3,49 $</span><span itemprop="eligibleQuantity" itemscope="" itemtype="http://schema.org/QuantitativeValue">/<span itemprop="unitText">4lb (1,81kg)</span></span></td><td>0,19 $/100g</td><td style="display: none;">2020-02-25</td><td style="display: none;"></td><td style="display: none;">Suraj</td><td style="display: none;"></td><td style="display: none;"></td><td style="display: none;"></td><td style="display: none;"></td><td style="display: none;"></td><td style="display: none;"><a class="recipeLink" href="/recipe_ingredient_search_results.php?query=(_QU5E__1__________378__[]_1_1)&amp;sos_l=fr">Recettes avec lentilles rouge-orange</a></td></tr><tr role="row" class="even"><td tabindex="0"><i class="fas fa-exclamation"></i></td><td class=" not_printable"><div class="addToGL" data-soscuisine-aisle="10" data-soscuisine-sip="3939725"><i class="fa fa-cart-plus" title="Ajouter à ma liste d'épicerie"></i><div></div></div></td><td><img class="storeItemImage" alt="préparation crémeuse de soja pour cuisinier" src="/media/images/store_item/blank.jpg"></td><td>préparation crémeuse de soja pour cuisinier</td><td class="not_printable sorting_1">produits secs &amp; autres</td><td><img style="width:50%;" src="/media/images/logos/marchands/3.png" alt="IGA"></td><td><span itemprop="price">1,99 $</span><span itemprop="eligibleQuantity" itemscope="" itemtype="http://schema.org/QuantitativeValue">/<span itemprop="unitText">250mL</span></span></td><td>0,80 $/100mL</td><td style="display: none;">2020-02-26</td><td style="display: none;"></td><td style="display: none;">Belsoy</td><td style="display: none;"></td><td style="display: none;"></td><td style="display: none;">Bio</td><td style="display: none;"></td><td style="display: none;"></td><td style="display: none;"><a class="recipeLink" href="/recipe_ingredient_search_results.php?query=(_QU5E__1__________1115__[]_1_1)&amp;sos_l=fr">Recettes avec préparation crémeuse de soja pour cuisinier</a></td></tr><tr role="row" class="odd"><td tabindex="0"><i class="fas fa-exclamation"></i></td><td class=" not_printable"><div class="addToGL" data-soscuisine-aisle="10" data-soscuisine-sip="3942129"><i class="fa fa-cart-plus" title="Ajouter à ma liste d'épicerie"></i><div></div></div></td><td><img class="storeItemImage" alt="préparation crémeuse de soja pour cuisinier" src="/media/images/store_item/blank.jpg"></td><td>préparation crémeuse de soja pour cuisinier</td><td class="not_printable sorting_1">produits secs &amp; autres</td><td><img style="width:50%;" src="/media/images/logos/marchands/13.png" alt="Jardin Mobile"></td><td><span itemprop="price">4,00 $</span><span itemprop="eligibleQuantity" itemscope="" itemtype="http://schema.org/QuantitativeValue">/<span itemprop="value">2</span>x<span itemprop="unitText">250mL</span></span></td><td>0,80 $/100mL</td><td style="display: none;">2020-02-26</td><td style="display: none;"></td><td style="display: none;">Belsoy</td><td style="display: none;"></td><td style="display: none;"></td><td style="display: none;"></td><td style="display: none;"></td><td style="display: none;"></td><td style="display: none;"><a class="recipeLink" href="/recipe_ingredient_search_results.php?query=(_QU5E__1__________1115__[]_1_1)&amp;sos_l=fr">Recettes avec préparation crémeuse de soja pour cuisinier</a></td></tr><tr role="row" class="even"><td tabindex="0"><i class="fa fa-thumbs-down"></i></td><td class=" not_printable"><div class="addToGL" data-soscuisine-aisle="10" data-soscuisine-sip="3937313"><i class="fa fa-cart-plus" title="Ajouter à ma liste d'épicerie"></i><div></div></div></td><td><img class="storeItemImage" alt="tartinade chocolat-noisettes" src="/media/images/store_item/blank.jpg"></td><td>tartinade chocolat-noisettes</td><td class="not_printable sorting_1">produits secs &amp; autres</td><td><img style="width:50%;" src="/media/images/logos/marchands/95.png" alt="Marchés Tau"></td><td><span itemprop="price">7,99 $</span><span itemprop="eligibleQuantity" itemscope="" itemtype="http://schema.org/QuantitativeValue">/<span itemprop="unitText">368g (13oz)</span></span></td><td>2,17 $/100g</td><td style="display: none;">2020-03-29</td><td style="display: none;"></td><td style="display: none;">MaraNatha</td><td style="display: none;"></td><td style="display: none;"></td><td style="display: none;"></td><td style="display: none;"></td><td style="display: none;"></td><td style="display: none;"><a class="recipeLink" href="/recipe_ingredient_search_results.php?query=(_QU5E__1__________1064__[]_1_1)&amp;sos_l=fr">Recettes avec tartinade chocolat-noisettes</a></td></tr><tr role="row" class="odd"><td tabindex="0"><i class="fas fa-hand-rock"></i></td><td class=" not_printable"><div class="addToGL" data-soscuisine-aisle="10" data-soscuisine-sip="3937797"><i class="fa fa-cart-plus" title="Ajouter à ma liste d'épicerie"></i><div></div></div></td><td><img class="storeItemImage" alt="tartinade chocolat-noisettes" src="/media/images/store_item/blank.jpg"></td><td>tartinade chocolat-noisettes</td><td class="not_printable sorting_1">produits secs &amp; autres</td><td><img style="width:50%;" src="/media/images/logos/marchands/1.png" alt="Metro"></td><td><span itemprop="price">7,99 $</span><span itemprop="eligibleQuantity" itemscope="" itemtype="http://schema.org/QuantitativeValue">/<span itemprop="unitText">1kg</span></span></td><td>0,80 $/100g</td><td style="display: none;">2020-02-26</td><td style="display: none;"></td><td style="display: none;">Nutella</td><td style="display: none;"></td><td style="display: none;"></td><td style="display: none;"></td><td style="display: none;"></td><td style="display: none;"></td><td style="display: none;"><a class="recipeLink" href="/recipe_ingredient_search_results.php?query=(_QU5E__1__________1064__[]_1_1)&amp;sos_l=fr">Recettes avec tartinade chocolat-noisettes</a></td></tr><tr role="row" class="even"><td tabindex="0"><i class="fa fa-thumbs-down"></i></td><td class=" not_printable"><div class="addToGL" data-soscuisine-aisle="10" data-soscuisine-sip="3937849"><i class="fa fa-cart-plus" title="Ajouter à ma liste d'épicerie"></i><div></div></div></td><td><img class="storeItemImage" alt="tartinade chocolat-noisettes" src="/media/images/store_item/blank.jpg"></td><td>tartinade chocolat-noisettes</td><td class="not_printable sorting_1">produits secs &amp; autres</td><td><img style="width:50%;" src="/media/images/logos/marchands/1.png" alt="Metro"></td><td><span itemprop="price">4,99 $</span><span itemprop="eligibleQuantity" itemscope="" itemtype="http://schema.org/QuantitativeValue">/<span itemprop="unitText">375g</span></span></td><td>1,33 $/100g</td><td style="display: none;">2020-02-26</td><td style="display: none;"></td><td style="display: none;">marque maison</td><td style="display: none;"></td><td style="display: none;"></td><td style="display: none;">Bio</td><td style="display: none;"></td><td style="display: none;"></td><td style="display: none;"><a class="recipeLink" href="/recipe_ingredient_search_results.php?query=(_QU5E__1__________1064__[]_1_1)&amp;sos_l=fr">Recettes avec tartinade chocolat-noisettes</a></td></tr><tr role="row" class="odd"><td tabindex="0"><i class="fas fa-hand-rock"></i></td><td class=" not_printable"><div class="addToGL" data-soscuisine-aisle="10" data-soscuisine-sip="3936047"><i class="fa fa-cart-plus" title="Ajouter à ma liste d'épicerie"></i><div></div></div></td><td><img class="storeItemImage" alt="tartinade chocolat-noisettes" src="/media/images/store_item/blank.jpg"></td><td>tartinade chocolat-noisettes</td><td class="not_printable sorting_1">produits secs &amp; autres</td><td><img style="width:50%;" src="/media/images/logos/marchands/62.png" alt="Supermarché PA"></td><td><span itemprop="price">2,99 $</span><span itemprop="eligibleQuantity" itemscope="" itemtype="http://schema.org/QuantitativeValue">/<span itemprop="unitText">375g</span></span></td><td>0,80 $/100g</td><td style="display: none;">2020-02-23</td><td style="display: none;"></td><td style="display: none;">Nutella</td><td style="display: none;"></td><td style="display: none;"></td><td style="display: none;"></td><td style="display: none;"></td><td style="display: none;"></td><td style="display: none;"><a class="recipeLink" href="/recipe_ingredient_search_results.php?query=(_QU5E__1__________1064__[]_1_1)&amp;sos_l=fr">Recettes avec tartinade chocolat-noisettes</a></td></tr><tr role="row" class="even"><td tabindex="0"><i class="fa fa-thumbs-up"></i></td><td class=" not_printable"><div class="addToGL" data-soscuisine-aisle="10" data-soscuisine-sip="3939717"><i class="fa fa-cart-plus" title="Ajouter à ma liste d'épicerie"></i><div></div></div></td><td><img class="storeItemImage" alt="vols-au-vent" src="/media/images/store_item/blank.jpg"></td><td>vols-au-vent</td><td class="not_printable sorting_1">produits secs &amp; autres</td><td><img style="width:50%;" src="/media/images/logos/marchands/10.png" alt="Bonichoix "></td><td><span itemprop="price">2,99 $</span><span itemprop="eligibleQuantity" itemscope="" itemtype="http://schema.org/QuantitativeValue">/<span itemprop="unitText">255g (9oz)</span></span></td><td>11,73 $/kg</td><td style="display: none;">2020-02-26</td><td style="display: none;"></td><td style="display: none;">Tenderflake</td><td style="display: none;"></td><td style="display: none;"></td><td style="display: none;"></td><td style="display: none;"></td><td style="display: none;"></td><td style="display: none;"><a class="recipeLink" href="/recipe_ingredient_search_results.php?query=(_QU5E__1__________391__[]_1_1)&amp;sos_l=fr">Recettes avec vols-au-vent</a></td></tr><tr role="row" class="odd"><td tabindex="0"><i class="fa fa-thumbs-up"></i></td><td class=" not_printable"><div class="addToGL" data-soscuisine-aisle="10" data-soscuisine-sip="3940805"><i class="fa fa-cart-plus" title="Ajouter à ma liste d'épicerie"></i><div></div></div></td><td><img class="storeItemImage" alt="vols-au-vent" src="/media/images/store_item/blank.jpg"></td><td>vols-au-vent</td><td class="not_printable sorting_1">produits secs &amp; autres</td><td><img style="width:50%;" src="/media/images/logos/marchands/11.png" alt="Tradition"></td><td><span itemprop="price">2,99 $</span><span itemprop="eligibleQuantity" itemscope="" itemtype="http://schema.org/QuantitativeValue">/<span itemprop="unitText">255g (9oz)</span></span></td><td>11,73 $/kg</td><td style="display: none;">2020-02-26</td><td style="display: none;"></td><td style="display: none;">Tenderflake</td><td style="display: none;"></td><td style="display: none;"></td><td style="display: none;"></td><td style="display: none;"></td><td style="display: none;"></td><td style="display: none;"><a class="recipeLink" href="/recipe_ingredient_search_results.php?query=(_QU5E__1__________391__[]_1_1)&amp;sos_l=fr">Recettes avec vols-au-vent</a></td></tr><tr role="row" class="even"><td tabindex="0"><i class="fas fa-hand-rock"></i></td><td class=" not_printable"><div class="addToGL" data-soscuisine-aisle="10" data-soscuisine-sip="3940641"><i class="fa fa-cart-plus" title="Ajouter à ma liste d'épicerie"></i><div></div></div></td><td><img class="storeItemImage" alt="vols-au-vent" src="/media/images/store_item/blank.jpg"></td><td>vols-au-vent</td><td class="not_printable sorting_1">produits secs &amp; autres</td><td><img style="width:50%;" src="/media/images/logos/marchands/11.png" alt="Tradition"></td><td><span itemprop="price">4,49 $</span><span itemprop="eligibleQuantity" itemscope="" itemtype="http://schema.org/QuantitativeValue">/<span itemprop="unitText">paq. de 6</span></span></td><td>18,71 $/kg</td><td style="display: none;">2020-02-26</td><td style="display: none;"></td><td style="display: none;">Dumas</td><td style="display: none;">standard</td><td style="display: none;"></td><td style="display: none;"></td><td style="display: none;"></td><td style="display: none;"></td><td style="display: none;"><a class="recipeLink" href="/recipe_ingredient_search_results.php?query=(_QU5E__1__________391__[]_1_1)&amp;sos_l=fr">Recettes avec vols-au-vent</a></td></tr><tr role="row" class="odd"><td tabindex="0"><i class="fas fa-exclamation"></i></td><td class=" not_printable"><div class="addToGL" data-soscuisine-aisle="26" data-soscuisine-sip="3914253"><i class="fa fa-cart-plus" title="Ajouter à ma liste d'épicerie"></i><div></div></div></td><td><img class="storeItemImage" alt="baguettes sans gluten" src="/media/images/store_item/blank.jpg"></td><td>baguettes sans gluten</td><td class="not_printable sorting_1">sans gluten</td><td><img style="width:50%;" src="/media/images/logos/marchands/94.png" alt="Avril"></td><td><span itemprop="price">7,99 $</span><span itemprop="eligibleQuantity" itemscope="" itemtype="http://schema.org/QuantitativeValue">/<span itemprop="unitText">260g</span></span></td><td>30,73 $/kg</td><td style="display: none;">2020-03-03</td><td style="display: none;"></td><td style="display: none;"></td><td style="display: none;"></td><td style="display: none;"></td><td style="display: none;"></td><td style="display: none;"></td><td style="display: none;">unbun</td><td style="display: none;"><a class="recipeLink" href="/recipe_ingredient_search_results.php?query=(_QU5E__1__________1184__[]_1_1)&amp;sos_l=fr">Recettes avec baguettes sans gluten</a></td></tr><tr role="row" class="even"><td tabindex="0"><i class="fas fa-exclamation"></i></td><td class=" not_printable"><div class="addToGL" data-soscuisine-aisle="26" data-soscuisine-sip="3912913"><i class="fa fa-cart-plus" title="Ajouter à ma liste d'épicerie"></i><div></div></div></td><td><img class="storeItemImage" alt="barres granola, sans gluten" src="/media/images/store_item/blank.jpg"></td><td>barres granola, sans gluten</td><td class="not_printable sorting_1">sans gluten</td><td><img style="width:50%;" src="/media/images/logos/marchands/94.png" alt="Avril"></td><td><span itemprop="price">3,49 $</span><span itemprop="eligibleQuantity" itemscope="" itemtype="http://schema.org/QuantitativeValue">/<span itemprop="unitText">120g</span></span></td><td>2,91 $/100g</td><td style="display: none;">2020-03-03</td><td style="display: none;"></td><td style="display: none;">Made Good</td><td style="display: none;"></td><td style="display: none;"></td><td style="display: none;"></td><td style="display: none;"></td><td style="display: none;"></td><td style="display: none;"><a class="recipeLink" href="/recipe_ingredient_search_results.php?query=(_QU5E__1__________1085__[]_1_1)&amp;sos_l=fr">Recettes avec barres granola, sans gluten</a></td></tr><tr role="row" class="odd"><td tabindex="0"><i class="fas fa-exclamation"></i></td><td class=" not_printable"><div class="addToGL" data-soscuisine-aisle="26" data-soscuisine-sip="3939463"><i class="fa fa-cart-plus" title="Ajouter à ma liste d'épicerie"></i><div></div></div></td><td><img class="storeItemImage" alt="céréales sans gluten" src="/media/images/store_item/blank.jpg"></td><td>céréales sans gluten</td><td class="not_printable sorting_1">sans gluten</td><td><img style="width:50%;" src="/media/images/logos/marchands/3.png" alt="IGA"></td><td><span itemprop="price">4,99 $</span><span itemprop="eligibleQuantity" itemscope="" itemtype="http://schema.org/QuantitativeValue">/<span itemprop="unitText">340g</span></span></td><td>1,47 $/100g</td><td style="display: none;">2020-02-26</td><td style="display: none;"></td><td style="display: none;">General Mills</td><td style="display: none;"></td><td style="display: none;"></td><td style="display: none;"></td><td style="display: none;"></td><td style="display: none;"></td><td style="display: none;"><a class="recipeLink" href="/recipe_ingredient_search_results.php?query=(_QU5E__1__________1086__[]_1_1)&amp;sos_l=fr">Recettes avec céréales sans gluten</a></td></tr><tr role="row" class="even"><td tabindex="0"><i class="fas fa-exclamation"></i></td><td class=" not_printable"><div class="addToGL" data-soscuisine-aisle="26" data-soscuisine-sip="3912943"><i class="fa fa-cart-plus" title="Ajouter à ma liste d'épicerie"></i><div></div></div></td><td><img class="storeItemImage" alt="farine sans gluten" src="/media/images/store_item/blank.jpg"></td><td>farine sans gluten</td><td class="not_printable sorting_1">sans gluten</td><td><img style="width:50%;" src="/media/images/logos/marchands/94.png" alt="Avril"></td><td><span itemprop="price">8,99 $</span><span itemprop="eligibleQuantity" itemscope="" itemtype="http://schema.org/QuantitativeValue">/<span itemprop="unitText">1kg</span></span></td><td>8,99 $/kg</td><td style="display: none;">2020-03-03</td><td style="display: none;"></td><td style="display: none;">Cuisine Soleil</td><td style="display: none;"></td><td style="display: none;"></td><td style="display: none;">Bio</td><td style="display: none;"></td><td style="display: none;">tout usage</td><td style="display: none;"><a class="recipeLink" href="/recipe_ingredient_search_results.php?query=(_QU5E__1__________1013__[]_1_1)&amp;sos_l=fr">Recettes avec farine sans gluten</a></td></tr><tr role="row" class="odd"><td tabindex="0"><i class="fas fa-exclamation"></i></td><td class=" not_printable"><div class="addToGL" data-soscuisine-aisle="26" data-soscuisine-sip="3937377"><i class="fa fa-cart-plus" title="Ajouter à ma liste d'épicerie"></i><div></div></div></td><td><img class="storeItemImage" alt="nouilles konjac/shirataki" src="/media/images/store_item/blank.jpg"></td><td>nouilles konjac/shirataki</td><td class="not_printable sorting_1">sans gluten</td><td><img style="width:50%;" src="/media/images/logos/marchands/95.png" alt="Marchés Tau"></td><td><span itemprop="price">3,99 $</span><span itemprop="eligibleQuantity" itemscope="" itemtype="http://schema.org/QuantitativeValue">/<span itemprop="unitText">400g</span></span></td><td>1,00 $/100g</td><td style="display: none;">2020-03-29</td><td style="display: none;"></td><td style="display: none;"></td><td style="display: none;"></td><td style="display: none;"></td><td style="display: none;"></td><td style="display: none;"></td><td style="display: none;">Liviva</td><td style="display: none;"><a class="recipeLink" href="/recipe_ingredient_search_results.php?query=(_QU5E__1__________1283__[]_1_1)&amp;sos_l=fr">Recettes avec nouilles konjac/shirataki</a></td></tr><tr role="row" class="even"><td tabindex="0"><i class="fas fa-hand-rock"></i></td><td class=" not_printable"><div class="addToGL" data-soscuisine-aisle="26" data-soscuisine-sip="3912869"><i class="fa fa-cart-plus" title="Ajouter à ma liste d'épicerie"></i><div></div></div></td><td><img class="storeItemImage" alt="pain sans gluten" src="/media/images/store_item/blank.jpg"></td><td>pain sans gluten</td><td class="not_printable sorting_1">sans gluten</td><td><img style="width:50%;" src="/media/images/logos/marchands/94.png" alt="Avril"></td><td><span itemprop="price">4,99 $</span><span itemprop="eligibleQuantity" itemscope="" itemtype="http://schema.org/QuantitativeValue">/<span itemprop="unitText">340g</span></span></td><td>14,68 $/kg</td><td style="display: none;">2020-03-03</td><td style="display: none;"></td><td style="display: none;">Udi's</td><td style="display: none;"></td><td style="display: none;"></td><td style="display: none;"></td><td style="display: none;"></td><td style="display: none;"></td><td style="display: none;"><a class="recipeLink" href="/recipe_ingredient_search_results.php?query=(_QU5E__1__________483__[]_1_1)&amp;sos_l=fr">Recettes avec pain sans gluten</a></td></tr><tr role="row" class="odd"><td tabindex="0"><i class="fa fa-thumbs-up"></i><i class="fa fa-thumbs-up"></i></td><td class=" not_printable"><div class="addToGL" data-soscuisine-aisle="26" data-soscuisine-sip="3938737"><i class="fa fa-cart-plus" title="Ajouter à ma liste d'épicerie"></i><div></div></div></td><td><img class="storeItemImage" alt="pâtes sans blé/sans gluten" src="/media/images/store_item/blank.jpg"></td><td>pâtes sans blé/sans gluten</td><td class="not_printable sorting_1">sans gluten</td><td><img style="width:50%;" src="/media/images/logos/marchands/69.png" alt="Intermarché (Provincial)"></td><td><span itemprop="price">2,00 $</span><span itemprop="eligibleQuantity" itemscope="" itemtype="http://schema.org/QuantitativeValue">/<span itemprop="unitText">454g (1lb)</span></span></td><td>4,41 $/kg</td><td style="display: none;">2020-02-26</td><td style="display: none;"></td><td style="display: none;">Rizopia</td><td style="display: none;"></td><td style="display: none;">riz brun</td><td style="display: none;"></td><td style="display: none;"></td><td style="display: none;"></td><td style="display: none;"><a class="recipeLink" href="/recipe_ingredient_search_results.php?query=(_QU5E__1__________479__[]_1_1)&amp;sos_l=fr">Recettes avec pâtes sans blé/sans gluten</a></td></tr><tr role="row" class="even"><td tabindex="0"><i class="fa fa-thumbs-up"></i><i class="fa fa-thumbs-up"></i></td><td class=" not_printable"><div class="addToGL" data-soscuisine-aisle="26" data-soscuisine-sip="3938473"><i class="fa fa-cart-plus" title="Ajouter à ma liste d'épicerie"></i><div></div></div></td><td><img class="storeItemImage" alt="pâtes sans blé/sans gluten" src="/media/images/store_item/blank.jpg"></td><td>pâtes sans blé/sans gluten</td><td class="not_printable sorting_1">sans gluten</td><td><img style="width:50%;" src="/media/images/logos/marchands/7.png" alt="Intermarché (Saveurs intl.)"></td><td><span itemprop="price">2,00 $</span><span itemprop="eligibleQuantity" itemscope="" itemtype="http://schema.org/QuantitativeValue">/<span itemprop="unitText">454g (1lb)</span></span></td><td>4,41 $/kg</td><td style="display: none;">2020-02-26</td><td style="display: none;"></td><td style="display: none;">Rizopia</td><td style="display: none;"></td><td style="display: none;">riz brun</td><td style="display: none;"></td><td style="display: none;"></td><td style="display: none;"></td><td style="display: none;"><a class="recipeLink" href="/recipe_ingredient_search_results.php?query=(_QU5E__1__________479__[]_1_1)&amp;sos_l=fr">Recettes avec pâtes sans blé/sans gluten</a></td></tr><tr role="row" class="odd"><td tabindex="0"><i class="fas fa-hand-rock"></i></td><td class=" not_printable"><div class="addToGL" data-soscuisine-aisle="26" data-soscuisine-sip="3938439"><i class="fa fa-cart-plus" title="Ajouter à ma liste d'épicerie"></i><div></div></div></td><td><img class="storeItemImage" alt="pâtes sans blé/sans gluten" src="/media/images/store_item/blank.jpg"></td><td>pâtes sans blé/sans gluten</td><td class="not_printable sorting_1">sans gluten</td><td><img style="width:50%;" src="/media/images/logos/marchands/7.png" alt="Intermarché (Saveurs intl.)"></td><td><span itemprop="price">2,50 $</span><span itemprop="eligibleQuantity" itemscope="" itemtype="http://schema.org/QuantitativeValue">/<span itemprop="unitText">250g</span></span></td><td>10,00 $/kg</td><td style="display: none;">2020-02-26</td><td style="display: none;"></td><td style="display: none;">Le Veneziane</td><td style="display: none;"></td><td style="display: none;"></td><td style="display: none;"></td><td style="display: none;"></td><td style="display: none;"></td><td style="display: none;"><a class="recipeLink" href="/recipe_ingredient_search_results.php?query=(_QU5E__1__________479__[]_1_1)&amp;sos_l=fr">Recettes avec pâtes sans blé/sans gluten</a></td></tr><tr role="row" class="even"><td tabindex="0"><i class="fas fa-hand-rock"></i></td><td class=" not_printable"><div class="addToGL" data-soscuisine-aisle="26" data-soscuisine-sip="3937345"><i class="fa fa-cart-plus" title="Ajouter à ma liste d'épicerie"></i><div></div></div></td><td><img class="storeItemImage" alt="pâtes sans blé/sans gluten" src="/media/images/store_item/blank.jpg"></td><td>pâtes sans blé/sans gluten</td><td class="not_printable sorting_1">sans gluten</td><td><img style="width:50%;" src="/media/images/logos/marchands/95.png" alt="Marchés Tau"></td><td><span itemprop="price">6,00 $</span><span itemprop="eligibleQuantity" itemscope="" itemtype="http://schema.org/QuantitativeValue">/<span itemprop="value">2</span>x<span itemprop="unitText">340g</span></span></td><td>8,82 $/kg</td><td style="display: none;">2020-03-29</td><td style="display: none;"></td><td style="display: none;">Rizopia</td><td style="display: none;"></td><td style="display: none;"></td><td style="display: none;"></td><td style="display: none;"></td><td style="display: none;"></td><td style="display: none;"><a class="recipeLink" href="/recipe_ingredient_search_results.php?query=(_QU5E__1__________479__[]_1_1)&amp;sos_l=fr">Recettes avec pâtes sans blé/sans gluten</a></td></tr><tr role="row" class="odd"><td tabindex="0"><i class="fas fa-hand-rock"></i></td><td class=" not_printable"><div class="addToGL" data-soscuisine-aisle="26" data-soscuisine-sip="3938839"><i class="fa fa-cart-plus" title="Ajouter à ma liste d'épicerie"></i><div></div></div></td><td><img class="storeItemImage" alt="pâtes sans blé/sans gluten" src="/media/images/store_item/blank.jpg"></td><td>pâtes sans blé/sans gluten</td><td class="not_printable sorting_1">sans gluten</td><td><img style="width:50%;" src="/media/images/logos/marchands/93.png" alt="Rachelle Béry"></td><td><span itemprop="price">2,49 $</span><span itemprop="eligibleQuantity" itemscope="" itemtype="http://schema.org/QuantitativeValue">/<span itemprop="unitText">200g</span></span></td><td>12,45 $/kg</td><td style="display: none;">2020-03-04</td><td style="display: none;"></td><td style="display: none;"></td><td style="display: none;"></td><td style="display: none;">riz brun</td><td style="display: none;"></td><td style="display: none;"></td><td style="display: none;">Peacock</td><td style="display: none;"><a class="recipeLink" href="/recipe_ingredient_search_results.php?query=(_QU5E__1__________479__[]_1_1)&amp;sos_l=fr">Recettes avec pâtes sans blé/sans gluten</a></td></tr><tr role="row" class="even"><td tabindex="0"><i class="fa fa-thumbs-up"></i></td><td class=" not_printable"><div class="addToGL" data-soscuisine-aisle="26" data-soscuisine-sip="3935997"><i class="fa fa-cart-plus" title="Ajouter à ma liste d'épicerie"></i><div></div></div></td><td><img class="storeItemImage" alt="pâtes sans blé/sans gluten" src="/media/images/store_item/blank.jpg"></td><td>pâtes sans blé/sans gluten</td><td class="not_printable sorting_1">sans gluten</td><td><img style="width:50%;" src="/media/images/logos/marchands/62.png" alt="Supermarché PA"></td><td><span itemprop="price">5,00 $</span><span itemprop="eligibleQuantity" itemscope="" itemtype="http://schema.org/QuantitativeValue">/<span itemprop="value">2</span>x<span itemprop="unitText">454g (1lb)</span></span></td><td>5,51 $/kg</td><td style="display: none;">2020-02-23</td><td style="display: none;"></td><td style="display: none;">Tinkyada</td><td style="display: none;"></td><td style="display: none;"></td><td style="display: none;"></td><td style="display: none;"></td><td style="display: none;"></td><td style="display: none;"><a class="recipeLink" href="/recipe_ingredient_search_results.php?query=(_QU5E__1__________479__[]_1_1)&amp;sos_l=fr">Recettes avec pâtes sans blé/sans gluten</a></td></tr><tr role="row" class="odd"><td tabindex="0"><i class="fa fa-thumbs-down"></i></td><td class=" not_printable"><div class="addToGL" data-soscuisine-aisle="11" data-soscuisine-sip="3939745"><i class="fa fa-cart-plus" title="Ajouter à ma liste d'épicerie"></i><div></div></div></td><td><img class="storeItemImage" alt="bière" src="/media/images/store_item/blank.jpg"></td><td>bière</td><td class="not_printable sorting_1">bières, vins &amp; spiritueux</td><td><img style="width:50%;" src="/media/images/logos/marchands/10.png" alt="Bonichoix "></td><td><span itemprop="price">11,99 $</span><span itemprop="eligibleQuantity" itemscope="" itemtype="http://schema.org/QuantitativeValue">/<span itemprop="unitText">6x330mL</span></span></td><td>0,61 $/100mL</td><td style="display: none;">2020-02-26</td><td style="display: none;"></td><td style="display: none;">marques variées</td><td style="display: none;"></td><td style="display: none;"></td><td style="display: none;"></td><td style="display: none;"></td><td style="display: none;"></td><td style="display: none;"><a class="recipeLink" href="/recipe_ingredient_search_results.php?query=(_QU5E__1__________164__[]_1_1)&amp;sos_l=fr">Recettes avec bière</a></td></tr><tr role="row" class="even"><td tabindex="0"><i class="fa fa-thumbs-up"></i><i class="fa fa-thumbs-up"></i></td><td class=" not_printable"><div class="addToGL" data-soscuisine-aisle="11" data-soscuisine-sip="3938915"><i class="fa fa-cart-plus" title="Ajouter à ma liste d'épicerie"></i><div></div></div></td><td><img class="storeItemImage" alt="bière" src="/media/images/store_item/blank.jpg"></td><td>bière</td><td class="not_printable sorting_1">bières, vins &amp; spiritueux</td><td><img style="width:50%;" src="/media/images/logos/marchands/3.png" alt="IGA"></td><td><span itemprop="price">32,99 $</span><span itemprop="eligibleQuantity" itemscope="" itemtype="http://schema.org/QuantitativeValue">/<span itemprop="unitText">30x355mL</span></span></td><td>0,31 $/100mL</td><td style="display: none;">2020-02-26</td><td style="display: none;"></td><td style="display: none;">Coors</td><td style="display: none;"></td><td style="display: none;">léger(e)</td><td style="display: none;"></td><td style="display: none;"></td><td style="display: none;"></td><td style="display: none;"><a class="recipeLink" href="/recipe_ingredient_search_results.php?query=(_QU5E__1__________164__[]_1_1)&amp;sos_l=fr">Recettes avec bière</a></td></tr><tr role="row" class="odd"><td tabindex="0"><i class="fa fa-thumbs-up"></i><i class="fa fa-thumbs-up"></i></td><td class=" not_printable"><div class="addToGL" data-soscuisine-aisle="11" data-soscuisine-sip="3938977"><i class="fa fa-cart-plus" title="Ajouter à ma liste d'épicerie"></i><div></div></div></td><td><img class="storeItemImage" alt="bière" src="/media/images/store_item/blank.jpg"></td><td>bière</td><td class="not_printable sorting_1">bières, vins &amp; spiritueux</td><td><img style="width:50%;" src="/media/images/logos/marchands/3.png" alt="IGA"></td><td><span itemprop="price">52,00 $</span><span itemprop="eligibleQuantity" itemscope="" itemtype="http://schema.org/QuantitativeValue">/<span itemprop="value">2</span>x<span itemprop="unitText">24x341mL</span></span></td><td>0,32 $/100mL</td><td style="display: none;">2020-02-26</td><td style="display: none;"></td><td style="display: none;">Coors</td><td style="display: none;"></td><td style="display: none;"></td><td style="display: none;"></td><td style="display: none;"></td><td style="display: none;">ou Molson, Miller, Sleeman</td><td style="display: none;"><a class="recipeLink" href="/recipe_ingredient_search_results.php?query=(_QU5E__1__________164__[]_1_1)&amp;sos_l=fr">Recettes avec bière</a></td></tr><tr role="row" class="even"><td tabindex="0"><i class="fa fa-thumbs-up"></i><i class="fa fa-thumbs-up"></i></td><td class=" not_printable"><div class="addToGL" data-soscuisine-aisle="11" data-soscuisine-sip="3938991"><i class="fa fa-cart-plus" title="Ajouter à ma liste d'épicerie"></i><div></div></div></td><td><img class="storeItemImage" alt="bière" src="/media/images/store_item/blank.jpg"></td><td>bière</td><td class="not_printable sorting_1">bières, vins &amp; spiritueux</td><td><img style="width:50%;" src="/media/images/logos/marchands/3.png" alt="IGA"></td><td><span itemprop="price">55,00 $</span><span itemprop="eligibleQuantity" itemscope="" itemtype="http://schema.org/QuantitativeValue">/<span itemprop="value">2</span>x<span itemprop="unitText">24x341mL</span></span></td><td>0,34 $/100mL</td><td style="display: none;">2020-02-26</td><td style="display: none;"></td><td style="display: none;">Molson Dry</td><td style="display: none;"></td><td style="display: none;"></td><td style="display: none;"></td><td style="display: none;"></td><td style="display: none;">ou Sleeman</td><td style="display: none;"><a class="recipeLink" href="/recipe_ingredient_search_results.php?query=(_QU5E__1__________164__[]_1_1)&amp;sos_l=fr">Recettes avec bière</a></td></tr><tr role="row" class="odd"><td tabindex="0"><i class="fa fa-thumbs-up"></i><i class="fa fa-thumbs-up"></i></td><td class=" not_printable"><div class="addToGL" data-soscuisine-aisle="11" data-soscuisine-sip="3938911"><i class="fa fa-cart-plus" title="Ajouter à ma liste d'épicerie"></i><div></div></div></td><td><img class="storeItemImage" alt="bière" src="/media/images/store_item/blank.jpg"></td><td>bière</td><td class="not_printable sorting_1">bières, vins &amp; spiritueux</td><td><img style="width:50%;" src="/media/images/logos/marchands/3.png" alt="IGA"></td><td><span itemprop="price">35,99 $</span><span itemprop="eligibleQuantity" itemscope="" itemtype="http://schema.org/QuantitativeValue">/<span itemprop="unitText">30x355mL</span></span></td><td>0,34 $/100mL</td><td style="display: none;">2020-02-26</td><td style="display: none;"></td><td style="display: none;">Molson Dry</td><td style="display: none;"></td><td style="display: none;"></td><td style="display: none;"></td><td style="display: none;"></td><td style="display: none;"></td><td style="display: none;"><a class="recipeLink" href="/recipe_ingredient_search_results.php?query=(_QU5E__1__________164__[]_1_1)&amp;sos_l=fr">Recettes avec bière</a></td></tr><tr role="row" class="even"><td tabindex="0"><i class="fa fa-thumbs-up"></i></td><td class=" not_printable"><div class="addToGL" data-soscuisine-aisle="11" data-soscuisine-sip="3939791"><i class="fa fa-cart-plus" title="Ajouter à ma liste d'épicerie"></i><div></div></div></td><td><img class="storeItemImage" alt="bière" src="/media/images/store_item/blank.jpg"></td><td>bière</td><td class="not_printable sorting_1">bières, vins &amp; spiritueux</td><td><img style="width:50%;" src="/media/images/logos/marchands/3.png" alt="IGA"></td><td><span itemprop="price">25,99 $</span><span itemprop="eligibleQuantity" itemscope="" itemtype="http://schema.org/QuantitativeValue">/<span itemprop="unitText">20x355mL</span></span></td><td>0,37 $/100mL</td><td style="display: none;">2020-02-26</td><td style="display: none;"></td><td style="display: none;">Coors</td><td style="display: none;"></td><td style="display: none;">léger(e)</td><td style="display: none;"></td><td style="display: none;"></td><td style="display: none;">ou Molson</td><td style="display: none;"><a class="recipeLink" href="/recipe_ingredient_search_results.php?query=(_QU5E__1__________164__[]_1_1)&amp;sos_l=fr">Recettes avec bière</a></td></tr><tr role="row" class="odd"><td tabindex="0"><i class="fas fa-hand-rock"></i></td><td class=" not_printable"><div class="addToGL" data-soscuisine-aisle="11" data-soscuisine-sip="3938983"><i class="fa fa-cart-plus" title="Ajouter à ma liste d'épicerie"></i><div></div></div></td><td><img class="storeItemImage" alt="bière" src="/media/images/store_item/blank.jpg"></td><td>bière</td><td class="not_printable sorting_1">bières, vins &amp; spiritueux</td><td><img style="width:50%;" src="/media/images/logos/marchands/3.png" alt="IGA"></td><td><span itemprop="price">31,99 $</span><span itemprop="eligibleQuantity" itemscope="" itemtype="http://schema.org/QuantitativeValue">/<span itemprop="unitText">24x341mL</span></span></td><td>0,39 $/100mL</td><td style="display: none;">2020-02-26</td><td style="display: none;"></td><td style="display: none;">marques variées</td><td style="display: none;"></td><td style="display: none;"></td><td style="display: none;"></td><td style="display: none;"></td><td style="display: none;"></td><td style="display: none;"><a class="recipeLink" href="/recipe_ingredient_search_results.php?query=(_QU5E__1__________164__[]_1_1)&amp;sos_l=fr">Recettes avec bière</a></td></tr><tr role="row" class="even"><td tabindex="0"><i class="fa fa-thumbs-down"></i></td><td class=" not_printable"><div class="addToGL" data-soscuisine-aisle="11" data-soscuisine-sip="3939451"><i class="fa fa-cart-plus" title="Ajouter à ma liste d'épicerie"></i><div></div></div></td><td><img class="storeItemImage" alt="bière" src="/media/images/store_item/blank.jpg"></td><td>bière</td><td class="not_printable sorting_1">bières, vins &amp; spiritueux</td><td><img style="width:50%;" src="/media/images/logos/marchands/3.png" alt="IGA"></td><td><span itemprop="price">27,96 $</span><span itemprop="eligibleQuantity" itemscope="" itemtype="http://schema.org/QuantitativeValue">/<span itemprop="value">3</span>x<span itemprop="unitText">6x341mL</span></span></td><td>0,46 $/100mL</td><td style="display: none;">2020-02-26</td><td style="display: none;"></td><td style="display: none;">marques variées</td><td style="display: none;"></td><td style="display: none;"></td><td style="display: none;"></td><td style="display: none;"></td><td style="display: none;"></td><td style="display: none;"><a class="recipeLink" href="/recipe_ingredient_search_results.php?query=(_QU5E__1__________164__[]_1_1)&amp;sos_l=fr">Recettes avec bière</a></td></tr><tr role="row" class="odd"><td tabindex="0"><i class="fa fa-thumbs-down"></i></td><td class=" not_printable"><div class="addToGL" data-soscuisine-aisle="11" data-soscuisine-sip="3938969"><i class="fa fa-cart-plus" title="Ajouter à ma liste d'épicerie"></i><div></div></div></td><td><img class="storeItemImage" alt="bière" src="/media/images/store_item/blank.jpg"></td><td>bière</td><td class="not_printable sorting_1">bières, vins &amp; spiritueux</td><td><img style="width:50%;" src="/media/images/logos/marchands/3.png" alt="IGA"></td><td><span itemprop="price">29,97 $</span><span itemprop="eligibleQuantity" itemscope="" itemtype="http://schema.org/QuantitativeValue">/<span itemprop="value">3</span>x<span itemprop="unitText">6x330mL</span></span></td><td>0,50 $/100mL</td><td style="display: none;">2020-02-26</td><td style="display: none;"></td><td style="display: none;">marques variées</td><td style="display: none;"></td><td style="display: none;"></td><td style="display: none;"></td><td style="display: none;"></td><td style="display: none;"></td><td style="display: none;"><a class="recipeLink" href="/recipe_ingredient_search_results.php?query=(_QU5E__1__________164__[]_1_1)&amp;sos_l=fr">Recettes avec bière</a></td></tr><tr role="row" class="even"><td tabindex="0"><i class="fa fa-thumbs-down"></i></td><td class=" not_printable"><div class="addToGL" data-soscuisine-aisle="11" data-soscuisine-sip="3939453"><i class="fa fa-cart-plus" title="Ajouter à ma liste d'épicerie"></i><div></div></div></td><td><img class="storeItemImage" alt="bière" src="/media/images/store_item/blank.jpg"></td><td>bière</td><td class="not_printable sorting_1">bières, vins &amp; spiritueux</td><td><img style="width:50%;" src="/media/images/logos/marchands/3.png" alt="IGA"></td><td><span itemprop="price">10,99 $</span><span itemprop="eligibleQuantity" itemscope="" itemtype="http://schema.org/QuantitativeValue">/<span itemprop="unitText">6x341mL</span></span></td><td>0,54 $/100mL</td><td style="display: none;">2020-02-26</td><td style="display: none;"></td><td style="display: none;">marques variées</td><td style="display: none;"></td><td style="display: none;"></td><td style="display: none;"></td><td style="display: none;"></td><td style="display: none;"></td><td style="display: none;"><a class="recipeLink" href="/recipe_ingredient_search_results.php?query=(_QU5E__1__________164__[]_1_1)&amp;sos_l=fr">Recettes avec bière</a></td></tr><tr role="row" class="odd"><td tabindex="0"><i class="fa fa-thumbs-down"></i></td><td class=" not_printable"><div class="addToGL" data-soscuisine-aisle="11" data-soscuisine-sip="3938971"><i class="fa fa-cart-plus" title="Ajouter à ma liste d'épicerie"></i><div></div></div></td><td><img class="storeItemImage" alt="bière" src="/media/images/store_item/blank.jpg"></td><td>bière</td><td class="not_printable sorting_1">bières, vins &amp; spiritueux</td><td><img style="width:50%;" src="/media/images/logos/marchands/3.png" alt="IGA"></td><td><span itemprop="price">11,99 $</span><span itemprop="eligibleQuantity" itemscope="" itemtype="http://schema.org/QuantitativeValue">/<span itemprop="unitText">6x330mL</span></span></td><td>0,61 $/100mL</td><td style="display: none;">2020-02-26</td><td style="display: none;"></td><td style="display: none;">marques variées</td><td style="display: none;"></td><td style="display: none;"></td><td style="display: none;"></td><td style="display: none;"></td><td style="display: none;"></td><td style="display: none;"><a class="recipeLink" href="/recipe_ingredient_search_results.php?query=(_QU5E__1__________164__[]_1_1)&amp;sos_l=fr">Recettes avec bière</a></td></tr><tr role="row" class="even"><td tabindex="0"><i class="fas fa-hand-rock"></i></td><td class=" not_printable"><div class="addToGL" data-soscuisine-aisle="11" data-soscuisine-sip="3938653"><i class="fa fa-cart-plus" title="Ajouter à ma liste d'épicerie"></i><div></div></div></td><td><img class="storeItemImage" alt="bière" src="/media/images/store_item/blank.jpg"></td><td>bière</td><td class="not_printable sorting_1">bières, vins &amp; spiritueux</td><td><img style="width:50%;" src="/media/images/logos/marchands/69.png" alt="Intermarché (Provincial)"></td><td><span itemprop="price">15,99 $</span><span itemprop="eligibleQuantity" itemscope="" itemtype="http://schema.org/QuantitativeValue">/<span itemprop="unitText">12x341mL</span></span></td><td>0,39 $/100mL</td><td style="display: none;">2020-02-26</td><td style="display: none;"></td><td style="display: none;">Belle-Gueule</td><td style="display: none;"></td><td style="display: none;"></td><td style="display: none;"></td><td style="display: none;"></td><td style="display: none;">Moosehead, St-Ambroise, Griffon ou Cheval Blanc</td><td style="display: none;"><a class="recipeLink" href="/recipe_ingredient_search_results.php?query=(_QU5E__1__________164__[]_1_1)&amp;sos_l=fr">Recettes avec bière</a></td></tr><tr role="row" class="odd"><td tabindex="0"><i class="fa fa-thumbs-down"></i></td><td class=" not_printable"><div class="addToGL" data-soscuisine-aisle="11" data-soscuisine-sip="3938651"><i class="fa fa-cart-plus" title="Ajouter à ma liste d'épicerie"></i><div></div></div></td><td><img class="storeItemImage" alt="bière" src="/media/images/store_item/blank.jpg"></td><td>bière</td><td class="not_printable sorting_1">bières, vins &amp; spiritueux</td><td><img style="width:50%;" src="/media/images/logos/marchands/69.png" alt="Intermarché (Provincial)"></td><td><span itemprop="price">5,99 $</span><span itemprop="eligibleQuantity" itemscope="" itemtype="http://schema.org/QuantitativeValue">/<span itemprop="unitText">750mL</span></span></td><td>0,80 $/100mL</td><td style="display: none;">2020-02-26</td><td style="display: none;"></td><td style="display: none;"></td><td style="display: none;"></td><td style="display: none;"></td><td style="display: none;"></td><td style="display: none;"></td><td style="display: none;">Fin du Monde, Maudite, Trois Pistoles ou Don de Dieu</td><td style="display: none;"><a class="recipeLink" href="/recipe_ingredient_search_results.php?query=(_QU5E__1__________164__[]_1_1)&amp;sos_l=fr">Recettes avec bière</a></td></tr><tr role="row" class="even"><td tabindex="0"><i class="fas fa-hand-rock"></i></td><td class=" not_printable"><div class="addToGL" data-soscuisine-aisle="11" data-soscuisine-sip="3938427"><i class="fa fa-cart-plus" title="Ajouter à ma liste d'épicerie"></i><div></div></div></td><td><img class="storeItemImage" alt="bière" src="/media/images/store_item/blank.jpg"></td><td>bière</td><td class="not_printable sorting_1">bières, vins &amp; spiritueux</td><td><img style="width:50%;" src="/media/images/logos/marchands/7.png" alt="Intermarché (Saveurs intl.)"></td><td><span itemprop="price">15,99 $</span><span itemprop="eligibleQuantity" itemscope="" itemtype="http://schema.org/QuantitativeValue">/<span itemprop="unitText">12x341mL</span></span></td><td>0,39 $/100mL</td><td style="display: none;">2020-02-26</td><td style="display: none;"></td><td style="display: none;">Belle-Gueule</td><td style="display: none;"></td><td style="display: none;"></td><td style="display: none;"></td><td style="display: none;"></td><td style="display: none;">Moosehead, St-Ambroise, Griffon ou Cheval Blanc</td><td style="display: none;"><a class="recipeLink" href="/recipe_ingredient_search_results.php?query=(_QU5E__1__________164__[]_1_1)&amp;sos_l=fr">Recettes avec bière</a></td></tr><tr role="row" class="odd"><td tabindex="0"><i class="fa fa-thumbs-down"></i></td><td class=" not_printable"><div class="addToGL" data-soscuisine-aisle="11" data-soscuisine-sip="3938425"><i class="fa fa-cart-plus" title="Ajouter à ma liste d'épicerie"></i><div></div></div></td><td><img class="storeItemImage" alt="bière" src="/media/images/store_item/blank.jpg"></td><td>bière</td><td class="not_printable sorting_1">bières, vins &amp; spiritueux</td><td><img style="width:50%;" src="/media/images/logos/marchands/7.png" alt="Intermarché (Saveurs intl.)"></td><td><span itemprop="price">5,99 $</span><span itemprop="eligibleQuantity" itemscope="" itemtype="http://schema.org/QuantitativeValue">/<span itemprop="unitText">750mL</span></span></td><td>0,80 $/100mL</td><td style="display: none;">2020-02-26</td><td style="display: none;"></td><td style="display: none;"></td><td style="display: none;"></td><td style="display: none;"></td><td style="display: none;"></td><td style="display: none;"></td><td style="display: none;">Fin du Monde, Maudite, Trois Pistoles ou Don de Dieu</td><td style="display: none;"><a class="recipeLink" href="/recipe_ingredient_search_results.php?query=(_QU5E__1__________164__[]_1_1)&amp;sos_l=fr">Recettes avec bière</a></td></tr><tr role="row" class="even"><td tabindex="0"><i class="fa fa-thumbs-up"></i></td><td class=" not_printable"><div class="addToGL" data-soscuisine-aisle="11" data-soscuisine-sip="3939215"><i class="fa fa-cart-plus" title="Ajouter à ma liste d'épicerie"></i><div></div></div></td><td><img class="storeItemImage" alt="bière" src="/media/images/store_item/blank.jpg"></td><td>bière</td><td class="not_printable sorting_1">bières, vins &amp; spiritueux</td><td><img style="width:50%;" src="/media/images/logos/marchands/63.png" alt="Marché Adonis"></td><td><span itemprop="price">14,99 $</span><span itemprop="eligibleQuantity" itemscope="" itemtype="http://schema.org/QuantitativeValue">/<span itemprop="unitText">12x341mL</span></span></td><td>0,37 $/100mL</td><td style="display: none;">2020-02-26</td><td style="display: none;"></td><td style="display: none;">Grolsch</td><td style="display: none;"></td><td style="display: none;"></td><td style="display: none;"></td><td style="display: none;"></td><td style="display: none;">ou Moosehead</td><td style="display: none;"><a class="recipeLink" href="/recipe_ingredient_search_results.php?query=(_QU5E__1__________164__[]_1_1)&amp;sos_l=fr">Recettes avec bière</a></td></tr><tr role="row" class="odd"><td tabindex="0"><i class="fa fa-thumbs-up"></i><i class="fa fa-thumbs-up"></i></td><td class=" not_printable"><div class="addToGL" data-soscuisine-aisle="11" data-soscuisine-sip="3938519"><i class="fa fa-cart-plus" title="Ajouter à ma liste d'épicerie"></i><div></div></div></td><td><img class="storeItemImage" alt="bière" src="/media/images/store_item/blank.jpg"></td><td>bière</td><td class="not_printable sorting_1">bières, vins &amp; spiritueux</td><td><img style="width:50%;" src="/media/images/logos/marchands/6.png" alt="Maxi"></td><td><span itemprop="price">52,00 $</span><span itemprop="eligibleQuantity" itemscope="" itemtype="http://schema.org/QuantitativeValue">/<span itemprop="unitText">48x355mL</span></span></td><td>0,31 $/100mL</td><td style="display: none;">2020-02-26</td><td style="display: none;"></td><td style="display: none;">Bud, Coors</td><td style="display: none;"></td><td style="display: none;">léger(e)</td><td style="display: none;"></td><td style="display: none;"></td><td style="display: none;"></td><td style="display: none;"><a class="recipeLink" href="/recipe_ingredient_search_results.php?query=(_QU5E__1__________164__[]_1_1)&amp;sos_l=fr">Recettes avec bière</a></td></tr><tr role="row" class="even"><td tabindex="0"><i class="fa fa-thumbs-up"></i></td><td class=" not_printable"><div class="addToGL" data-soscuisine-aisle="11" data-soscuisine-sip="3938521"><i class="fa fa-cart-plus" title="Ajouter à ma liste d'épicerie"></i><div></div></div></td><td><img class="storeItemImage" alt="bière" src="/media/images/store_item/blank.jpg"></td><td>bière</td><td class="not_printable sorting_1">bières, vins &amp; spiritueux</td><td><img style="width:50%;" src="/media/images/logos/marchands/6.png" alt="Maxi"></td><td><span itemprop="price">57,00 $</span><span itemprop="eligibleQuantity" itemscope="" itemtype="http://schema.org/QuantitativeValue">/<span itemprop="value">2</span>x<span itemprop="unitText">24x341mL</span></span></td><td>0,35 $/100mL</td><td style="display: none;">2020-02-26</td><td style="display: none;"></td><td style="display: none;">marques variées</td><td style="display: none;"></td><td style="display: none;"></td><td style="display: none;"></td><td style="display: none;"></td><td style="display: none;"></td><td style="display: none;"><a class="recipeLink" href="/recipe_ingredient_search_results.php?query=(_QU5E__1__________164__[]_1_1)&amp;sos_l=fr">Recettes avec bière</a></td></tr><tr role="row" class="odd"><td tabindex="0"><i class="fa fa-thumbs-up"></i></td><td class=" not_printable"><div class="addToGL" data-soscuisine-aisle="11" data-soscuisine-sip="3938525"><i class="fa fa-cart-plus" title="Ajouter à ma liste d'épicerie"></i><div></div></div></td><td><img class="storeItemImage" alt="bière" src="/media/images/store_item/blank.jpg"></td><td>bière</td><td class="not_printable sorting_1">bières, vins &amp; spiritueux</td><td><img style="width:50%;" src="/media/images/logos/marchands/6.png" alt="Maxi"></td><td><span itemprop="price">58,00 $</span><span itemprop="eligibleQuantity" itemscope="" itemtype="http://schema.org/QuantitativeValue">/<span itemprop="value">2</span>x<span itemprop="unitText">24x330mL</span></span></td><td>0,37 $/100mL</td><td style="display: none;">2020-02-26</td><td style="display: none;"></td><td style="display: none;">Corona</td><td style="display: none;"></td><td style="display: none;"></td><td style="display: none;"></td><td style="display: none;"></td><td style="display: none;">ou Stella Artois, Heineken, Sol, Sapporo</td><td style="display: none;"><a class="recipeLink" href="/recipe_ingredient_search_results.php?query=(_QU5E__1__________164__[]_1_1)&amp;sos_l=fr">Recettes avec bière</a></td></tr><tr role="row" class="even"><td tabindex="0"><i class="fas fa-hand-rock"></i></td><td class=" not_printable"><div class="addToGL" data-soscuisine-aisle="11" data-soscuisine-sip="3938523"><i class="fa fa-cart-plus" title="Ajouter à ma liste d'épicerie"></i><div></div></div></td><td><img class="storeItemImage" alt="bière" src="/media/images/store_item/blank.jpg"></td><td>bière</td><td class="not_printable sorting_1">bières, vins &amp; spiritueux</td><td><img style="width:50%;" src="/media/images/logos/marchands/6.png" alt="Maxi"></td><td><span itemprop="price">31,98 $</span><span itemprop="eligibleQuantity" itemscope="" itemtype="http://schema.org/QuantitativeValue">/<span itemprop="unitText">24x341mL</span></span></td><td>0,39 $/100mL</td><td style="display: none;">2020-02-26</td><td style="display: none;"></td><td style="display: none;">marques variées</td><td style="display: none;"></td><td style="display: none;"></td><td style="display: none;"></td><td style="display: none;"></td><td style="display: none;"></td><td style="display: none;"><a class="recipeLink" href="/recipe_ingredient_search_results.php?query=(_QU5E__1__________164__[]_1_1)&amp;sos_l=fr">Recettes avec bière</a></td></tr><tr role="row" class="odd"><td tabindex="0"><i class="fas fa-hand-rock"></i></td><td class=" not_printable"><div class="addToGL" data-soscuisine-aisle="11" data-soscuisine-sip="3938527"><i class="fa fa-cart-plus" title="Ajouter à ma liste d'épicerie"></i><div></div></div></td><td><img class="storeItemImage" alt="bière" src="/media/images/store_item/blank.jpg"></td><td>bière</td><td class="not_printable sorting_1">bières, vins &amp; spiritueux</td><td><img style="width:50%;" src="/media/images/logos/marchands/6.png" alt="Maxi"></td><td><span itemprop="price">32,98 $</span><span itemprop="eligibleQuantity" itemscope="" itemtype="http://schema.org/QuantitativeValue">/<span itemprop="unitText">24x330mL</span></span></td><td>0,42 $/100mL</td><td style="display: none;">2020-02-26</td><td style="display: none;"></td><td style="display: none;">Corona</td><td style="display: none;"></td><td style="display: none;"></td><td style="display: none;"></td><td style="display: none;"></td><td style="display: none;">ou Stella Artois, Heineken, Sol, Sapporo</td><td style="display: none;"><a class="recipeLink" href="/recipe_ingredient_search_results.php?query=(_QU5E__1__________164__[]_1_1)&amp;sos_l=fr">Recettes avec bière</a></td></tr><tr role="row" class="even"><td tabindex="0"><i class="fa fa-thumbs-up"></i><i class="fa fa-thumbs-up"></i></td><td class=" not_printable"><div class="addToGL" data-soscuisine-aisle="11" data-soscuisine-sip="3937943"><i class="fa fa-cart-plus" title="Ajouter à ma liste d'épicerie"></i><div></div></div></td><td><img class="storeItemImage" alt="bière" src="/media/images/store_item/blank.jpg"></td><td>bière</td><td class="not_printable sorting_1">bières, vins &amp; spiritueux</td><td><img style="width:50%;" src="/media/images/logos/marchands/1.png" alt="Metro"></td><td><span itemprop="price">35,99 $</span><span itemprop="eligibleQuantity" itemscope="" itemtype="http://schema.org/QuantitativeValue">/<span itemprop="unitText">30x355mL</span></span></td><td>0,34 $/100mL</td><td style="display: none;">2020-02-26</td><td style="display: none;"></td><td style="display: none;">marques variées</td><td style="display: none;"></td><td style="display: none;"></td><td style="display: none;"></td><td style="display: none;"></td><td style="display: none;"></td><td style="display: none;"><a class="recipeLink" href="/recipe_ingredient_search_results.php?query=(_QU5E__1__________164__[]_1_1)&amp;sos_l=fr">Recettes avec bière</a></td></tr><tr role="row" class="odd"><td tabindex="0"><i class="fa fa-thumbs-up"></i></td><td class=" not_printable"><div class="addToGL" data-soscuisine-aisle="11" data-soscuisine-sip="3937941"><i class="fa fa-cart-plus" title="Ajouter à ma liste d'épicerie"></i><div></div></div></td><td><img class="storeItemImage" alt="bière" src="/media/images/store_item/blank.jpg"></td><td>bière</td><td class="not_printable sorting_1">bières, vins &amp; spiritueux</td><td><img style="width:50%;" src="/media/images/logos/marchands/1.png" alt="Metro"></td><td><span itemprop="price">57,98 $</span><span itemprop="eligibleQuantity" itemscope="" itemtype="http://schema.org/QuantitativeValue">/<span itemprop="value">2</span>x<span itemprop="unitText">24x341mL</span></span></td><td>0,35 $/100mL</td><td style="display: none;">2020-02-26</td><td style="display: none;"></td><td style="display: none;">marques variées</td><td style="display: none;"></td><td style="display: none;"></td><td style="display: none;"></td><td style="display: none;"></td><td style="display: none;"></td><td style="display: none;"><a class="recipeLink" href="/recipe_ingredient_search_results.php?query=(_QU5E__1__________164__[]_1_1)&amp;sos_l=fr">Recettes avec bière</a></td></tr><tr role="row" class="even"><td tabindex="0"><i class="fa fa-thumbs-up"></i></td><td class=" not_printable"><div class="addToGL" data-soscuisine-aisle="11" data-soscuisine-sip="3937907"><i class="fa fa-cart-plus" title="Ajouter à ma liste d'épicerie"></i><div></div></div></td><td><img class="storeItemImage" alt="bière" src="/media/images/store_item/blank.jpg"></td><td>bière</td><td class="not_printable sorting_1">bières, vins &amp; spiritueux</td><td><img style="width:50%;" src="/media/images/logos/marchands/1.png" alt="Metro"></td><td><span itemprop="price">25,99 $</span><span itemprop="eligibleQuantity" itemscope="" itemtype="http://schema.org/QuantitativeValue">/<span itemprop="unitText">20x355mL</span></span></td><td>0,37 $/100mL</td><td style="display: none;">2020-02-26</td><td style="display: none;"></td><td style="display: none;">Sleeman</td><td style="display: none;"></td><td style="display: none;"></td><td style="display: none;"></td><td style="display: none;"></td><td style="display: none;"></td><td style="display: none;"><a class="recipeLink" href="/recipe_ingredient_search_results.php?query=(_QU5E__1__________164__[]_1_1)&amp;sos_l=fr">Recettes avec bière</a></td></tr><tr role="row" class="odd"><td tabindex="0"><i class="fas fa-hand-rock"></i></td><td class=" not_printable"><div class="addToGL" data-soscuisine-aisle="11" data-soscuisine-sip="3937939"><i class="fa fa-cart-plus" title="Ajouter à ma liste d'épicerie"></i><div></div></div></td><td><img class="storeItemImage" alt="bière" src="/media/images/store_item/blank.jpg"></td><td>bière</td><td class="not_printable sorting_1">bières, vins &amp; spiritueux</td><td><img style="width:50%;" src="/media/images/logos/marchands/1.png" alt="Metro"></td><td><span itemprop="price">31,99 $</span><span itemprop="eligibleQuantity" itemscope="" itemtype="http://schema.org/QuantitativeValue">/<span itemprop="unitText">24x341mL</span></span></td><td>0,39 $/100mL</td><td style="display: none;">2020-02-26</td><td style="display: none;"></td><td style="display: none;">marques variées</td><td style="display: none;"></td><td style="display: none;"></td><td style="display: none;"></td><td style="display: none;"></td><td style="display: none;"></td><td style="display: none;"><a class="recipeLink" href="/recipe_ingredient_search_results.php?query=(_QU5E__1__________164__[]_1_1)&amp;sos_l=fr">Recettes avec bière</a></td></tr><tr role="row" class="even"><td tabindex="0"><i class="fas fa-hand-rock"></i></td><td class=" not_printable"><div class="addToGL" data-soscuisine-aisle="11" data-soscuisine-sip="3937937"><i class="fa fa-cart-plus" title="Ajouter à ma liste d'épicerie"></i><div></div></div></td><td><img class="storeItemImage" alt="bière" src="/media/images/store_item/blank.jpg"></td><td>bière</td><td class="not_printable sorting_1">bières, vins &amp; spiritueux</td><td><img style="width:50%;" src="/media/images/logos/marchands/1.png" alt="Metro"></td><td><span itemprop="price">32,00 $</span><span itemprop="eligibleQuantity" itemscope="" itemtype="http://schema.org/QuantitativeValue">/<span itemprop="value">2</span>x<span itemprop="unitText">12x341mL</span></span></td><td>0,39 $/100mL</td><td style="display: none;">2020-02-26</td><td style="display: none;"></td><td style="display: none;">marques variées</td><td style="display: none;"></td><td style="display: none;"></td><td style="display: none;"></td><td style="display: none;"></td><td style="display: none;"></td><td style="display: none;"><a class="recipeLink" href="/recipe_ingredient_search_results.php?query=(_QU5E__1__________164__[]_1_1)&amp;sos_l=fr">Recettes avec bière</a></td></tr><tr role="row" class="odd"><td tabindex="0"><i class="fas fa-hand-rock"></i></td><td class=" not_printable"><div class="addToGL" data-soscuisine-aisle="11" data-soscuisine-sip="3937935"><i class="fa fa-cart-plus" title="Ajouter à ma liste d'épicerie"></i><div></div></div></td><td><img class="storeItemImage" alt="bière" src="/media/images/store_item/blank.jpg"></td><td>bière</td><td class="not_printable sorting_1">bières, vins &amp; spiritueux</td><td><img style="width:50%;" src="/media/images/logos/marchands/1.png" alt="Metro"></td><td><span itemprop="price">16,99 $</span><span itemprop="eligibleQuantity" itemscope="" itemtype="http://schema.org/QuantitativeValue">/<span itemprop="unitText">12x341mL</span></span></td><td>0,42 $/100mL</td><td style="display: none;">2020-02-26</td><td style="display: none;"></td><td style="display: none;">marques variées</td><td style="display: none;"></td><td style="display: none;"></td><td style="display: none;"></td><td style="display: none;"></td><td style="display: none;"></td><td style="display: none;"><a class="recipeLink" href="/recipe_ingredient_search_results.php?query=(_QU5E__1__________164__[]_1_1)&amp;sos_l=fr">Recettes avec bière</a></td></tr><tr role="row" class="even"><td tabindex="0"><i class="fa fa-thumbs-up"></i><i class="fa fa-thumbs-up"></i></td><td class=" not_printable"><div class="addToGL" data-soscuisine-aisle="11" data-soscuisine-sip="3938103"><i class="fa fa-cart-plus" title="Ajouter à ma liste d'épicerie"></i><div></div></div></td><td><img class="storeItemImage" alt="bière" src="/media/images/store_item/blank.jpg"></td><td>bière</td><td class="not_printable sorting_1">bières, vins &amp; spiritueux</td><td><img style="width:50%;" src="/media/images/logos/marchands/2.png" alt="Provigo"></td><td><span itemprop="price">55,00 $</span><span itemprop="eligibleQuantity" itemscope="" itemtype="http://schema.org/QuantitativeValue">/<span itemprop="value">2</span>x<span itemprop="unitText">24x341mL</span></span></td><td>0,34 $/100mL</td><td style="display: none;">2020-02-26</td><td style="display: none;"></td><td style="display: none;">marques variées</td><td style="display: none;"></td><td style="display: none;"></td><td style="display: none;"></td><td style="display: none;"></td><td style="display: none;"></td><td style="display: none;"><a class="recipeLink" href="/recipe_ingredient_search_results.php?query=(_QU5E__1__________164__[]_1_1)&amp;sos_l=fr">Recettes avec bière</a></td></tr><tr role="row" class="odd"><td tabindex="0"><i class="fa fa-thumbs-up"></i><i class="fa fa-thumbs-up"></i></td><td class=" not_printable"><div class="addToGL" data-soscuisine-aisle="11" data-soscuisine-sip="3938105"><i class="fa fa-cart-plus" title="Ajouter à ma liste d'épicerie"></i><div></div></div></td><td><img class="storeItemImage" alt="bière" src="/media/images/store_item/blank.jpg"></td><td>bière</td><td class="not_printable sorting_1">bières, vins &amp; spiritueux</td><td><img style="width:50%;" src="/media/images/logos/marchands/2.png" alt="Provigo"></td><td><span itemprop="price">23,99 $</span><span itemprop="eligibleQuantity" itemscope="" itemtype="http://schema.org/QuantitativeValue">/<span itemprop="unitText">20x355mL</span></span></td><td>0,34 $/100mL</td><td style="display: none;">2020-02-26</td><td style="display: none;"></td><td style="display: none;">marques variées</td><td style="display: none;"></td><td style="display: none;"></td><td style="display: none;"></td><td style="display: none;"></td><td style="display: none;"></td><td style="display: none;"><a class="recipeLink" href="/recipe_ingredient_search_results.php?query=(_QU5E__1__________164__[]_1_1)&amp;sos_l=fr">Recettes avec bière</a></td></tr><tr role="row" class="even"><td tabindex="0"><i class="fa fa-thumbs-up"></i></td><td class=" not_printable"><div class="addToGL" data-soscuisine-aisle="11" data-soscuisine-sip="3938111"><i class="fa fa-cart-plus" title="Ajouter à ma liste d'épicerie"></i><div></div></div></td><td><img class="storeItemImage" alt="bière" src="/media/images/store_item/blank.jpg"></td><td>bière</td><td class="not_printable sorting_1">bières, vins &amp; spiritueux</td><td><img style="width:50%;" src="/media/images/logos/marchands/2.png" alt="Provigo"></td><td><span itemprop="price">30,00 $</span><span itemprop="eligibleQuantity" itemscope="" itemtype="http://schema.org/QuantitativeValue">/<span itemprop="value">2</span>x<span itemprop="unitText">12x341mL</span></span></td><td>0,37 $/100mL</td><td style="display: none;">2020-02-26</td><td style="display: none;"></td><td style="display: none;">marques variées</td><td style="display: none;"></td><td style="display: none;"></td><td style="display: none;"></td><td style="display: none;"></td><td style="display: none;"></td><td style="display: none;"><a class="recipeLink" href="/recipe_ingredient_search_results.php?query=(_QU5E__1__________164__[]_1_1)&amp;sos_l=fr">Recettes avec bière</a></td></tr><tr role="row" class="odd"><td tabindex="0"><i class="fas fa-hand-rock"></i></td><td class=" not_printable"><div class="addToGL" data-soscuisine-aisle="11" data-soscuisine-sip="3938109"><i class="fa fa-cart-plus" title="Ajouter à ma liste d'épicerie"></i><div></div></div></td><td><img class="storeItemImage" alt="bière" src="/media/images/store_item/blank.jpg"></td><td>bière</td><td class="not_printable sorting_1">bières, vins &amp; spiritueux</td><td><img style="width:50%;" src="/media/images/logos/marchands/2.png" alt="Provigo"></td><td><span itemprop="price">15,99 $</span><span itemprop="eligibleQuantity" itemscope="" itemtype="http://schema.org/QuantitativeValue">/<span itemprop="unitText">12x341mL</span></span></td><td>0,39 $/100mL</td><td style="display: none;">2020-02-26</td><td style="display: none;"></td><td style="display: none;">marques variées</td><td style="display: none;"></td><td style="display: none;"></td><td style="display: none;"></td><td style="display: none;"></td><td style="display: none;"></td><td style="display: none;"><a class="recipeLink" href="/recipe_ingredient_search_results.php?query=(_QU5E__1__________164__[]_1_1)&amp;sos_l=fr">Recettes avec bière</a></td></tr><tr role="row" class="even"><td tabindex="0"><i class="fas fa-hand-rock"></i></td><td class=" not_printable"><div class="addToGL" data-soscuisine-aisle="11" data-soscuisine-sip="3938099"><i class="fa fa-cart-plus" title="Ajouter à ma liste d'épicerie"></i><div></div></div></td><td><img class="storeItemImage" alt="bière" src="/media/images/store_item/blank.jpg"></td><td>bière</td><td class="not_printable sorting_1">bières, vins &amp; spiritueux</td><td><img style="width:50%;" src="/media/images/logos/marchands/2.png" alt="Provigo"></td><td><span itemprop="price">31,99 $</span><span itemprop="eligibleQuantity" itemscope="" itemtype="http://schema.org/QuantitativeValue">/<span itemprop="unitText">24x341mL</span></span></td><td>0,39 $/100mL</td><td style="display: none;">2020-02-26</td><td style="display: none;"></td><td style="display: none;">marques variées</td><td style="display: none;"></td><td style="display: none;"></td><td style="display: none;"></td><td style="display: none;"></td><td style="display: none;"></td><td style="display: none;"><a class="recipeLink" href="/recipe_ingredient_search_results.php?query=(_QU5E__1__________164__[]_1_1)&amp;sos_l=fr">Recettes avec bière</a></td></tr><tr role="row" class="odd"><td tabindex="0"><i class="fa fa-thumbs-down"></i></td><td class=" not_printable"><div class="addToGL" data-soscuisine-aisle="11" data-soscuisine-sip="3938115"><i class="fa fa-cart-plus" title="Ajouter à ma liste d'épicerie"></i><div></div></div></td><td><img class="storeItemImage" alt="bière" src="/media/images/store_item/blank.jpg"></td><td>bière</td><td class="not_printable sorting_1">bières, vins &amp; spiritueux</td><td><img style="width:50%;" src="/media/images/logos/marchands/2.png" alt="Provigo"></td><td><span itemprop="price">30,00 $</span><span itemprop="eligibleQuantity" itemscope="" itemtype="http://schema.org/QuantitativeValue">/<span itemprop="value">3</span>x<span itemprop="unitText">6x330mL</span></span></td><td>0,51 $/100mL</td><td style="display: none;">2020-02-26</td><td style="display: none;"></td><td style="display: none;">marques variées</td><td style="display: none;"></td><td style="display: none;"></td><td style="display: none;"></td><td style="display: none;"></td><td style="display: none;"></td><td style="display: none;"><a class="recipeLink" href="/recipe_ingredient_search_results.php?query=(_QU5E__1__________164__[]_1_1)&amp;sos_l=fr">Recettes avec bière</a></td></tr><tr role="row" class="even"><td tabindex="0"><i class="fa fa-thumbs-down"></i></td><td class=" not_printable"><div class="addToGL" data-soscuisine-aisle="11" data-soscuisine-sip="3938113"><i class="fa fa-cart-plus" title="Ajouter à ma liste d'épicerie"></i><div></div></div></td><td><img class="storeItemImage" alt="bière" src="/media/images/store_item/blank.jpg"></td><td>bière</td><td class="not_printable sorting_1">bières, vins &amp; spiritueux</td><td><img style="width:50%;" src="/media/images/logos/marchands/2.png" alt="Provigo"></td><td><span itemprop="price">12,49 $</span><span itemprop="eligibleQuantity" itemscope="" itemtype="http://schema.org/QuantitativeValue">/<span itemprop="unitText">6x330mL</span></span></td><td>0,63 $/100mL</td><td style="display: none;">2020-02-26</td><td style="display: none;"></td><td style="display: none;">marques variées</td><td style="display: none;"></td><td style="display: none;"></td><td style="display: none;"></td><td style="display: none;"></td><td style="display: none;"></td><td style="display: none;"><a class="recipeLink" href="/recipe_ingredient_search_results.php?query=(_QU5E__1__________164__[]_1_1)&amp;sos_l=fr">Recettes avec bière</a></td></tr><tr role="row" class="odd"><td tabindex="0"><i class="fa fa-thumbs-up"></i><i class="fa fa-thumbs-up"></i></td><td class=" not_printable"><div class="addToGL" data-soscuisine-aisle="11" data-soscuisine-sip="3940849"><i class="fa fa-cart-plus" title="Ajouter à ma liste d'épicerie"></i><div></div></div></td><td><img class="storeItemImage" alt="bière" src="/media/images/store_item/blank.jpg"></td><td>bière</td><td class="not_printable sorting_1">bières, vins &amp; spiritueux</td><td><img style="width:50%;" src="/media/images/logos/marchands/12.png" alt="Richelieu"></td><td><span itemprop="price">32,99 $</span><span itemprop="eligibleQuantity" itemscope="" itemtype="http://schema.org/QuantitativeValue">/<span itemprop="unitText">30x355mL</span></span></td><td>0,31 $/100mL</td><td style="display: none;">2020-02-26</td><td style="display: none;"></td><td style="display: none;">Bud, Bleue, Sleeman</td><td style="display: none;"></td><td style="display: none;"></td><td style="display: none;"></td><td style="display: none;"></td><td style="display: none;"></td><td style="display: none;"><a class="recipeLink" href="/recipe_ingredient_search_results.php?query=(_QU5E__1__________164__[]_1_1)&amp;sos_l=fr">Recettes avec bière</a></td></tr><tr role="row" class="even"><td tabindex="0"><i class="fa fa-thumbs-up"></i><i class="fa fa-thumbs-up"></i></td><td class=" not_printable"><div class="addToGL" data-soscuisine-aisle="11" data-soscuisine-sip="3940977"><i class="fa fa-cart-plus" title="Ajouter à ma liste d'épicerie"></i><div></div></div></td><td><img class="storeItemImage" alt="bière" src="/media/images/store_item/blank.jpg"></td><td>bière</td><td class="not_printable sorting_1">bières, vins &amp; spiritueux</td><td><img style="width:50%;" src="/media/images/logos/marchands/12.png" alt="Richelieu"></td><td><span itemprop="price">35,99 $</span><span itemprop="eligibleQuantity" itemscope="" itemtype="http://schema.org/QuantitativeValue">/<span itemprop="unitText">30x355mL</span></span></td><td>0,34 $/100mL</td><td style="display: none;">2020-02-26</td><td style="display: none;"></td><td style="display: none;">Bud, Bleue, Sleeman</td><td style="display: none;"></td><td style="display: none;"></td><td style="display: none;"></td><td style="display: none;"></td><td style="display: none;">molson, labatt</td><td style="display: none;"><a class="recipeLink" href="/recipe_ingredient_search_results.php?query=(_QU5E__1__________164__[]_1_1)&amp;sos_l=fr">Recettes avec bière</a></td></tr><tr role="row" class="odd"><td tabindex="0"><i class="fas fa-hand-rock"></i></td><td class=" not_printable"><div class="addToGL" data-soscuisine-aisle="11" data-soscuisine-sip="3940981"><i class="fa fa-cart-plus" title="Ajouter à ma liste d'épicerie"></i><div></div></div></td><td><img class="storeItemImage" alt="bière" src="/media/images/store_item/blank.jpg"></td><td>bière</td><td class="not_printable sorting_1">bières, vins &amp; spiritueux</td><td><img style="width:50%;" src="/media/images/logos/marchands/12.png" alt="Richelieu"></td><td><span itemprop="price">16,99 $</span><span itemprop="eligibleQuantity" itemscope="" itemtype="http://schema.org/QuantitativeValue">/<span itemprop="unitText">12x341mL</span></span></td><td>0,42 $/100mL</td><td style="display: none;">2020-02-26</td><td style="display: none;"></td><td style="display: none;">marques variées</td><td style="display: none;"></td><td style="display: none;"></td><td style="display: none;"></td><td style="display: none;"></td><td style="display: none;"></td><td style="display: none;"><a class="recipeLink" href="/recipe_ingredient_search_results.php?query=(_QU5E__1__________164__[]_1_1)&amp;sos_l=fr">Recettes avec bière</a></td></tr><tr role="row" class="even"><td tabindex="0"><i class="fa fa-thumbs-down"></i></td><td class=" not_printable"><div class="addToGL" data-soscuisine-aisle="11" data-soscuisine-sip="3940985"><i class="fa fa-cart-plus" title="Ajouter à ma liste d'épicerie"></i><div></div></div></td><td><img class="storeItemImage" alt="bière" src="/media/images/store_item/blank.jpg"></td><td>bière</td><td class="not_printable sorting_1">bières, vins &amp; spiritueux</td><td><img style="width:50%;" src="/media/images/logos/marchands/12.png" alt="Richelieu"></td><td><span itemprop="price">9,99 $</span><span itemprop="eligibleQuantity" itemscope="" itemtype="http://schema.org/QuantitativeValue">/<span itemprop="unitText">6x341mL</span></span></td><td>0,49 $/100mL</td><td style="display: none;">2020-02-26</td><td style="display: none;"></td><td style="display: none;">marques variées</td><td style="display: none;"></td><td style="display: none;"></td><td style="display: none;"></td><td style="display: none;"></td><td style="display: none;"></td><td style="display: none;"><a class="recipeLink" href="/recipe_ingredient_search_results.php?query=(_QU5E__1__________164__[]_1_1)&amp;sos_l=fr">Recettes avec bière</a></td></tr><tr role="row" class="odd"><td tabindex="0"><i class="fa fa-thumbs-down"></i></td><td class=" not_printable"><div class="addToGL" data-soscuisine-aisle="11" data-soscuisine-sip="3940983"><i class="fa fa-cart-plus" title="Ajouter à ma liste d'épicerie"></i><div></div></div></td><td><img class="storeItemImage" alt="bière" src="/media/images/store_item/blank.jpg"></td><td>bière</td><td class="not_printable sorting_1">bières, vins &amp; spiritueux</td><td><img style="width:50%;" src="/media/images/logos/marchands/12.png" alt="Richelieu"></td><td><span itemprop="price">19,99 $</span><span itemprop="eligibleQuantity" itemscope="" itemtype="http://schema.org/QuantitativeValue">/<span itemprop="unitText">12x341mL</span></span></td><td>0,49 $/100mL</td><td style="display: none;">2020-02-26</td><td style="display: none;"></td><td style="display: none;">marques variées</td><td style="display: none;"></td><td style="display: none;"></td><td style="display: none;"></td><td style="display: none;"></td><td style="display: none;"></td><td style="display: none;"><a class="recipeLink" href="/recipe_ingredient_search_results.php?query=(_QU5E__1__________164__[]_1_1)&amp;sos_l=fr">Recettes avec bière</a></td></tr><tr role="row" class="even"><td tabindex="0"><i class="fa fa-thumbs-down"></i></td><td class=" not_printable"><div class="addToGL" data-soscuisine-aisle="11" data-soscuisine-sip="3940979"><i class="fa fa-cart-plus" title="Ajouter à ma liste d'épicerie"></i><div></div></div></td><td><img class="storeItemImage" alt="bière" src="/media/images/store_item/blank.jpg"></td><td>bière</td><td class="not_printable sorting_1">bières, vins &amp; spiritueux</td><td><img style="width:50%;" src="/media/images/logos/marchands/12.png" alt="Richelieu"></td><td><span itemprop="price">6,00 $</span><span itemprop="eligibleQuantity" itemscope="" itemtype="http://schema.org/QuantitativeValue">/<span itemprop="value">2</span>x<span itemprop="unitText">chopine (473mL)</span></span></td><td>0,63 $/100mL</td><td style="display: none;">2020-02-26</td><td style="display: none;"></td><td style="display: none;">marques variées</td><td style="display: none;"></td><td style="display: none;"></td><td style="display: none;"></td><td style="display: none;"></td><td style="display: none;"></td><td style="display: none;"><a class="recipeLink" href="/recipe_ingredient_search_results.php?query=(_QU5E__1__________164__[]_1_1)&amp;sos_l=fr">Recettes avec bière</a></td></tr><tr role="row" class="odd"><td tabindex="0"><i class="fa fa-thumbs-up"></i><i class="fa fa-thumbs-up"></i></td><td class=" not_printable"><div class="addToGL" data-soscuisine-aisle="11" data-soscuisine-sip="3940771"><i class="fa fa-cart-plus" title="Ajouter à ma liste d'épicerie"></i><div></div></div></td><td><img class="storeItemImage" alt="bière" src="/media/images/store_item/blank.jpg"></td><td>bière</td><td class="not_printable sorting_1">bières, vins &amp; spiritueux</td><td><img style="width:50%;" src="/media/images/logos/marchands/5.png" alt="Super C"></td><td><span itemprop="price">52,00 $</span><span itemprop="eligibleQuantity" itemscope="" itemtype="http://schema.org/QuantitativeValue">/<span itemprop="unitText">48x355mL</span></span></td><td>0,31 $/100mL</td><td style="display: none;">2020-02-26</td><td style="display: none;"></td><td style="display: none;">Bud, Coors</td><td style="display: none;"></td><td style="display: none;">léger(e)</td><td style="display: none;"></td><td style="display: none;"></td><td style="display: none;"></td><td style="display: none;"><a class="recipeLink" href="/recipe_ingredient_search_results.php?query=(_QU5E__1__________164__[]_1_1)&amp;sos_l=fr">Recettes avec bière</a></td></tr><tr role="row" class="even"><td tabindex="0"><i class="fa fa-thumbs-up"></i><i class="fa fa-thumbs-up"></i></td><td class=" not_printable"><div class="addToGL" data-soscuisine-aisle="11" data-soscuisine-sip="3940775"><i class="fa fa-cart-plus" title="Ajouter à ma liste d'épicerie"></i><div></div></div></td><td><img class="storeItemImage" alt="bière" src="/media/images/store_item/blank.jpg"></td><td>bière</td><td class="not_printable sorting_1">bières, vins &amp; spiritueux</td><td><img style="width:50%;" src="/media/images/logos/marchands/5.png" alt="Super C"></td><td><span itemprop="price">57,00 $</span><span itemprop="eligibleQuantity" itemscope="" itemtype="http://schema.org/QuantitativeValue">/<span itemprop="unitText">48x355mL</span></span></td><td>0,33 $/100mL</td><td style="display: none;">2020-02-26</td><td style="display: none;"></td><td style="display: none;">Labatt, Molson</td><td style="display: none;"></td><td style="display: none;"></td><td style="display: none;"></td><td style="display: none;"></td><td style="display: none;"></td><td style="display: none;"><a class="recipeLink" href="/recipe_ingredient_search_results.php?query=(_QU5E__1__________164__[]_1_1)&amp;sos_l=fr">Recettes avec bière</a></td></tr><tr role="row" class="odd"><td tabindex="0"><i class="fa fa-thumbs-up"></i></td><td class=" not_printable"><div class="addToGL" data-soscuisine-aisle="11" data-soscuisine-sip="3940781"><i class="fa fa-cart-plus" title="Ajouter à ma liste d'épicerie"></i><div></div></div></td><td><img class="storeItemImage" alt="bière" src="/media/images/store_item/blank.jpg"></td><td>bière</td><td class="not_printable sorting_1">bières, vins &amp; spiritueux</td><td><img style="width:50%;" src="/media/images/logos/marchands/5.png" alt="Super C"></td><td><span itemprop="price">58,00 $</span><span itemprop="eligibleQuantity" itemscope="" itemtype="http://schema.org/QuantitativeValue">/<span itemprop="value">2</span>x<span itemprop="unitText">24x341mL</span></span></td><td>0,35 $/100mL</td><td style="display: none;">2020-02-26</td><td style="display: none;"></td><td style="display: none;">Labatt, Molson</td><td style="display: none;"></td><td style="display: none;"></td><td style="display: none;"></td><td style="display: none;"></td><td style="display: none;">ou Sleeman</td><td style="display: none;"><a class="recipeLink" href="/recipe_ingredient_search_results.php?query=(_QU5E__1__________164__[]_1_1)&amp;sos_l=fr">Recettes avec bière</a></td></tr><tr role="row" class="even"><td tabindex="0"><i class="fas fa-hand-rock"></i></td><td class=" not_printable"><div class="addToGL" data-soscuisine-aisle="11" data-soscuisine-sip="3940785"><i class="fa fa-cart-plus" title="Ajouter à ma liste d'épicerie"></i><div></div></div></td><td><img class="storeItemImage" alt="bière" src="/media/images/store_item/blank.jpg"></td><td>bière</td><td class="not_printable sorting_1">bières, vins &amp; spiritueux</td><td><img style="width:50%;" src="/media/images/logos/marchands/5.png" alt="Super C"></td><td><span itemprop="price">31,99 $</span><span itemprop="eligibleQuantity" itemscope="" itemtype="http://schema.org/QuantitativeValue">/<span itemprop="unitText">24x341mL</span></span></td><td>0,39 $/100mL</td><td style="display: none;">2020-02-26</td><td style="display: none;"></td><td style="display: none;">Labatt, Molson</td><td style="display: none;"></td><td style="display: none;"></td><td style="display: none;"></td><td style="display: none;"></td><td style="display: none;">ou Sleeman</td><td style="display: none;"><a class="recipeLink" href="/recipe_ingredient_search_results.php?query=(_QU5E__1__________164__[]_1_1)&amp;sos_l=fr">Recettes avec bière</a></td></tr><tr role="row" class="odd"><td tabindex="0"><i class="fa fa-thumbs-up"></i></td><td class=" not_printable"><div class="addToGL" data-soscuisine-aisle="11" data-soscuisine-sip="3936005"><i class="fa fa-cart-plus" title="Ajouter à ma liste d'épicerie"></i><div></div></div></td><td><img class="storeItemImage" alt="bière" src="/media/images/store_item/blank.jpg"></td><td>bière</td><td class="not_printable sorting_1">bières, vins &amp; spiritueux</td><td><img style="width:50%;" src="/media/images/logos/marchands/62.png" alt="Supermarché PA"></td><td><span itemprop="price">4,00 $</span><span itemprop="eligibleQuantity" itemscope="" itemtype="http://schema.org/QuantitativeValue">/<span itemprop="value">2</span>x<span itemprop="unitText">568mL</span></span></td><td>0,35 $/100mL</td><td style="display: none;">2020-02-23</td><td style="display: none;"></td><td style="display: none;"></td><td style="display: none;"></td><td style="display: none;"></td><td style="display: none;"></td><td style="display: none;"></td><td style="display: none;">La Bittt à Tibi</td><td style="display: none;"><a class="recipeLink" href="/recipe_ingredient_search_results.php?query=(_QU5E__1__________164__[]_1_1)&amp;sos_l=fr">Recettes avec bière</a></td></tr><tr role="row" class="even"><td tabindex="0"><i class="fa fa-thumbs-up"></i></td><td class=" not_printable"><div class="addToGL" data-soscuisine-aisle="11" data-soscuisine-sip="3940835"><i class="fa fa-cart-plus" title="Ajouter à ma liste d'épicerie"></i><div></div></div></td><td><img class="storeItemImage" alt="bière" src="/media/images/store_item/blank.jpg"></td><td>bière</td><td class="not_printable sorting_1">bières, vins &amp; spiritueux</td><td><img style="width:50%;" src="/media/images/logos/marchands/11.png" alt="Tradition"></td><td><span itemprop="price">25,99 $</span><span itemprop="eligibleQuantity" itemscope="" itemtype="http://schema.org/QuantitativeValue">/<span itemprop="unitText">20x355mL</span></span></td><td>0,37 $/100mL</td><td style="display: none;">2020-02-26</td><td style="display: none;"></td><td style="display: none;">marques variées</td><td style="display: none;"></td><td style="display: none;"></td><td style="display: none;"></td><td style="display: none;"></td><td style="display: none;"></td><td style="display: none;"><a class="recipeLink" href="/recipe_ingredient_search_results.php?query=(_QU5E__1__________164__[]_1_1)&amp;sos_l=fr">Recettes avec bière</a></td></tr><tr role="row" class="odd"><td tabindex="0"><i class="fas fa-hand-rock"></i></td><td class=" not_printable"><div class="addToGL" data-soscuisine-aisle="11" data-soscuisine-sip="3940817"><i class="fa fa-cart-plus" title="Ajouter à ma liste d'épicerie"></i><div></div></div></td><td><img class="storeItemImage" alt="bière" src="/media/images/store_item/blank.jpg"></td><td>bière</td><td class="not_printable sorting_1">bières, vins &amp; spiritueux</td><td><img style="width:50%;" src="/media/images/logos/marchands/11.png" alt="Tradition"></td><td><span itemprop="price">16,99 $</span><span itemprop="eligibleQuantity" itemscope="" itemtype="http://schema.org/QuantitativeValue">/<span itemprop="unitText">12x341mL</span></span></td><td>0,42 $/100mL</td><td style="display: none;">2020-02-26</td><td style="display: none;"></td><td style="display: none;">marques variées</td><td style="display: none;"></td><td style="display: none;"></td><td style="display: none;"></td><td style="display: none;"></td><td style="display: none;"></td><td style="display: none;"><a class="recipeLink" href="/recipe_ingredient_search_results.php?query=(_QU5E__1__________164__[]_1_1)&amp;sos_l=fr">Recettes avec bière</a></td></tr><tr role="row" class="even"><td tabindex="0"><i class="fa fa-thumbs-down"></i></td><td class=" not_printable"><div class="addToGL" data-soscuisine-aisle="11" data-soscuisine-sip="3939747"><i class="fa fa-cart-plus" title="Ajouter à ma liste d'épicerie"></i><div></div></div></td><td><img class="storeItemImage" alt="bière sans alcool" src="/media/images/store_item/blank.jpg"></td><td>bière sans alcool</td><td class="not_printable sorting_1">bières, vins &amp; spiritueux</td><td><img style="width:50%;" src="/media/images/logos/marchands/10.png" alt="Bonichoix "></td><td><span itemprop="price">11,99 $</span><span itemprop="eligibleQuantity" itemscope="" itemtype="http://schema.org/QuantitativeValue">/<span itemprop="unitText">6x330mL</span></span></td><td>0,61 $/100mL</td><td style="display: none;">2020-02-26</td><td style="display: none;"></td><td style="display: none;">Heineken</td><td style="display: none;"></td><td style="display: none;"></td><td style="display: none;"></td><td style="display: none;"></td><td style="display: none;"></td><td style="display: none;"><a class="recipeLink" href="/recipe_ingredient_search_results.php?query=(_QU5E__1__________532__[]_1_1)&amp;sos_l=fr">Recettes avec bière sans alcool</a></td></tr><tr role="row" class="odd"><td tabindex="0"><i class="fas fa-hand-rock"></i></td><td class=" not_printable"><div class="addToGL" data-soscuisine-aisle="11" data-soscuisine-sip="3938973"><i class="fa fa-cart-plus" title="Ajouter à ma liste d'épicerie"></i><div></div></div></td><td><img class="storeItemImage" alt="bière sans alcool" src="/media/images/store_item/blank.jpg"></td><td>bière sans alcool</td><td class="not_printable sorting_1">bières, vins &amp; spiritueux</td><td><img style="width:50%;" src="/media/images/logos/marchands/3.png" alt="IGA"></td><td><span itemprop="price">29,97 $</span><span itemprop="eligibleQuantity" itemscope="" itemtype="http://schema.org/QuantitativeValue">/<span itemprop="value">3</span>x<span itemprop="unitText">6x330mL</span></span></td><td>0,50 $/100mL</td><td style="display: none;">2020-02-26</td><td style="display: none;"></td><td style="display: none;">Heineken</td><td style="display: none;"></td><td style="display: none;"></td><td style="display: none;"></td><td style="display: none;"></td><td style="display: none;">ou Beck's, Kronenbourg</td><td style="display: none;"><a class="recipeLink" href="/recipe_ingredient_search_results.php?query=(_QU5E__1__________532__[]_1_1)&amp;sos_l=fr">Recettes avec bière sans alcool</a></td></tr><tr role="row" class="even"><td tabindex="0"><i class="fa fa-thumbs-down"></i></td><td class=" not_printable"><div class="addToGL" data-soscuisine-aisle="11" data-soscuisine-sip="3938975"><i class="fa fa-cart-plus" title="Ajouter à ma liste d'épicerie"></i><div></div></div></td><td><img class="storeItemImage" alt="bière sans alcool" src="/media/images/store_item/blank.jpg"></td><td>bière sans alcool</td><td class="not_printable sorting_1">bières, vins &amp; spiritueux</td><td><img style="width:50%;" src="/media/images/logos/marchands/3.png" alt="IGA"></td><td><span itemprop="price">11,99 $</span><span itemprop="eligibleQuantity" itemscope="" itemtype="http://schema.org/QuantitativeValue">/<span itemprop="unitText">6x330mL</span></span></td><td>0,61 $/100mL</td><td style="display: none;">2020-02-26</td><td style="display: none;"></td><td style="display: none;">Heineken</td><td style="display: none;"></td><td style="display: none;"></td><td style="display: none;"></td><td style="display: none;"></td><td style="display: none;">ou Beck's, Kronenbourg</td><td style="display: none;"><a class="recipeLink" href="/recipe_ingredient_search_results.php?query=(_QU5E__1__________532__[]_1_1)&amp;sos_l=fr">Recettes avec bière sans alcool</a></td></tr><tr role="row" class="odd"><td tabindex="0"><i class="fa fa-thumbs-down"></i></td><td class=" not_printable"><div class="addToGL" data-soscuisine-aisle="11" data-soscuisine-sip="3912983"><i class="fa fa-cart-plus" title="Ajouter à ma liste d'épicerie"></i><div></div></div></td><td><img class="storeItemImage" alt="vin blanc" src="/media/images/store_item/blank.jpg"></td><td>vin blanc</td><td class="not_printable sorting_1">bières, vins &amp; spiritueux</td><td><img style="width:50%;" src="/media/images/logos/marchands/94.png" alt="Avril"></td><td><span itemprop="price">30,99 $</span><span itemprop="eligibleQuantity" itemscope="" itemtype="http://schema.org/QuantitativeValue">/<span itemprop="unitText">750mL</span></span></td><td>4,13 $/100mL</td><td style="display: none;">2020-03-03</td><td style="display: none;"></td><td style="display: none;"></td><td style="display: none;"></td><td style="display: none;"></td><td style="display: none;"></td><td style="display: none;"></td><td style="display: none;"></td><td style="display: none;"><a class="recipeLink" href="/recipe_ingredient_search_results.php?query=(_QU5E__1__________165__[]_1_1)&amp;sos_l=fr">Recettes avec vin blanc</a></td></tr><tr role="row" class="even"><td tabindex="0"><i class="fa fa-thumbs-down"></i></td><td class=" not_printable"><div class="addToGL" data-soscuisine-aisle="11" data-soscuisine-sip="3912979"><i class="fa fa-cart-plus" title="Ajouter à ma liste d'épicerie"></i><div></div></div></td><td><img class="storeItemImage" alt="vin blanc" src="/media/images/store_item/blank.jpg"></td><td>vin blanc</td><td class="not_printable sorting_1">bières, vins &amp; spiritueux</td><td><img style="width:50%;" src="/media/images/logos/marchands/94.png" alt="Avril"></td><td><span itemprop="price">35,99 $</span><span itemprop="eligibleQuantity" itemscope="" itemtype="http://schema.org/QuantitativeValue">/<span itemprop="unitText">750mL</span></span></td><td>4,80 $/100mL</td><td style="display: none;">2020-03-03</td><td style="display: none;"></td><td style="display: none;"></td><td style="display: none;"></td><td style="display: none;"></td><td style="display: none;"></td><td style="display: none;"></td><td style="display: none;"></td><td style="display: none;"><a class="recipeLink" href="/recipe_ingredient_search_results.php?query=(_QU5E__1__________165__[]_1_1)&amp;sos_l=fr">Recettes avec vin blanc</a></td></tr><tr role="row" class="odd"><td tabindex="0"><i class="fa fa-thumbs-up"></i><i class="fa fa-thumbs-up"></i></td><td class=" not_printable"><div class="addToGL" data-soscuisine-aisle="11" data-soscuisine-sip="3939761"><i class="fa fa-cart-plus" title="Ajouter à ma liste d'épicerie"></i><div></div></div></td><td><img class="storeItemImage" alt="vin blanc" src="/media/images/store_item/blank.jpg"></td><td>vin blanc</td><td class="not_printable sorting_1">bières, vins &amp; spiritueux</td><td><img style="width:50%;" src="/media/images/logos/marchands/10.png" alt="Bonichoix "></td><td><span itemprop="price">9,79 $</span><span itemprop="eligibleQuantity" itemscope="" itemtype="http://schema.org/QuantitativeValue">/<span itemprop="unitText">1L</span></span></td><td>0,98 $/100mL</td><td style="display: none;">2020-02-26</td><td style="display: none;"></td><td style="display: none;"></td><td style="display: none;"></td><td style="display: none;"></td><td style="display: none;"></td><td style="display: none;"></td><td style="display: none;">Marquis de Mericourt</td><td style="display: none;"><a class="recipeLink" href="/recipe_ingredient_search_results.php?query=(_QU5E__1__________165__[]_1_1)&amp;sos_l=fr">Recettes avec vin blanc</a></td></tr><tr role="row" class="even"><td tabindex="0"><i class="fa fa-thumbs-up"></i></td><td class=" not_printable"><div class="addToGL" data-soscuisine-aisle="11" data-soscuisine-sip="3939777"><i class="fa fa-cart-plus" title="Ajouter à ma liste d'épicerie"></i><div></div></div></td><td><img class="storeItemImage" alt="vin blanc" src="/media/images/store_item/blank.jpg"></td><td>vin blanc</td><td class="not_printable sorting_1">bières, vins &amp; spiritueux</td><td><img style="width:50%;" src="/media/images/logos/marchands/10.png" alt="Bonichoix "></td><td><span itemprop="price">10,49 $</span><span itemprop="eligibleQuantity" itemscope="" itemtype="http://schema.org/QuantitativeValue">/<span itemprop="unitText">1L</span></span></td><td>1,05 $/100mL</td><td style="display: none;">2020-02-26</td><td style="display: none;"></td><td style="display: none;"></td><td style="display: none;"></td><td style="display: none;"></td><td style="display: none;"></td><td style="display: none;"></td><td style="display: none;">Notre Vin Maison</td><td style="display: none;"><a class="recipeLink" href="/recipe_ingredient_search_results.php?query=(_QU5E__1__________165__[]_1_1)&amp;sos_l=fr">Recettes avec vin blanc</a></td></tr><tr role="row" class="odd"><td tabindex="0"><i class="fa fa-thumbs-up"></i></td><td class=" not_printable"><div class="addToGL" data-soscuisine-aisle="11" data-soscuisine-sip="3939729"><i class="fa fa-cart-plus" title="Ajouter à ma liste d'épicerie"></i><div></div></div></td><td><img class="storeItemImage" alt="vin blanc" src="/media/images/store_item/blank.jpg"></td><td>vin blanc</td><td class="not_printable sorting_1">bières, vins &amp; spiritueux</td><td><img style="width:50%;" src="/media/images/logos/marchands/3.png" alt="IGA"></td><td><span itemprop="price">16,00 $</span><span itemprop="eligibleQuantity" itemscope="" itemtype="http://schema.org/QuantitativeValue">/<span itemprop="value">2</span>x<span itemprop="unitText">750mL</span></span></td><td>1,07 $/100mL</td><td style="display: none;">2020-02-26</td><td style="display: none;"></td><td style="display: none;">marques variées</td><td style="display: none;"></td><td style="display: none;"></td><td style="display: none;"></td><td style="display: none;"></td><td style="display: none;"></td><td style="display: none;"><a class="recipeLink" href="/recipe_ingredient_search_results.php?query=(_QU5E__1__________165__[]_1_1)&amp;sos_l=fr">Recettes avec vin blanc</a></td></tr><tr role="row" class="even"><td tabindex="0"><i class="fas fa-hand-rock"></i></td><td class=" not_printable"><div class="addToGL" data-soscuisine-aisle="11" data-soscuisine-sip="3939731"><i class="fa fa-cart-plus" title="Ajouter à ma liste d'épicerie"></i><div></div></div></td><td><img class="storeItemImage" alt="vin blanc" src="/media/images/store_item/blank.jpg"></td><td>vin blanc</td><td class="not_printable sorting_1">bières, vins &amp; spiritueux</td><td><img style="width:50%;" src="/media/images/logos/marchands/3.png" alt="IGA"></td><td><span itemprop="price">9,99 $</span><span itemprop="eligibleQuantity" itemscope="" itemtype="http://schema.org/QuantitativeValue">/<span itemprop="unitText">750mL</span></span></td><td>1,33 $/100mL</td><td style="display: none;">2020-02-26</td><td style="display: none;"></td><td style="display: none;">marques variées</td><td style="display: none;"></td><td style="display: none;"></td><td style="display: none;"></td><td style="display: none;"></td><td style="display: none;"></td><td style="display: none;"><a class="recipeLink" href="/recipe_ingredient_search_results.php?query=(_QU5E__1__________165__[]_1_1)&amp;sos_l=fr">Recettes avec vin blanc</a></td></tr><tr role="row" class="odd"><td tabindex="0"><i class="fa fa-thumbs-up"></i></td><td class=" not_printable"><div class="addToGL" data-soscuisine-aisle="11" data-soscuisine-sip="3938661"><i class="fa fa-cart-plus" title="Ajouter à ma liste d'épicerie"></i><div></div></div></td><td><img class="storeItemImage" alt="vin blanc" src="/media/images/store_item/blank.jpg"></td><td>vin blanc</td><td class="not_printable sorting_1">bières, vins &amp; spiritueux</td><td><img style="width:50%;" src="/media/images/logos/marchands/69.png" alt="Intermarché (Provincial)"></td><td><span itemprop="price">10,49 $</span><span itemprop="eligibleQuantity" itemscope="" itemtype="http://schema.org/QuantitativeValue">/<span itemprop="unitText">1L</span></span></td><td>1,05 $/100mL</td><td style="display: none;">2020-02-26</td><td style="display: none;"></td><td style="display: none;"></td><td style="display: none;"></td><td style="display: none;"></td><td style="display: none;"></td><td style="display: none;"></td><td style="display: none;">Notre Vin Maison</td><td style="display: none;"><a class="recipeLink" href="/recipe_ingredient_search_results.php?query=(_QU5E__1__________165__[]_1_1)&amp;sos_l=fr">Recettes avec vin blanc</a></td></tr><tr role="row" class="even"><td tabindex="0"><i class="fas fa-hand-rock"></i></td><td class=" not_printable"><div class="addToGL" data-soscuisine-aisle="11" data-soscuisine-sip="3938657"><i class="fa fa-cart-plus" title="Ajouter à ma liste d'épicerie"></i><div></div></div></td><td><img class="storeItemImage" alt="vin blanc" src="/media/images/store_item/blank.jpg"></td><td>vin blanc</td><td class="not_printable sorting_1">bières, vins &amp; spiritueux</td><td><img style="width:50%;" src="/media/images/logos/marchands/69.png" alt="Intermarché (Provincial)"></td><td><span itemprop="price">9,59 $</span><span itemprop="eligibleQuantity" itemscope="" itemtype="http://schema.org/QuantitativeValue">/<span itemprop="unitText">750mL</span></span></td><td>1,28 $/100mL</td><td style="display: none;">2020-02-26</td><td style="display: none;"></td><td style="display: none;"></td><td style="display: none;"></td><td style="display: none;"></td><td style="display: none;"></td><td style="display: none;"></td><td style="display: none;">Keep Calm</td><td style="display: none;"><a class="recipeLink" href="/recipe_ingredient_search_results.php?query=(_QU5E__1__________165__[]_1_1)&amp;sos_l=fr">Recettes avec vin blanc</a></td></tr><tr role="row" class="odd"><td tabindex="0"><i class="fa fa-thumbs-up"></i></td><td class=" not_printable"><div class="addToGL" data-soscuisine-aisle="11" data-soscuisine-sip="3938435"><i class="fa fa-cart-plus" title="Ajouter à ma liste d'épicerie"></i><div></div></div></td><td><img class="storeItemImage" alt="vin blanc" src="/media/images/store_item/blank.jpg"></td><td>vin blanc</td><td class="not_printable sorting_1">bières, vins &amp; spiritueux</td><td><img style="width:50%;" src="/media/images/logos/marchands/7.png" alt="Intermarché (Saveurs intl.)"></td><td><span itemprop="price">10,49 $</span><span itemprop="eligibleQuantity" itemscope="" itemtype="http://schema.org/QuantitativeValue">/<span itemprop="unitText">1L</span></span></td><td>1,05 $/100mL</td><td style="display: none;">2020-02-26</td><td style="display: none;"></td><td style="display: none;"></td><td style="display: none;"></td><td style="display: none;"></td><td style="display: none;"></td><td style="display: none;"></td><td style="display: none;">Notre Vin Maison</td><td style="display: none;"><a class="recipeLink" href="/recipe_ingredient_search_results.php?query=(_QU5E__1__________165__[]_1_1)&amp;sos_l=fr">Recettes avec vin blanc</a></td></tr><tr role="row" class="even"><td tabindex="0"><i class="fas fa-hand-rock"></i></td><td class=" not_printable"><div class="addToGL" data-soscuisine-aisle="11" data-soscuisine-sip="3938431"><i class="fa fa-cart-plus" title="Ajouter à ma liste d'épicerie"></i><div></div></div></td><td><img class="storeItemImage" alt="vin blanc" src="/media/images/store_item/blank.jpg"></td><td>vin blanc</td><td class="not_printable sorting_1">bières, vins &amp; spiritueux</td><td><img style="width:50%;" src="/media/images/logos/marchands/7.png" alt="Intermarché (Saveurs intl.)"></td><td><span itemprop="price">9,59 $</span><span itemprop="eligibleQuantity" itemscope="" itemtype="http://schema.org/QuantitativeValue">/<span itemprop="unitText">750mL</span></span></td><td>1,28 $/100mL</td><td style="display: none;">2020-02-26</td><td style="display: none;"></td><td style="display: none;"></td><td style="display: none;"></td><td style="display: none;"></td><td style="display: none;"></td><td style="display: none;"></td><td style="display: none;">Keep Calm</td><td style="display: none;"><a class="recipeLink" href="/recipe_ingredient_search_results.php?query=(_QU5E__1__________165__[]_1_1)&amp;sos_l=fr">Recettes avec vin blanc</a></td></tr><tr role="row" class="odd"><td tabindex="0"><i class="fa fa-thumbs-up"></i><i class="fa fa-thumbs-up"></i></td><td class=" not_printable"><div class="addToGL" data-soscuisine-aisle="11" data-soscuisine-sip="3938277"><i class="fa fa-cart-plus" title="Ajouter à ma liste d'épicerie"></i><div></div></div></td><td><img class="storeItemImage" alt="vin blanc" src="/media/images/store_item/blank.jpg"></td><td>vin blanc</td><td class="not_printable sorting_1">bières, vins &amp; spiritueux</td><td><img style="width:50%;" src="/media/images/logos/marchands/2.png" alt="Provigo"></td><td><span itemprop="price">18,00 $</span><span itemprop="eligibleQuantity" itemscope="" itemtype="http://schema.org/QuantitativeValue">/<span itemprop="value">2</span>x<span itemprop="unitText">1L</span></span></td><td>0,90 $/100mL</td><td style="display: none;">2020-02-26</td><td style="display: none;"></td><td style="display: none;"></td><td style="display: none;"></td><td style="display: none;"></td><td style="display: none;"></td><td style="display: none;"></td><td style="display: none;">Selection Chatenois, Marquis de Mericourt, Mystery Road</td><td style="display: none;"><a class="recipeLink" href="/recipe_ingredient_search_results.php?query=(_QU5E__1__________165__[]_1_1)&amp;sos_l=fr">Recettes avec vin blanc</a></td></tr><tr role="row" class="even"><td tabindex="0"><i class="fa fa-thumbs-up"></i><i class="fa fa-thumbs-up"></i></td><td class=" not_printable"><div class="addToGL" data-soscuisine-aisle="11" data-soscuisine-sip="3938269"><i class="fa fa-cart-plus" title="Ajouter à ma liste d'épicerie"></i><div></div></div></td><td><img class="storeItemImage" alt="vin blanc" src="/media/images/store_item/blank.jpg"></td><td>vin blanc</td><td class="not_printable sorting_1">bières, vins &amp; spiritueux</td><td><img style="width:50%;" src="/media/images/logos/marchands/2.png" alt="Provigo"></td><td><span itemprop="price">9,79 $</span><span itemprop="eligibleQuantity" itemscope="" itemtype="http://schema.org/QuantitativeValue">/<span itemprop="unitText">1L</span></span></td><td>0,98 $/100mL</td><td style="display: none;">2020-02-26</td><td style="display: none;"></td><td style="display: none;"></td><td style="display: none;"></td><td style="display: none;"></td><td style="display: none;"></td><td style="display: none;"></td><td style="display: none;">Selection Chatenois, Marquis de Mericourt, Mystery Road</td><td style="display: none;"><a class="recipeLink" href="/recipe_ingredient_search_results.php?query=(_QU5E__1__________165__[]_1_1)&amp;sos_l=fr">Recettes avec vin blanc</a></td></tr><tr role="row" class="odd"><td tabindex="0"><i class="fa fa-thumbs-up"></i></td><td class=" not_printable"><div class="addToGL" data-soscuisine-aisle="11" data-soscuisine-sip="3938281"><i class="fa fa-cart-plus" title="Ajouter à ma liste d'épicerie"></i><div></div></div></td><td><img class="storeItemImage" alt="vin blanc" src="/media/images/store_item/blank.jpg"></td><td>vin blanc</td><td class="not_printable sorting_1">bières, vins &amp; spiritueux</td><td><img style="width:50%;" src="/media/images/logos/marchands/2.png" alt="Provigo"></td><td><span itemprop="price">10,99 $</span><span itemprop="eligibleQuantity" itemscope="" itemtype="http://schema.org/QuantitativeValue">/<span itemprop="unitText">1L</span></span></td><td>1,10 $/100mL</td><td style="display: none;">2020-02-26</td><td style="display: none;"></td><td style="display: none;"></td><td style="display: none;"></td><td style="display: none;"></td><td style="display: none;"></td><td style="display: none;"></td><td style="display: none;">Toro Loco</td><td style="display: none;"><a class="recipeLink" href="/recipe_ingredient_search_results.php?query=(_QU5E__1__________165__[]_1_1)&amp;sos_l=fr">Recettes avec vin blanc</a></td></tr><tr role="row" class="even"><td tabindex="0"><i class="fa fa-thumbs-up"></i><i class="fa fa-thumbs-up"></i></td><td class=" not_printable"><div class="addToGL" data-soscuisine-aisle="11" data-soscuisine-sip="3940689"><i class="fa fa-cart-plus" title="Ajouter à ma liste d'épicerie"></i><div></div></div></td><td><img class="storeItemImage" alt="vin blanc" src="/media/images/store_item/blank.jpg"></td><td>vin blanc</td><td class="not_printable sorting_1">bières, vins &amp; spiritueux</td><td><img style="width:50%;" src="/media/images/logos/marchands/5.png" alt="Super C"></td><td><span itemprop="price">20,00 $</span><span itemprop="eligibleQuantity" itemscope="" itemtype="http://schema.org/QuantitativeValue">/<span itemprop="value">2</span>x<span itemprop="unitText">1L</span></span></td><td>1,00 $/100mL</td><td style="display: none;">2020-02-26</td><td style="display: none;"></td><td style="display: none;"></td><td style="display: none;"></td><td style="display: none;"></td><td style="display: none;"></td><td style="display: none;"></td><td style="display: none;">Marquis de Méricourt, Nicolas Laloux</td><td style="display: none;"><a class="recipeLink" href="/recipe_ingredient_search_results.php?query=(_QU5E__1__________165__[]_1_1)&amp;sos_l=fr">Recettes avec vin blanc</a></td></tr><tr role="row" class="odd"><td tabindex="0"><i class="fas fa-hand-rock"></i></td><td class=" not_printable"><div class="addToGL" data-soscuisine-aisle="11" data-soscuisine-sip="3940695"><i class="fa fa-cart-plus" title="Ajouter à ma liste d'épicerie"></i><div></div></div></td><td><img class="storeItemImage" alt="vin blanc" src="/media/images/store_item/blank.jpg"></td><td>vin blanc</td><td class="not_printable sorting_1">bières, vins &amp; spiritueux</td><td><img style="width:50%;" src="/media/images/logos/marchands/5.png" alt="Super C"></td><td><span itemprop="price">20,00 $</span><span itemprop="eligibleQuantity" itemscope="" itemtype="http://schema.org/QuantitativeValue">/<span itemprop="value">2</span>x<span itemprop="unitText">750mL</span></span></td><td>1,33 $/100mL</td><td style="display: none;">2020-02-26</td><td style="display: none;"></td><td style="display: none;"></td><td style="display: none;"></td><td style="display: none;"></td><td style="display: none;"></td><td style="display: none;"></td><td style="display: none;">Bodacious</td><td style="display: none;"><a class="recipeLink" href="/recipe_ingredient_search_results.php?query=(_QU5E__1__________165__[]_1_1)&amp;sos_l=fr">Recettes avec vin blanc</a></td></tr><tr role="row" class="even"><td tabindex="0"><i class="fa fa-thumbs-up"></i></td><td class=" not_printable"><div class="addToGL" data-soscuisine-aisle="11" data-soscuisine-sip="3940821"><i class="fa fa-cart-plus" title="Ajouter à ma liste d'épicerie"></i><div></div></div></td><td><img class="storeItemImage" alt="vin blanc" src="/media/images/store_item/blank.jpg"></td><td>vin blanc</td><td class="not_printable sorting_1">bières, vins &amp; spiritueux</td><td><img style="width:50%;" src="/media/images/logos/marchands/11.png" alt="Tradition"></td><td><span itemprop="price">10,49 $</span><span itemprop="eligibleQuantity" itemscope="" itemtype="http://schema.org/QuantitativeValue">/<span itemprop="unitText">1L</span></span></td><td>1,05 $/100mL</td><td style="display: none;">2020-02-26</td><td style="display: none;"></td><td style="display: none;"></td><td style="display: none;"></td><td style="display: none;"></td><td style="display: none;"></td><td style="display: none;"></td><td style="display: none;">Notre Vin Maison</td><td style="display: none;"><a class="recipeLink" href="/recipe_ingredient_search_results.php?query=(_QU5E__1__________165__[]_1_1)&amp;sos_l=fr">Recettes avec vin blanc</a></td></tr><tr role="row" class="odd"><td tabindex="0"><i class="fa fa-thumbs-down"></i></td><td class=" not_printable"><div class="addToGL" data-soscuisine-aisle="11" data-soscuisine-sip="3912991"><i class="fa fa-cart-plus" title="Ajouter à ma liste d'épicerie"></i><div></div></div></td><td><img class="storeItemImage" alt="vin rouge" src="/media/images/store_item/blank.jpg"></td><td>vin rouge</td><td class="not_printable sorting_1">bières, vins &amp; spiritueux</td><td><img style="width:50%;" src="/media/images/logos/marchands/94.png" alt="Avril"></td><td><span itemprop="price">29,99 $</span><span itemprop="eligibleQuantity" itemscope="" itemtype="http://schema.org/QuantitativeValue">/<span itemprop="unitText">750mL</span></span></td><td>4,00 $/100mL</td><td style="display: none;">2020-03-03</td><td style="display: none;"></td><td style="display: none;"></td><td style="display: none;"></td><td style="display: none;"></td><td style="display: none;"></td><td style="display: none;"></td><td style="display: none;"></td><td style="display: none;"><a class="recipeLink" href="/recipe_ingredient_search_results.php?query=(_QU5E__1__________160__[]_1_1)&amp;sos_l=fr">Recettes avec vin rouge</a></td></tr><tr role="row" class="even"><td tabindex="0"><i class="fa fa-thumbs-down"></i></td><td class=" not_printable"><div class="addToGL" data-soscuisine-aisle="11" data-soscuisine-sip="3912987"><i class="fa fa-cart-plus" title="Ajouter à ma liste d'épicerie"></i><div></div></div></td><td><img class="storeItemImage" alt="vin rouge" src="/media/images/store_item/blank.jpg"></td><td>vin rouge</td><td class="not_printable sorting_1">bières, vins &amp; spiritueux</td><td><img style="width:50%;" src="/media/images/logos/marchands/94.png" alt="Avril"></td><td><span itemprop="price">32,99 $</span><span itemprop="eligibleQuantity" itemscope="" itemtype="http://schema.org/QuantitativeValue">/<span itemprop="unitText">750mL</span></span></td><td>4,40 $/100mL</td><td style="display: none;">2020-03-03</td><td style="display: none;"></td><td style="display: none;"></td><td style="display: none;"></td><td style="display: none;"></td><td style="display: none;"></td><td style="display: none;"></td><td style="display: none;"></td><td style="display: none;"><a class="recipeLink" href="/recipe_ingredient_search_results.php?query=(_QU5E__1__________160__[]_1_1)&amp;sos_l=fr">Recettes avec vin rouge</a></td></tr><tr role="row" class="odd"><td tabindex="0"><i class="fa fa-thumbs-up"></i><i class="fa fa-thumbs-up"></i></td><td class=" not_printable"><div class="addToGL" data-soscuisine-aisle="11" data-soscuisine-sip="3939753"><i class="fa fa-cart-plus" title="Ajouter à ma liste d'épicerie"></i><div></div></div></td><td><img class="storeItemImage" alt="vin rouge" src="/media/images/store_item/blank.jpg"></td><td>vin rouge</td><td class="not_printable sorting_1">bières, vins &amp; spiritueux</td><td><img style="width:50%;" src="/media/images/logos/marchands/10.png" alt="Bonichoix "></td><td><span itemprop="price">9,79 $</span><span itemprop="eligibleQuantity" itemscope="" itemtype="http://schema.org/QuantitativeValue">/<span itemprop="unitText">1L</span></span></td><td>0,98 $/100mL</td><td style="display: none;">2020-02-26</td><td style="display: none;"></td><td style="display: none;"></td><td style="display: none;"></td><td style="display: none;"></td><td style="display: none;"></td><td style="display: none;"></td><td style="display: none;">Marquis de Mericourt</td><td style="display: none;"><a class="recipeLink" href="/recipe_ingredient_search_results.php?query=(_QU5E__1__________160__[]_1_1)&amp;sos_l=fr">Recettes avec vin rouge</a></td></tr><tr role="row" class="even"><td tabindex="0"><i class="fa fa-thumbs-up"></i></td><td class=" not_printable"><div class="addToGL" data-soscuisine-aisle="11" data-soscuisine-sip="3939767"><i class="fa fa-cart-plus" title="Ajouter à ma liste d'épicerie"></i><div></div></div></td><td><img class="storeItemImage" alt="vin rouge" src="/media/images/store_item/blank.jpg"></td><td>vin rouge</td><td class="not_printable sorting_1">bières, vins &amp; spiritueux</td><td><img style="width:50%;" src="/media/images/logos/marchands/10.png" alt="Bonichoix "></td><td><span itemprop="price">10,49 $</span><span itemprop="eligibleQuantity" itemscope="" itemtype="http://schema.org/QuantitativeValue">/<span itemprop="unitText">1L</span></span></td><td>1,05 $/100mL</td><td style="display: none;">2020-02-26</td><td style="display: none;"></td><td style="display: none;"></td><td style="display: none;"></td><td style="display: none;"></td><td style="display: none;"></td><td style="display: none;"></td><td style="display: none;">Notre Vin Maison</td><td style="display: none;"><a class="recipeLink" href="/recipe_ingredient_search_results.php?query=(_QU5E__1__________160__[]_1_1)&amp;sos_l=fr">Recettes avec vin rouge</a></td></tr><tr role="row" class="odd"><td tabindex="0"><i class="fa fa-thumbs-up"></i></td><td class=" not_printable"><div class="addToGL" data-soscuisine-aisle="11" data-soscuisine-sip="3939733"><i class="fa fa-cart-plus" title="Ajouter à ma liste d'épicerie"></i><div></div></div></td><td><img class="storeItemImage" alt="vin rouge" src="/media/images/store_item/blank.jpg"></td><td>vin rouge</td><td class="not_printable sorting_1">bières, vins &amp; spiritueux</td><td><img style="width:50%;" src="/media/images/logos/marchands/3.png" alt="IGA"></td><td><span itemprop="price">16,00 $</span><span itemprop="eligibleQuantity" itemscope="" itemtype="http://schema.org/QuantitativeValue">/<span itemprop="value">2</span>x<span itemprop="unitText">750mL</span></span></td><td>1,07 $/100mL</td><td style="display: none;">2020-02-26</td><td style="display: none;"></td><td style="display: none;">marques variées</td><td style="display: none;"></td><td style="display: none;"></td><td style="display: none;"></td><td style="display: none;"></td><td style="display: none;"></td><td style="display: none;"><a class="recipeLink" href="/recipe_ingredient_search_results.php?query=(_QU5E__1__________160__[]_1_1)&amp;sos_l=fr">Recettes avec vin rouge</a></td></tr><tr role="row" class="even"><td tabindex="0"><i class="fas fa-hand-rock"></i></td><td class=" not_printable"><div class="addToGL" data-soscuisine-aisle="11" data-soscuisine-sip="3939735"><i class="fa fa-cart-plus" title="Ajouter à ma liste d'épicerie"></i><div></div></div></td><td><img class="storeItemImage" alt="vin rouge" src="/media/images/store_item/blank.jpg"></td><td>vin rouge</td><td class="not_printable sorting_1">bières, vins &amp; spiritueux</td><td><img style="width:50%;" src="/media/images/logos/marchands/3.png" alt="IGA"></td><td><span itemprop="price">9,99 $</span><span itemprop="eligibleQuantity" itemscope="" itemtype="http://schema.org/QuantitativeValue">/<span itemprop="unitText">750mL</span></span></td><td>1,33 $/100mL</td><td style="display: none;">2020-02-26</td><td style="display: none;"></td><td style="display: none;">marques variées</td><td style="display: none;"></td><td style="display: none;"></td><td style="display: none;"></td><td style="display: none;"></td><td style="display: none;"></td><td style="display: none;"><a class="recipeLink" href="/recipe_ingredient_search_results.php?query=(_QU5E__1__________160__[]_1_1)&amp;sos_l=fr">Recettes avec vin rouge</a></td></tr><tr role="row" class="odd"><td tabindex="0"><i class="fa fa-thumbs-up"></i></td><td class=" not_printable"><div class="addToGL" data-soscuisine-aisle="11" data-soscuisine-sip="3938659"><i class="fa fa-cart-plus" title="Ajouter à ma liste d'épicerie"></i><div></div></div></td><td><img class="storeItemImage" alt="vin rouge" src="/media/images/store_item/blank.jpg"></td><td>vin rouge</td><td class="not_printable sorting_1">bières, vins &amp; spiritueux</td><td><img style="width:50%;" src="/media/images/logos/marchands/69.png" alt="Intermarché (Provincial)"></td><td><span itemprop="price">10,49 $</span><span itemprop="eligibleQuantity" itemscope="" itemtype="http://schema.org/QuantitativeValue">/<span itemprop="unitText">1L</span></span></td><td>1,05 $/100mL</td><td style="display: none;">2020-02-26</td><td style="display: none;"></td><td style="display: none;"></td><td style="display: none;"></td><td style="display: none;"></td><td style="display: none;"></td><td style="display: none;"></td><td style="display: none;">Notre Vin Maison</td><td style="display: none;"><a class="recipeLink" href="/recipe_ingredient_search_results.php?query=(_QU5E__1__________160__[]_1_1)&amp;sos_l=fr">Recettes avec vin rouge</a></td></tr><tr role="row" class="even"><td tabindex="0"><i class="fas fa-hand-rock"></i></td><td class=" not_printable"><div class="addToGL" data-soscuisine-aisle="11" data-soscuisine-sip="3938655"><i class="fa fa-cart-plus" title="Ajouter à ma liste d'épicerie"></i><div></div></div></td><td><img class="storeItemImage" alt="vin rouge" src="/media/images/store_item/blank.jpg"></td><td>vin rouge</td><td class="not_printable sorting_1">bières, vins &amp; spiritueux</td><td><img style="width:50%;" src="/media/images/logos/marchands/69.png" alt="Intermarché (Provincial)"></td><td><span itemprop="price">9,59 $</span><span itemprop="eligibleQuantity" itemscope="" itemtype="http://schema.org/QuantitativeValue">/<span itemprop="unitText">750mL</span></span></td><td>1,28 $/100mL</td><td style="display: none;">2020-02-26</td><td style="display: none;"></td><td style="display: none;"></td><td style="display: none;"></td><td style="display: none;"></td><td style="display: none;"></td><td style="display: none;"></td><td style="display: none;">Keep Calm</td><td style="display: none;"><a class="recipeLink" href="/recipe_ingredient_search_results.php?query=(_QU5E__1__________160__[]_1_1)&amp;sos_l=fr">Recettes avec vin rouge</a></td></tr><tr role="row" class="odd"><td tabindex="0"><i class="fa fa-thumbs-up"></i></td><td class=" not_printable"><div class="addToGL" data-soscuisine-aisle="11" data-soscuisine-sip="3938433"><i class="fa fa-cart-plus" title="Ajouter à ma liste d'épicerie"></i><div></div></div></td><td><img class="storeItemImage" alt="vin rouge" src="/media/images/store_item/blank.jpg"></td><td>vin rouge</td><td class="not_printable sorting_1">bières, vins &amp; spiritueux</td><td><img style="width:50%;" src="/media/images/logos/marchands/7.png" alt="Intermarché (Saveurs intl.)"></td><td><span itemprop="price">10,49 $</span><span itemprop="eligibleQuantity" itemscope="" itemtype="http://schema.org/QuantitativeValue">/<span itemprop="unitText">1L</span></span></td><td>1,05 $/100mL</td><td style="display: none;">2020-02-26</td><td style="display: none;"></td><td style="display: none;"></td><td style="display: none;"></td><td style="display: none;"></td><td style="display: none;"></td><td style="display: none;"></td><td style="display: none;">Notre Vin Maison</td><td style="display: none;"><a class="recipeLink" href="/recipe_ingredient_search_results.php?query=(_QU5E__1__________160__[]_1_1)&amp;sos_l=fr">Recettes avec vin rouge</a></td></tr><tr role="row" class="even"><td tabindex="0"><i class="fas fa-hand-rock"></i></td><td class=" not_printable"><div class="addToGL" data-soscuisine-aisle="11" data-soscuisine-sip="3938429"><i class="fa fa-cart-plus" title="Ajouter à ma liste d'épicerie"></i><div></div></div></td><td><img class="storeItemImage" alt="vin rouge" src="/media/images/store_item/blank.jpg"></td><td>vin rouge</td><td class="not_printable sorting_1">bières, vins &amp; spiritueux</td><td><img style="width:50%;" src="/media/images/logos/marchands/7.png" alt="Intermarché (Saveurs intl.)"></td><td><span itemprop="price">9,59 $</span><span itemprop="eligibleQuantity" itemscope="" itemtype="http://schema.org/QuantitativeValue">/<span itemprop="unitText">750mL</span></span></td><td>1,28 $/100mL</td><td style="display: none;">2020-02-26</td><td style="display: none;"></td><td style="display: none;"></td><td style="display: none;"></td><td style="display: none;"></td><td style="display: none;"></td><td style="display: none;"></td><td style="display: none;">Keep Calm</td><td style="display: none;"><a class="recipeLink" href="/recipe_ingredient_search_results.php?query=(_QU5E__1__________160__[]_1_1)&amp;sos_l=fr">Recettes avec vin rouge</a></td></tr><tr role="row" class="odd"><td tabindex="0"><i class="fa fa-thumbs-up"></i><i class="fa fa-thumbs-up"></i></td><td class=" not_printable"><div class="addToGL" data-soscuisine-aisle="11" data-soscuisine-sip="3938273"><i class="fa fa-cart-plus" title="Ajouter à ma liste d'épicerie"></i><div></div></div></td><td><img class="storeItemImage" alt="vin rouge" src="/media/images/store_item/blank.jpg"></td><td>vin rouge</td><td class="not_printable sorting_1">bières, vins &amp; spiritueux</td><td><img style="width:50%;" src="/media/images/logos/marchands/2.png" alt="Provigo"></td><td><span itemprop="price">18,00 $</span><span itemprop="eligibleQuantity" itemscope="" itemtype="http://schema.org/QuantitativeValue">/<span itemprop="value">2</span>x<span itemprop="unitText">1L</span></span></td><td>0,90 $/100mL</td><td style="display: none;">2020-02-26</td><td style="display: none;"></td><td style="display: none;"></td><td style="display: none;"></td><td style="display: none;"></td><td style="display: none;"></td><td style="display: none;"></td><td style="display: none;">Selection Chatenois, Marquis de Mericourt, Mystery Road</td><td style="display: none;"><a class="recipeLink" href="/recipe_ingredient_search_results.php?query=(_QU5E__1__________160__[]_1_1)&amp;sos_l=fr">Recettes avec vin rouge</a></td></tr><tr role="row" class="even"><td tabindex="0"><i class="fa fa-thumbs-up"></i><i class="fa fa-thumbs-up"></i></td><td class=" not_printable"><div class="addToGL" data-soscuisine-aisle="11" data-soscuisine-sip="3938265"><i class="fa fa-cart-plus" title="Ajouter à ma liste d'épicerie"></i><div></div></div></td><td><img class="storeItemImage" alt="vin rouge" src="/media/images/store_item/blank.jpg"></td><td>vin rouge</td><td class="not_printable sorting_1">bières, vins &amp; spiritueux</td><td><img style="width:50%;" src="/media/images/logos/marchands/2.png" alt="Provigo"></td><td><span itemprop="price">9,79 $</span><span itemprop="eligibleQuantity" itemscope="" itemtype="http://schema.org/QuantitativeValue">/<span itemprop="unitText">1L</span></span></td><td>0,98 $/100mL</td><td style="display: none;">2020-02-26</td><td style="display: none;"></td><td style="display: none;"></td><td style="display: none;"></td><td style="display: none;"></td><td style="display: none;"></td><td style="display: none;"></td><td style="display: none;">Selection Chatenois, Marquis de Mericourt, Mystery Road</td><td style="display: none;"><a class="recipeLink" href="/recipe_ingredient_search_results.php?query=(_QU5E__1__________160__[]_1_1)&amp;sos_l=fr">Recettes avec vin rouge</a></td></tr><tr role="row" class="odd"><td tabindex="0"><i class="fa fa-thumbs-up"></i></td><td class=" not_printable"><div class="addToGL" data-soscuisine-aisle="11" data-soscuisine-sip="3938279"><i class="fa fa-cart-plus" title="Ajouter à ma liste d'épicerie"></i><div></div></div></td><td><img class="storeItemImage" alt="vin rouge" src="/media/images/store_item/blank.jpg"></td><td>vin rouge</td><td class="not_printable sorting_1">bières, vins &amp; spiritueux</td><td><img style="width:50%;" src="/media/images/logos/marchands/2.png" alt="Provigo"></td><td><span itemprop="price">10,99 $</span><span itemprop="eligibleQuantity" itemscope="" itemtype="http://schema.org/QuantitativeValue">/<span itemprop="unitText">1L</span></span></td><td>1,10 $/100mL</td><td style="display: none;">2020-02-26</td><td style="display: none;"></td><td style="display: none;"></td><td style="display: none;"></td><td style="display: none;"></td><td style="display: none;"></td><td style="display: none;"></td><td style="display: none;">Toro Loco</td><td style="display: none;"><a class="recipeLink" href="/recipe_ingredient_search_results.php?query=(_QU5E__1__________160__[]_1_1)&amp;sos_l=fr">Recettes avec vin rouge</a></td></tr><tr role="row" class="even"><td tabindex="0"><i class="fa fa-thumbs-up"></i><i class="fa fa-thumbs-up"></i></td><td class=" not_printable"><div class="addToGL" data-soscuisine-aisle="11" data-soscuisine-sip="3940683"><i class="fa fa-cart-plus" title="Ajouter à ma liste d'épicerie"></i><div></div></div></td><td><img class="storeItemImage" alt="vin rouge" src="/media/images/store_item/blank.jpg"></td><td>vin rouge</td><td class="not_printable sorting_1">bières, vins &amp; spiritueux</td><td><img style="width:50%;" src="/media/images/logos/marchands/5.png" alt="Super C"></td><td><span itemprop="price">20,00 $</span><span itemprop="eligibleQuantity" itemscope="" itemtype="http://schema.org/QuantitativeValue">/<span itemprop="value">2</span>x<span itemprop="unitText">1L</span></span></td><td>1,00 $/100mL</td><td style="display: none;">2020-02-26</td><td style="display: none;"></td><td style="display: none;"></td><td style="display: none;"></td><td style="display: none;"></td><td style="display: none;"></td><td style="display: none;"></td><td style="display: none;">Marquis de Méricourt, Nicolas Laloux</td><td style="display: none;"><a class="recipeLink" href="/recipe_ingredient_search_results.php?query=(_QU5E__1__________160__[]_1_1)&amp;sos_l=fr">Recettes avec vin rouge</a></td></tr><tr role="row" class="odd"><td tabindex="0"><i class="fas fa-hand-rock"></i></td><td class=" not_printable"><div class="addToGL" data-soscuisine-aisle="11" data-soscuisine-sip="3940685"><i class="fa fa-cart-plus" title="Ajouter à ma liste d'épicerie"></i><div></div></div></td><td><img class="storeItemImage" alt="vin rouge" src="/media/images/store_item/blank.jpg"></td><td>vin rouge</td><td class="not_printable sorting_1">bières, vins &amp; spiritueux</td><td><img style="width:50%;" src="/media/images/logos/marchands/5.png" alt="Super C"></td><td><span itemprop="price">20,00 $</span><span itemprop="eligibleQuantity" itemscope="" itemtype="http://schema.org/QuantitativeValue">/<span itemprop="value">2</span>x<span itemprop="unitText">750mL</span></span></td><td>1,33 $/100mL</td><td style="display: none;">2020-02-26</td><td style="display: none;"></td><td style="display: none;"></td><td style="display: none;"></td><td style="display: none;"></td><td style="display: none;"></td><td style="display: none;"></td><td style="display: none;">Bodacious</td><td style="display: none;"><a class="recipeLink" href="/recipe_ingredient_search_results.php?query=(_QU5E__1__________160__[]_1_1)&amp;sos_l=fr">Recettes avec vin rouge</a></td></tr></tbody>
                </table><div class="dataTables_info" id="example_info" role="status" aria-live="polite">Affichage des résultats 1 à 1,525 sur un total de 1,526</div><div class="dataTables_paginate paging_simple_numbers"><a class="paginate_button previous disabled" aria-controls="example" data-dt-idx="0" tabindex="0">&lt;&lt;</a><span><a class="paginate_button current" aria-controls="example" data-dt-idx="1" tabindex="0">1</a></span><a class="paginate_button next disabled" aria-controls="example" data-dt-idx="2" tabindex="0">&gt;&gt;</a></div></div>
            </div>
        </div>
    </div>
</div>
<script>
  var dataTableDeferLoading = 155;
</script>
<div class="row sios-legend" id="legend">
    <div class="col-xs-12 col-sm-12 col-md-12 col-lg-12" style="text-align: center;text-decoration: underline;">
        LÉGENDE:
    </div>
    <div class="col-xs-1 col-sm-1 col-md-1 col-lg-1"></div>
    <div class="col-xs-12 col-sm-2 col-md-2 col-lg-2">
        <div class="very-light-grey-bg legend-box">
            <b>Très avantageux</b>
            <i class="fa fa-thumbs-up right"></i><i class="fa fa-thumbs-up right"></i><br>
            Ce produit n'est presque jamais moins cher à ce moment de l'année dans votre région - Profitez-en!        </div>
    </div>
    <div class="col-xs-12 col-sm-2 col-md-2 col-lg-2">
        <div class="very-light-grey-bg legend-box">
            <b>Avantageux</b>
            <i class="fa fa-thumbs-up right"></i><br>
            Ce produit est rarement moins cher à ce moment de l'année dans votre région - Profitez-en!        </div>
    </div>
    <div class="col-xs-12 col-sm-2 col-md-2 col-lg-2">
        <div class="very-light-grey-bg legend-box">
            <b>Couci-couça</b>
            <i class="fas fa-hand-rock right"></i><br>
            Le prix est dans la moyenne pour ce moment de l'année dans votre région.        </div>
    </div>
    <div class="col-xs-12 col-sm-2 col-md-2 col-lg-2">
        <div class="very-light-grey-bg legend-box">
            <b>Cher</b>
            <i class="fa fa-thumbs-down right"></i><br>
            Ce produit est souvent moins cher à ce moment de l'année dans votre région - Achetez-le si la qualité le justifie ou si vous en avez vraiment besoin.        </div>
    </div>
    <div class="col-xs-12 col-sm-2 col-md-2 col-lg-2">
        <div class="very-light-grey-bg legend-box">
            <b>
                Non qualifiable            </b>
            <i class="fas fa-exclamation right"></i>
            <i class="fas fa-circle right" style="padding-right:5px"></i><br>
            Ce prix ne peut être qualifié, soit parce-que les informations fournies par le marchand sont incomplètes (<i class="fas fa-circle"></i>), soit parce-que l'historique de prix est insuffisant (<i class="fas fa-exclamation"></i>).        </div>
    </div>
    <div class="col-xs-1 col-sm-1 col-md-1 col-lg-1"></div>
</div>
<script src="/wp-content/themes/soscuisinewp/js/sios-page.js?12=19"></script>
<!-- FIN TUTORIAL -->
<div id="newsletterPopup">
    <div class="popupContent">
        <div class="newsletterPopupContent">
            <p class="newsletterPopupSubtitle">
                Notre infolettre hebdomadaire inclut :            </p>
            <ul class="newsletterInclusion">
	            <li>Votre nouveau menu</li>
<li>Recettes, conseils nutrition et alimentation</li>
<li>Occasionnellement, des promotions sur les produits et services de SOSCuisine et de certains partenaires de confiance</li>
<li>Occasionnellement, des invitations à aider la recherche universitaire en répondant à des sondages ou études</li>
<li>Votre adresse email ne sera jamais transmise à des tiers et vous pourrez retirer votre consentement à tout moment.</li></ul>
<div class="sosCuisineAddress">SOSCuisine, 3470 Stanley, bureau 1605, Montréal, QC, H3A 1R9, Canada.</div>            <form id="NLFooterForm" class="feedback-form" action="/" method="POST" name="NLFooterForm">
                <fieldset style="padding-bottom: 0px; padding-top: 0px;">
                    <input class="nLSubscriberEmail" type="email" placeholder="Saisissez votre email" name="email">
                    <input class="nLLanguage" type="hidden" name="language" value="fr">
                </fieldset>
                <div class="NLhidden emailExist">
                    <p>
                        Ce courriel existe déjà                    </p>
                </div>
                <div class="NLhidden alreadyMember">
                    <p>
                        Vous êtes déjà un membre de SOSCuisine                    </p>
                </div>
                <div class="NLhidden randomError">
                    <p>
	                    Une erreur s'est produite                    </p>
                </div>
                <div class="NLhidden newsletterInscriptionSuccess">
                    <p>
	                    Vous êtes maintenant abonné à notre info-lettre                    </p>
                </div>
                <div class="NLbuttons">
                    <a class="cancelButton" id="close">
                        Fermer                    </a>
                    <button class="validButton" value="send" type="submit" id="confirm">
	                    Confirmer                    </button>
                </div>
            </form>
        </div>
    </div>
</div>
</main>
	</div><div id="_atssh" style="visibility: hidden; height: 1px; width: 1px; position: absolute; top: -9999px; z-index: 100000;"><iframe id="_atssh183" title="AddThis utility frame" style="height: 1px; width: 1px; position: absolute; top: 0px; z-index: 100000; border: 0px; left: 0px; overflow: hidden;" scrolling="no" src="https://s7.addthis.com/static/sh.f48a1a04fe8dbf021b4cda1d.html#rand=0.45764962857188807&amp;iit=1582343349694&amp;tmr=load%3D1582343349405%26core%3D1582343349416%26main%3D1582343349692%26ifr%3D1582343349695&amp;cb=0&amp;cdn=0&amp;md=0&amp;kw=&amp;ab=-&amp;dh=www.soscuisine.com&amp;dr=&amp;du=https%3A%2F%2Fwww.soscuisine.com%2Fspeciaux-circulaires%2F%3Flang%3Dfr&amp;href=https%3A%2F%2Fwww.soscuisine.com%2Fspeciaux-circulaires%2F&amp;dt=Comparateur%20des%20sp%C3%A9ciaux%20des%20circulaires%20au%20Canada&amp;dbg=0&amp;cap=tc%3D0%26ab%3D0&amp;inst=1&amp;jsl=129&amp;prod=undefined&amp;lng=en&amp;ogt=site_name%2Curl%2Ctype%3Darticle%2Clocale%2Cimage&amp;pc=wpp&amp;pub=SOSCuisine&amp;ssl=1&amp;sid=5e50a4b5b4814eea&amp;srf=0.01&amp;ver=300&amp;xck=0&amp;xtr=0&amp;og=image%3D%26locale%3Dfr_FR%26type%3Darticle%26url%3Dhttps%253A%252F%252Fwww.soscuisine.com%252Fspeciaux-circulaires%252F%253Flang%253Dfr%26site_name%3DSOSCuisine&amp;csi=undefined&amp;rev=v8.28.3-wp&amp;ct=1&amp;xld=1&amp;xd=1"></iframe></div><style id="service-icons-0"></style>
	<div id="fb-root" class=" fb_reset"><div style="position: absolute; top: -10000px; width: 0px; height: 0px;"><div></div></div></div>
<script src="/wp-content/themes/soscuisinewp/js/bootstrap.min.js"></script>
<script src="/wp-content/themes/soscuisinewp/js/footer-enhanced.js"></script>
	<!-- include jQuery library -->
<script type="text/javascript" src="https://www.soscuisine.com/wp-content/themes/soscuisinewp/js/min/jquery-ui.min.js"></script>
<script src="//www.google-analytics.com/analytics.js"></script>
	<!-- include bootstrap JavaScript -->
	<script type="text/javascript" src="https://www.soscuisine.com/wp-content/themes/soscuisinewp/js/jquery.main.js?01=13"></script>
<script>(function(d, s, id) {
  var js, fjs = d.getElementsByTagName(s)[0];
  if (d.getElementById(id)) return;
  js = d.createElement(s); js.id = id;
  js.src = "//connect.facebook.net/fr_CA/sdk.js#xfbml=1&version=v2.5";
  fjs.parentNode.insertBefore(js, fjs);
}(document, 'script', 'facebook-jssdk'));</script>
 <!-- Instagram Feed JS -->
<script type="text/javascript">
var sbiajaxurl = "https://www.soscuisine.com/wp-admin/admin-ajax.php";
</script>
<script type="text/javascript" src="https://www.soscuisine.com/wp-content/plugins/wpsocialite/Socialite/socialite.min.js?ver=2.0"></script>
<script type="text/javascript" src="https://www.soscuisine.com/wp-content/plugins/wpsocialite/wpsocialite.js?ver=1.0"></script>
<script type="text/javascript" src="https://www.soscuisine.com/wp-content/plugins/zingtree/js/zt-popup-modal.js?ver=4.9.8"></script><div id="zt-modal" style="display: none; position: fixed; z-index: 1; top: 0px; right: 0px; bottom: 0px; left: 0px; width: 100%; height: 100%; overflow: auto scroll; background-color: rgba(0, 0, 0, 0.4); outline: 0px;">    <div id="zt-modal-content" style="background-color: rgb(254, 254, 254); margin: 3% auto; padding: 20px; border: 1px solid rgb(136, 136, 136); width: 66%;">        <a onclick="close_popup();"><span class="close" id="zt-popup-close" style="color: red; float: right; font-size: 28px; font-weight: bold;">×</span></a>        <iframe id="zt-popup" seamless="" frameborder="0" width="100%" height="1" scrolling="no" style="overflow: hidden;"></iframe>    </div></div>
<script type="text/javascript" src="https://www.soscuisine.com/wp-content/plugins/wp-jquery-lightbox/jquery.touchwipe.min.js?ver=1.4.6"></script>
<script type="text/javascript">
/* <![CDATA[ */
var JQLBSettings = {"showTitle":"1","showCaption":"0","showNumbers":"0","fitToScreen":"0","resizeSpeed":"400","showDownload":"0","navbarOnTop":"0","marginSize":"0","slideshowSpeed":"4000","prevLinkTitle":"Image pr\u00e9c\u00e9dente","nextLinkTitle":"Image suivante","closeTitle":"fermer la galerie","image":"Image ","of":" sur ","download":"T\u00e9l\u00e9charger","pause":"(pause slideshow)","play":"(play slideshow)"};
/* ]]> */
</script>
<script type="text/javascript" src="https://www.soscuisine.com/wp-content/plugins/wp-jquery-lightbox/jquery.lightbox.min.js?ver=1.4.6"></script>
<script type="text/javascript" src="https://www.soscuisine.com/wp-includes/js/wp-embed.min.js?ver=4.9.8"></script>
<script type="text/javascript">Socialite.setup({facebook:{lang:'fr_FR',appId:null},twitter:{lang:'fr'},googleplus:{lang:'fr'},vkontakte:{apiId:''}});</script>
     <footer id="footer" class="not_printable">
         <div class="footer-holder">
             <div class="topFooter">
                     <a href="/contactez-nous">
                         <div class="col-md-4 topFooterSection">
                             <h4>
					             Service à la clientèle                             </h4>
                             <p class="topFooterContent">
                                 <i class="fa fa-question-circle helpIcon"></i>
					             Besoin d'aide ou de nous contacter ?                             </p>
                         </div>
                     </a>
	                                  <div class="col-md-4 topFooterSection"></div>
	                              <div class="col-md-4 topFooterSection">
                     <h4>Suivez-nous</h4>
                     <p class="rsIcons">
                         <a href="http://www.facebook.com/soscuisine" class="rsIcon">
                             <i class="fab fa-facebook-square facebook"></i>
                         </a>
                         <a href="https://instagram.com/sos_cuisine/" class="rsIcon">
                            <i class="fab fa-instagram instagram"></i>
                         </a>
                         <a href="https://www.pinterest.com/soscuisine/" class="rsIcon">
                            <i class="fab fa-pinterest-square pinterest"></i>
                         </a>
                         <a href="https://twitter.com/SOSCuisineFR" class="rsIcon">
                            <i class="fab fa-twitter-square twitter"></i>
                         </a>
                         <a href="/en/blog" class="rsIcon">
                            <i class="fas fa-rss-square rss"></i>
                         </a>
                         <a href="https://www.youtube.com/channel/UCud_Q82_WtTZmKsp5i4gcJA" class="rsIconYT">
                             <i class="fab fa-youtube youtube"></i>
                         </a>
                     </p>
                 </div>
             </div>
         </div>
         <div class="bottomFooter">
             <div class="footer-columns" data-url="/footer-legacy/?lang=fr">
                 <div class="col"><strong class="title">À Propos</strong><div class="item-slide"><ul id="menu-a-propos" class="list-links"><li id="menu-item-59585" class="list-header-alt menu-item menu-item-type-post_type menu-item-object-page menu-item-59585"><a href="https://www.soscuisine.com/entreprise/?lang=fr">À propos</a></li>
<li id="menu-item-59589" class="list-header-alt menu-item menu-item-type-post_type menu-item-object-page menu-item-59589"><a href="https://www.soscuisine.com/equipe-direction/?lang=fr">Direction</a></li>
<li id="menu-item-59587" class="list-header-alt menu-item menu-item-type-post_type menu-item-object-page menu-item-59587"><a href="https://www.soscuisine.com/equipe-nutrition/?lang=fr">Nutrition</a></li>
<li id="menu-item-251" class="menu-item menu-item-type-custom menu-item-object-custom menu-item-251"><a href="/fr/contact">Contactez-nous</a></li>
<li id="menu-item-59591" class="list-header-alt menu-item menu-item-type-post_type menu-item-object-page menu-item-59591"><a href="https://www.soscuisine.com/carrieres/?lang=fr">Carrières</a></li>
</ul></div></div><div class="col"><strong class="title">Services</strong><div class="item-slide"><ul id="menu-services" class="list-links"><li id="menu-item-59549" class="menu-item menu-item-type-post_type menu-item-object-page menu-item-59549"><a href="https://www.soscuisine.com/temoignages/?lang=fr">Témoignages</a></li>
<li id="menu-item-259" class="menu-item menu-item-type-custom menu-item-object-custom menu-item-259"><a href="/fr/faq">FAQ</a></li>
<li id="menu-item-60385" class="menu-item menu-item-type-post_type menu-item-object-page menu-item-60385"><a href="https://www.soscuisine.com/fonctionnalites/?lang=fr">Fonctionnalités</a></li>
<li class="menu-item menu-item-type-post_type menu-item-object-page menu-item-55767"><a href="https://www.soscuisine.com/livre/?lang=fr">Livres</a></li>
</ul></div></div><div class="col"><strong class="title">Media</strong><div class="item-slide"><ul id="menu-medias" class="list-links"><li id="menu-item-252" class="menu-item menu-item-type-custom menu-item-object-custom menu-item-252"><a href="/dossier-de-presse">Dossier de presse</a></li>
<li id="menu-item-253" class="menu-item menu-item-type-custom menu-item-object-custom menu-item-253"><a href="/couverture-media">Couverture média</a></li>
<li id="menu-item-254" class="menu-item menu-item-type-custom menu-item-object-custom menu-item-254"><a href="/communiques-de-presse">Communiqués de presse</a></li>
<li id="menu-item-255" class="menu-item menu-item-type-custom menu-item-object-custom menu-item-255"><a href="/annoncer">Annoncer</a></li>
</ul></div></div><div class="col"><strong class="title">Partenaires</strong><div class="item-slide"><ul id="menu-partenaires" class="list-links"><li id="menu-item-260" class="menu-item menu-item-type-custom menu-item-object-custom menu-item-260"><a href="/partenaires">Nos partenaires</a></li>
<li id="menu-item-261" class="menu-item menu-item-type-custom menu-item-object-custom menu-item-261"><a href="/partenaires/devenir-partenaire/?lang=fr">Devenir Partenaire</a></li>
<li id="menu-item-262" class="menu-item menu-item-type-custom menu-item-object-custom menu-item-262"><a href="/professionnels/">Professionnels de la santé</a></li>
</ul></div></div>                                                  </div>
             <p class="item-list copyrightSection" itemscope="" itemtype="https://schema.org/Organization">
                 © 2005-2020 <span itemprop="legalName">Sukha Technologies Inc</span>.
                 <span itemprop="brand" itemscope="" itemtype="https://schema.org/Brand">
                     <span itemprop="name">SOS Cuisine</span>. Tous droits réservés.                 </span>
                 <a href="/conditions-utilisation">
			          Conditions d'utilisation                 </a>
                 <a href="/politique-de-confidentialite">
			         Confidentialité                 </a>
             </p>
             <!-- Instagram Feed JS -->
<script type="text/javascript">
var sbiajaxurl = "https://www.soscuisine.com/wp-admin/admin-ajax.php";
</script>
<script type="text/javascript">Socialite.setup({facebook:{lang:'fr_FR',appId:null},twitter:{lang:'fr'},googleplus:{lang:'fr'},vkontakte:{apiId:''}});</script>         </div>
     </footer>
        


<div role="log" aria-live="assertive" aria-relevant="additions" class="ui-helper-hidden-accessible"></div><div role="log" aria-live="assertive" aria-relevant="additions" class="ui-helper-hidden-accessible"></div><div role="log" aria-live="assertive" aria-relevant="additions" class="ui-helper-hidden-accessible"></div><div role="log" aria-live="assertive" aria-relevant="additions" class="ui-helper-hidden-accessible"></div><div role="log" aria-live="assertive" aria-relevant="additions" class="ui-helper-hidden-accessible"></div><div role="log" aria-live="assertive" aria-relevant="additions" class="ui-helper-hidden-accessible"></div><div role="log" aria-live="assertive" aria-relevant="additions" class="ui-helper-hidden-accessible"></div><div role="log" aria-live="assertive" aria-relevant="additions" class="ui-helper-hidden-accessible"></div><div role="log" aria-live="assertive" aria-relevant="additions" class="ui-helper-hidden-accessible"></div><div role="log" aria-live="assertive" aria-relevant="additions" class="ui-helper-hidden-accessible"></div><div role="log" aria-live="assertive" aria-relevant="additions" class="ui-helper-hidden-accessible"></div><div role="log" aria-live="assertive" aria-relevant="additions" class="ui-helper-hidden-accessible"></div><div role="log" aria-live="assertive" aria-relevant="additions" class="ui-helper-hidden-accessible"></div><div role="log" aria-live="assertive" aria-relevant="additions" class="ui-helper-hidden-accessible"></div><div role="log" aria-live="assertive" aria-relevant="additions" class="ui-helper-hidden-accessible"></div><div role="log" aria-live="assertive" aria-relevant="additions" class="ui-helper-hidden-accessible"></div><div role="log" aria-live="assertive" aria-relevant="additions" class="ui-helper-hidden-accessible"></div><div role="log" aria-live="assertive" aria-relevant="additions" class="ui-helper-hidden-accessible"></div><div role="log" aria-live="assertive" aria-relevant="additions" class="ui-helper-hidden-accessible"></div><div role="log" aria-live="assertive" aria-relevant="additions" class="ui-helper-hidden-accessible"></div><div role="log" aria-live="assertive" aria-relevant="additions" class="ui-helper-hidden-accessible"></div><div role="log" aria-live="assertive" aria-relevant="additions" class="ui-helper-hidden-accessible"></div><div role="log" aria-live="assertive" aria-relevant="additions" class="ui-helper-hidden-accessible"></div><div role="log" aria-live="assertive" aria-relevant="additions" class="ui-helper-hidden-accessible"></div><div role="log" aria-live="assertive" aria-relevant="additions" class="ui-helper-hidden-accessible"></div></body></html>