<html lang="en-US" xmlns:fb="https://www.facebook.com/2008/fbml" xmlns:addthis="https://www.addthis.com/help/api-spec" prefix="og: http://ogp.me/ns#" class=""><head><script src="https://connect.facebook.net/en_US/sdk.js?hash=4a90b5eb3c508c9f582019334f79cb81&amp;ua=modern_es6" async="" crossorigin="anonymous"></script><script type="text/javascript" src="https://m.addthis.com/live/red_lojson/300lo.json?si=5e50a43640444bd3&amp;bkl=0&amp;bl=1&amp;pdt=679&amp;sid=5e50a43640444bd3&amp;pub=SOSCuisine&amp;rev=v8.28.3-wp&amp;ln=en&amp;pc=wpp&amp;cb=0&amp;ab=-&amp;dp=www.soscuisine.com&amp;fp=grocery-flyers%2F&amp;fr=&amp;of=0&amp;pd=0&amp;irt=1&amp;vcl=1&amp;md=0&amp;ct=1&amp;tct=0&amp;abt=0&amp;cdn=0&amp;pi=1&amp;rb=0&amp;gen=100&amp;chr=UTF-8&amp;colc=1582343222343&amp;wpv=wpp-6.1.7&amp;wpbv=4.9.8&amp;addthis_plugin_info=%7B%22info_status%22%3A%22enabled%22%2C%22cms_name%22%3A%22WordPress%22%2C%22plugin_name%22%3A%22Share%20Buttons%20by%20AddThis%22%2C%22plugin_version%22%3A%226.1.7%22%2C%22plugin_mode%22%3A%22WordPress%22%2C%22anonymous_profile_id%22%3A%22wp-9c7386656930881e2a47c81c3951069f%22%2C%22page_info%22%3A%7B%22template%22%3A%22pages%22%2C%22post_type%22%3A%22%22%7D%2C%22sharing_enabled_on_post_via_metabox%22%3Afalse%7D&amp;jsl=1&amp;uvs=5e50a2f5bd90d24201c&amp;skipb=1&amp;callback=addthis.cbs.jsonp__74703928446896170"></script><script id="facebook-jssdk" src="//connect.facebook.net/en_US/sdk.js#xfbml=1&amp;version=v2.5"></script><script type="text/javascript" src="https://z.moatads.com/addthismoatframe568911941483/moatframe.js"></script>
		<!-- set the encoding of your site -->
	<meta charset="UTF-8">
	<!-- set the viewport width and initial-scale on mobile devices -->
	<meta name="viewport" content="width=device-width, initial-scale=1">
	<title>
		Flyer Specials	</title>
	<meta property="og:image" content="">	<link rel="apple-touch-icon" href="https://www.soscuisine.com/wp-content/themes/soscuisinewp/images/favicon.ico">
	<!-- include the site stylesheet -->
	<link media="all" rel="stylesheet" type="text/css" href="https://www.soscuisine.com/wp-content/themes/soscuisinewp/css/all.css">
		<link media="all" rel="stylesheet" type="text/css" href="https://www.soscuisine.com/wp-content/themes/soscuisinewp/css/bootstrap.min.css">
	<link rel="stylesheet" href="https://use.fontawesome.com/releases/v5.6.3/css/all.css" integrity="sha384-UHRtZLI+pbxtHCWp1t77Bi1L4ZtiqrqD80Kn4Z8NTSRyMA2Fd33n5dQ8lWUE00s/" crossorigin="anonymous">
	<link media="all" rel="stylesheet" type="text/css" href="https://www.soscuisine.com/wp-content/themes/soscuisinewp/style.css">
	<link media="all" rel="stylesheet" type="text/css" href="https://www.soscuisine.com/wp-content/themes/soscuisinewp/soswpresponsive.css">
	<link media="all" rel="stylesheet" type="text/css" href="https://www.soscuisine.com/wp-content/themes/soscuisinewp/container.css">
	<link media="all" rel="stylesheet" type="text/css" href="https://www.soscuisine.com/wp-content/themes/soscuisinewp/hockey.css">
	<link href="https://fonts.googleapis.com/css?family=Source+Sans+Pro:400,200italic,200,300,300italic,400italic,600,600italic,700,700italic,900,900italic" rel="stylesheet" type="text/css">
	<link href="https://fonts.googleapis.com/css?family=Open+Sans" rel="stylesheet" type="text/css">
	<link rel="stylesheet" type="text/css" href="https://www.soscuisine.com/wp-content/themes/soscuisinewp/css/jquery-ui-1.10.4.custom.css">
	<link rel="apple-touch-icon" href="/media/images/tomato.png">
	<link rel="stylesheet" type="text/css" href="/wp-content/themes/soscuisinewp/css/header-enhanced.css">
	<link rel="stylesheet" type="text/css" href="/wp-content/themes/soscuisinewp/css/footer-enhanced.css">
	<script async="" src="//www.google-analytics.com/analytics.js"></script><script type="text/javascript">
        var pathInfo = {
            base: 'https://www.soscuisine.com/wp-content/themes/soscuisinewp/',
            css: 'css/',
            js: 'js/',
            swf: 'swf/'
        }
        document.addEventListener("DOMContentLoaded", function (event) {
            // Gets a reference to the form element, assuming
            // it contains the id attribute "signup-form".
            var form = document.getElementById('siteSearchForm');

            // Adds a listener for the "submit" event.
            form.addEventListener('submit', function(event) {

                // Prevents the browser from submiting the form
                // and thus unloading the current page.
                event.preventDefault();

                // Sends the event to Google Analytics and
                // resubmits the form once the hit is done.
                ga('send', 'event', 'Search', 'Main Search', {
                    hitCallback: function() {
                        form.submit();
                    }
                });
            });
        });
	</script>
		<link rel="alternate" hreflang="fr-fr" href="https://www.soscuisine.com/speciaux-circulaires/?lang=fr">
<link rel="alternate" hreflang="en-us" href="https://www.soscuisine.com/grocery-flyers/">

<!-- This site is optimized with the Yoast SEO plugin v8.4 - https://yoast.com/wordpress/plugins/seo/ -->
<meta name="description" content="Compare side-by-side the Grocery Flyers of your preferred supermarkets. See which items on sale ones are TRUE bargains, and which ones are not!">
<link rel="canonical" href="https://www.soscuisine.com/grocery-flyers/">
<meta property="og:locale" content="en_US">
<meta property="og:type" content="article">
<meta property="og:url" content="https://www.soscuisine.com/grocery-flyers/">
<meta property="og:site_name" content="SOSCuisine">
<meta property="article:publisher" content="https://www.facebook.com/soscuisine/">
<meta property="fb:app_id" content="144645645559356">
<meta name="twitter:card" content="summary">
<meta name="twitter:title" content="Flyer Specials">
<meta name="twitter:site" content="@SOSCuisine">
<meta name="twitter:creator" content="@SOSCuisine">
<script type="application/ld+json">{"@context":"https:\/\/schema.org","@type":"BreadcrumbList","itemListElement":[{"@type":"ListItem","position":1,"item":{"@id":"https:\/\/www.soscuisine.com\/","name":"Home"}},{"@type":"ListItem","position":2,"item":{"@id":"https:\/\/www.soscuisine.com\/grocery-flyers\/","name":"Grocery Flyers Wizard &#8211; Find the TRUE bargains"}}]}</script>
<!-- / Yoast SEO plugin. -->

<link rel="dns-prefetch" href="//ajax.googleapis.com">
<link rel="dns-prefetch" href="//s.w.org">
<link rel="alternate" type="application/rss+xml" title="SOSCuisine » Feed" href="https://www.soscuisine.com/feed/">
<link rel="alternate" type="application/rss+xml" title="SOSCuisine » Comments Feed" href="https://www.soscuisine.com/comments/feed/">
		<script type="text/javascript">
			window._wpemojiSettings = {"baseUrl":"https:\/\/s.w.org\/images\/core\/emoji\/11\/72x72\/","ext":".png","svgUrl":"https:\/\/s.w.org\/images\/core\/emoji\/11\/svg\/","svgExt":".svg","source":{"concatemoji":"https:\/\/www.soscuisine.com\/wp-includes\/js\/wp-emoji-release.min.js?ver=4.9.8"}};
			!function(a,b,c){function d(a,b){var c=String.fromCharCode;l.clearRect(0,0,k.width,k.height),l.fillText(c.apply(this,a),0,0);var d=k.toDataURL();l.clearRect(0,0,k.width,k.height),l.fillText(c.apply(this,b),0,0);var e=k.toDataURL();return d===e}function e(a){var b;if(!l||!l.fillText)return!1;switch(l.textBaseline="top",l.font="600 32px Arial",a){case"flag":return!(b=d([55356,56826,55356,56819],[55356,56826,8203,55356,56819]))&&(b=d([55356,57332,56128,56423,56128,56418,56128,56421,56128,56430,56128,56423,56128,56447],[55356,57332,8203,56128,56423,8203,56128,56418,8203,56128,56421,8203,56128,56430,8203,56128,56423,8203,56128,56447]),!b);case"emoji":return b=d([55358,56760,9792,65039],[55358,56760,8203,9792,65039]),!b}return!1}function f(a){var c=b.createElement("script");c.src=a,c.defer=c.type="text/javascript",b.getElementsByTagName("head")[0].appendChild(c)}var g,h,i,j,k=b.createElement("canvas"),l=k.getContext&&k.getContext("2d");for(j=Array("flag","emoji"),c.supports={everything:!0,everythingExceptFlag:!0},i=0;i<j.length;i++)c.supports[j[i]]=e(j[i]),c.supports.everything=c.supports.everything&&c.supports[j[i]],"flag"!==j[i]&&(c.supports.everythingExceptFlag=c.supports.everythingExceptFlag&&c.supports[j[i]]);c.supports.everythingExceptFlag=c.supports.everythingExceptFlag&&!c.supports.flag,c.DOMReady=!1,c.readyCallback=function(){c.DOMReady=!0},c.supports.everything||(h=function(){c.readyCallback()},b.addEventListener?(b.addEventListener("DOMContentLoaded",h,!1),a.addEventListener("load",h,!1)):(a.attachEvent("onload",h),b.attachEvent("onreadystatechange",function(){"complete"===b.readyState&&c.readyCallback()})),g=c.source||{},g.concatemoji?f(g.concatemoji):g.wpemoji&&g.twemoji&&(f(g.twemoji),f(g.wpemoji)))}(window,document,window._wpemojiSettings);
		</script><script src="https://www.soscuisine.com/wp-includes/js/wp-emoji-release.min.js?ver=4.9.8" type="text/javascript" defer=""></script>
		<style type="text/css">
img.wp-smiley,
img.emoji {
	display: inline !important;
	border: none !important;
	box-shadow: none !important;
	height: 1em !important;
	width: 1em !important;
	margin: 0 .07em !important;
	vertical-align: -0.1em !important;
	background: none !important;
	padding: 0 !important;
}
</style>
<link rel="stylesheet" id="socialite-css-css" href="https://www.soscuisine.com/wp-content/plugins/wpsocialite/lib/wpsocialite.css?ver=4.9.8" type="text/css" media="all">
<link rel="stylesheet" id="sb_instagram_styles-css" href="https://www.soscuisine.com/wp-content/plugins/instagram-feed/css/sb-instagram-2-1.min.css?ver=2.1" type="text/css" media="all">
<link rel="stylesheet" id="ts_fab_css-css" href="https://www.soscuisine.com/wp-content/plugins/fancier-author-box/css/ts-fab.min.css?ver=1.4" type="text/css" media="all">
<link rel="stylesheet" id="dashicons-css" href="https://www.soscuisine.com/wp-includes/css/dashicons.min.css?ver=4.9.8" type="text/css" media="all">
<link rel="stylesheet" id="post-views-counter-frontend-css" href="https://www.soscuisine.com/wp-content/plugins/post-views-counter/css/frontend.css?ver=1.3.1" type="text/css" media="all">
<link rel="stylesheet" id="ewd-ufaq-style-css" href="https://www.soscuisine.com/wp-content/plugins/ultimate-faqs/css/ewd-ufaq-styles.css?ver=4.9.8" type="text/css" media="all">
<link rel="stylesheet" id="ewd-ufaq-rrssb-css" href="https://www.soscuisine.com/wp-content/plugins/ultimate-faqs/css/rrssb-min.css?ver=4.9.8" type="text/css" media="all">
<link rel="stylesheet" id="wpml-legacy-dropdown-0-css" href="//www.soscuisine.com/wp-content/plugins/sitepress-multilingual-cms/templates/language-switchers/legacy-dropdown/style.css?ver=1" type="text/css" media="all">
<style id="wpml-legacy-dropdown-0-inline-css" type="text/css">
.wpml-ls-statics-shortcode_actions, .wpml-ls-statics-shortcode_actions .wpml-ls-sub-menu, .wpml-ls-statics-shortcode_actions a {border-color:#cdcdcd;}.wpml-ls-statics-shortcode_actions a {color:#444444;background-color:#ffffff;}.wpml-ls-statics-shortcode_actions a:hover,.wpml-ls-statics-shortcode_actions a:focus {color:#000000;background-color:#eeeeee;}.wpml-ls-statics-shortcode_actions .wpml-ls-current-language>a {color:#444444;background-color:#ffffff;}.wpml-ls-statics-shortcode_actions .wpml-ls-current-language:hover>a, .wpml-ls-statics-shortcode_actions .wpml-ls-current-language>a:focus {color:#000000;background-color:#eeeeee;}
</style>
<link rel="stylesheet" id="if-menu-site-css-css" href="https://www.soscuisine.com/wp-content/plugins/if-menu/assets/if-menu-site.css?ver=4.9.8" type="text/css" media="all">
<link rel="stylesheet" id="msl-main-css" href="https://www.soscuisine.com/wp-content/plugins/master-slider/public/assets/css/masterslider.main.css?ver=3.5.1" type="text/css" media="all">
<link rel="stylesheet" id="msl-custom-css" href="https://www.soscuisine.com/wp-content/uploads/master-slider/custom.css?ver=24.5" type="text/css" media="all">
<link rel="stylesheet" id="addthis_all_pages-css" href="https://www.soscuisine.com/wp-content/plugins/addthis/frontend/build/addthis_wordpress_public.min.css?ver=4.9.8" type="text/css" media="all">
<link rel="stylesheet" id="jquery.lightbox.min.css-css" href="https://www.soscuisine.com/wp-content/plugins/wp-jquery-lightbox/styles/lightbox.min.css?ver=1.4.6" type="text/css" media="all">
<script type="text/javascript" src="https://ajax.googleapis.com/ajax/libs/jquery/2.1.4/jquery.min.js?ver=2.1.4"></script>
<script type="text/javascript" src="https://www.soscuisine.com/wp-content/themes/soscuisinewp/js/comment-reply.js?ver=4.9.8"></script>
<script type="text/javascript" src="https://www.soscuisine.com/wp-content/plugins/fancier-author-box/js/ts-fab.min.js?ver=1.4"></script>
<script type="text/javascript" src="https://www.soscuisine.com/wp-content/plugins/zingtree/js/iframeResizerSmart.js?ver=4.9.8"></script>
<script type="text/javascript" src="//www.soscuisine.com/wp-content/plugins/sitepress-multilingual-cms/templates/language-switchers/legacy-dropdown/script.js?ver=1"></script>
<link rel="https://api.w.org/" href="https://www.soscuisine.com/wp-json/">
<link rel="EditURI" type="application/rsd+xml" title="RSD" href="https://www.soscuisine.com/xmlrpc.php?rsd">
<link rel="wlwmanifest" type="application/wlwmanifest+xml" href="https://www.soscuisine.com/wp-includes/wlwmanifest.xml"> 
<link rel="shortlink" href="https://www.soscuisine.com/?p=36815">
<link rel="alternate" type="application/json+oembed" href="https://www.soscuisine.com/wp-json/oembed/1.0/embed?url=https%3A%2F%2Fwww.soscuisine.com%2Fgrocery-flyers%2F">
<link rel="alternate" type="text/xml+oembed" href="https://www.soscuisine.com/wp-json/oembed/1.0/embed?url=https%3A%2F%2Fwww.soscuisine.com%2Fgrocery-flyers%2F&amp;format=xml">
<meta name="generator" content="WPML ver:4.0.7 stt:1,4,27;">
	<style>
	.ts-fab-list li a { background-color: #fff; border: 1px solid #fff; color: #666; }
	.ts-fab-list li.active a { background-color: #A0C963; border: 1px solid #fff; color: #fff; }
	.ts-fab-tab { background-color: #fff; border: 2px solid #fff; color: #555; }
	</style>
	<script>var ms_grabbing_curosr = 'https://www.soscuisine.com/wp-content/plugins/master-slider/public/assets/css/common/grabbing.cur', ms_grab_curosr = 'https://www.soscuisine.com/wp-content/plugins/master-slider/public/assets/css/common/grab.cur';</script>
<meta name="generator" content="MasterSlider 3.5.1 - Responsive Touch Image Slider | avt.li/msf">
    <script type="text/javascript">
        var ajaxurl = 'https://www.soscuisine.com/wp-admin/admin-ajax.php';
    </script>
<script data-cfasync="false" type="text/javascript">if (window.addthis_product === undefined) { window.addthis_product = "wpp"; } if (window.wp_product_version === undefined) { window.wp_product_version = "wpp-6.1.7"; } if (window.wp_blog_version === undefined) { window.wp_blog_version = "4.9.8"; } if (window.addthis_share === undefined) { window.addthis_share = {"passthrough":{"twitter":{"via":"soscuisine"}}}; } if (window.addthis_config === undefined) { window.addthis_config = {"data_track_clickback":true,"ignore_server_config":true,"data_ga_property":"145148","data_ga_social":true,"ui_atversion":"300"}; } if (window.addthis_layers === undefined) { window.addthis_layers = {}; } if (window.addthis_layers_tools === undefined) { window.addthis_layers_tools = []; } else {  } if (window.addthis_plugin_info === undefined) { window.addthis_plugin_info = {"info_status":"enabled","cms_name":"WordPress","plugin_name":"Share Buttons by AddThis","plugin_version":"6.1.7","plugin_mode":"WordPress","anonymous_profile_id":"wp-9c7386656930881e2a47c81c3951069f","page_info":{"template":"pages","post_type":""},"sharing_enabled_on_post_via_metabox":false}; } 
                    (function() {
                      var first_load_interval_id = setInterval(function () {
                        if (typeof window.addthis !== 'undefined') {
                          window.clearInterval(first_load_interval_id);
                          if (typeof window.addthis_layers !== 'undefined' && Object.getOwnPropertyNames(window.addthis_layers).length > 0) {
                            window.addthis.layers(window.addthis_layers);
                          }
                          if (Array.isArray(window.addthis_layers_tools)) {
                            for (i = 0; i < window.addthis_layers_tools.length; i++) {
                              window.addthis.layers(window.addthis_layers_tools[i]);
                            }
                          }
                        }
                     },1000)
                    }());
                </script> <script data-cfasync="false" type="text/javascript" src="https://s7.addthis.com/js/300/addthis_widget.js#pubid=SOSCuisine" async="async"></script>	<meta name="google-site-verification" content="8Z3jBrjszK4QtEDohvgF1XCjDffgF27XR07uEGsyMT4">
	<script>
        (function(i,s,o,g,r,a,m){i['GoogleAnalyticsObject']=r;i[r]=i[r]||function(){
            (i[r].q=i[r].q||[]).push(arguments)},i[r].l=1*new Date();a=s.createElement(o),
            m=s.getElementsByTagName(o)[0];a.async=1;a.src=g;m.parentNode.insertBefore(a,m)
        })(window,document,'script','//www.google-analytics.com/analytics.js','ga');
        ga('create', 'UA-145148-1', 'auto');
        ga('send', 'pageview');
	</script>
<style type="text/css">.at-icon{fill:#fff;border:0}.at-icon-wrapper{display:inline-block;overflow:hidden}a .at-icon-wrapper{cursor:pointer}.at-rounded,.at-rounded-element .at-icon-wrapper{border-radius:12%}.at-circular,.at-circular-element .at-icon-wrapper{border-radius:50%}.addthis_32x32_style .at-icon{width:2pc;height:2pc}.addthis_24x24_style .at-icon{width:24px;height:24px}.addthis_20x20_style .at-icon{width:20px;height:20px}.addthis_16x16_style .at-icon{width:1pc;height:1pc}#at16lb{display:none;position:absolute;top:0;left:0;width:100%;height:100%;z-index:1001;background-color:#000;opacity:.001}#at_complete,#at_error,#at_share,#at_success{position:static!important}.at15dn{display:none}#at15s,#at16p,#at16p form input,#at16p label,#at16p textarea,#at_share .at_item{font-family:arial,helvetica,tahoma,verdana,sans-serif!important;font-size:9pt!important;outline-style:none;outline-width:0;line-height:1em}* html #at15s.mmborder{position:absolute!important}#at15s.mmborder{position:fixed!important;width:250px!important}#at15s{background:url(data:image/png;base64,iVBORw0KGgoAAAANSUhEUgAAAAoAAAAKCAYAAACNMs+9AAAAGXRFWHRTb2Z0d2FyZQBBZG9iZSBJbWFnZVJlYWR5ccllPAAAABtJREFUeNpiZGBgaGAgAjAxEAlGFVJHIUCAAQDcngCUgqGMqwAAAABJRU5ErkJggg==);float:none;line-height:1em;margin:0;overflow:visible;padding:5px;text-align:left;position:absolute}#at15s a,#at15s span{outline:0;direction:ltr;text-transform:none}#at15s .at-label{margin-left:5px}#at15s .at-icon-wrapper{width:1pc;height:1pc;vertical-align:middle}#at15s .at-icon{width:1pc;height:1pc}.at4-icon{display:inline-block;background-repeat:no-repeat;background-position:top left;margin:0;overflow:hidden;cursor:pointer}.addthis_16x16_style .at4-icon,.addthis_default_style .at4-icon,.at4-icon,.at-16x16{width:1pc;height:1pc;line-height:1pc;background-size:1pc!important}.addthis_32x32_style .at4-icon,.at-32x32{width:2pc;height:2pc;line-height:2pc;background-size:2pc!important}.addthis_24x24_style .at4-icon,.at-24x24{width:24px;height:24px;line-height:24px;background-size:24px!important}.addthis_20x20_style .at4-icon,.at-20x20{width:20px;height:20px;line-height:20px;background-size:20px!important}.at4-icon.circular,.circular .at4-icon,.circular.aticon{border-radius:50%}.at4-icon.rounded,.rounded .at4-icon{border-radius:4px}.at4-icon-left{float:left}#at15s .at4-icon{text-indent:20px;padding:0;overflow:visible;white-space:nowrap;background-size:1pc;width:1pc;height:1pc;background-position:top left;display:inline-block;line-height:1pc}.addthis_vertical_style .at4-icon,.at4-follow-container .at4-icon{margin-right:5px}html>body #at15s{width:250px!important}#at15s.atm{background:none!important;padding:0!important;width:10pc!important}#at15s_inner{background:#fff;border:1px solid #fff;margin:0}#at15s_head{position:relative;background:#f2f2f2;padding:4px;cursor:default;border-bottom:1px solid #e5e5e5}.at15s_head_success{background:#cafd99!important;border-bottom:1px solid #a9d582!important}.at15s_head_success a,.at15s_head_success span{color:#000!important;text-decoration:none}#at15s_brand,#at15sptx,#at16_brand{position:absolute}#at15s_brand{top:4px;right:4px}.at15s_brandx{right:20px!important}a#at15sptx{top:4px;right:4px;text-decoration:none;color:#4c4c4c;font-weight:700}#at15sptx:hover{text-decoration:underline}#at16_brand{top:5px;right:30px;cursor:default}#at_hover{padding:4px}#at_hover .at_item,#at_share .at_item{background:#fff!important;float:left!important;color:#4c4c4c!important}#at_share .at_item .at-icon-wrapper{margin-right:5px}#at_hover .at_bold{font-weight:700;color:#000!important}#at_hover .at_item{width:7pc!important;padding:2px 3px!important;margin:1px;text-decoration:none!important}#at_hover .at_item.athov,#at_hover .at_item:focus,#at_hover .at_item:hover{margin:0!important}#at_hover .at_item.athov,#at_hover .at_item:focus,#at_hover .at_item:hover,#at_share .at_item.athov,#at_share .at_item:hover{background:#f2f2f2!important;border:1px solid #e5e5e5;color:#000!important;text-decoration:none}.ipad #at_hover .at_item:focus{background:#fff!important;border:1px solid #fff}.at15t{display:block!important;height:1pc!important;line-height:1pc!important;padding-left:20px!important;background-position:0 0;text-align:left}.addthis_button,.at15t{cursor:pointer}.addthis_toolbox a.at300b,.addthis_toolbox a.at300m{width:auto}.addthis_toolbox a{margin-bottom:5px;line-height:initial}.addthis_toolbox.addthis_vertical_style{width:200px}.addthis_button_facebook_like .fb_iframe_widget{line-height:100%}.addthis_button_facebook_like iframe.fb_iframe_widget_lift{max-width:none}.addthis_toolbox a.addthis_button_counter,.addthis_toolbox a.addthis_button_facebook_like,.addthis_toolbox a.addthis_button_facebook_send,.addthis_toolbox a.addthis_button_facebook_share,.addthis_toolbox a.addthis_button_foursquare,.addthis_toolbox a.addthis_button_linkedin_counter,.addthis_toolbox a.addthis_button_pinterest_pinit,.addthis_toolbox a.addthis_button_tweet{display:inline-block}.addthis_toolbox span.addthis_follow_label{display:none}.addthis_toolbox.addthis_vertical_style span.addthis_follow_label{display:block;white-space:nowrap}.addthis_toolbox.addthis_vertical_style a{display:block}.addthis_toolbox.addthis_vertical_style.addthis_32x32_style a{line-height:2pc;height:2pc}.addthis_toolbox.addthis_vertical_style .at300bs{margin-right:4px;float:left}.addthis_toolbox.addthis_20x20_style span{line-height:20px}.addthis_toolbox.addthis_32x32_style span{line-height:2pc}.addthis_toolbox.addthis_pill_combo_style .addthis_button_compact .at15t_compact,.addthis_toolbox.addthis_pill_combo_style a{float:left}.addthis_toolbox.addthis_pill_combo_style a.addthis_button_tweet{margin-top:-2px}.addthis_toolbox.addthis_pill_combo_style .addthis_button_compact .at15t_compact{margin-right:4px}.addthis_default_style .addthis_separator{margin:0 5px;display:inline}div.atclear{clear:both}.addthis_default_style .addthis_separator,.addthis_default_style .at4-icon,.addthis_default_style .at300b,.addthis_default_style .at300bo,.addthis_default_style .at300bs,.addthis_default_style .at300m{float:left}.at300b img,.at300bo img{border:0}a.at300b .at4-icon,a.at300m .at4-icon{display:block}.addthis_default_style .at300b,.addthis_default_style .at300bo,.addthis_default_style .at300m{padding:0 2px}.at300b,.at300bo,.at300bs,.at300m{cursor:pointer}.addthis_button_facebook_like.at300b:hover,.addthis_button_facebook_like.at300bs:hover,.addthis_button_facebook_send.at300b:hover,.addthis_button_facebook_send.at300bs:hover{opacity:1}.addthis_20x20_style .at15t,.addthis_20x20_style .at300bs{overflow:hidden;display:block;height:20px!important;width:20px!important;line-height:20px!important}.addthis_32x32_style .at15t,.addthis_32x32_style .at300bs{overflow:hidden;display:block;height:2pc!important;width:2pc!important;line-height:2pc!important}.at300bs{overflow:hidden;display:block;background-position:0 0;height:1pc;width:1pc;line-height:1pc!important}.addthis_default_style .at15t_compact,.addthis_default_style .at15t_expanded{margin-right:4px}#at_share .at_item{width:123px!important;padding:4px;margin-right:2px;border:1px solid #fff}#at16p{background:url(data:image/png;base64,iVBORw0KGgoAAAANSUhEUgAAAAoAAAAKCAYAAACNMs+9AAAAGXRFWHRTb2Z0d2FyZQBBZG9iZSBJbWFnZVJlYWR5ccllPAAAABtJREFUeNpiZGBgaGAgAjAxEAlGFVJHIUCAAQDcngCUgqGMqwAAAABJRU5ErkJggg==);z-index:10000001;position:absolute;top:50%;left:50%;width:300px;padding:10px;margin:0 auto;margin-top:-185px;margin-left:-155px;font-family:arial,helvetica,tahoma,verdana,sans-serif;font-size:9pt;color:#5e5e5e}#at_share{margin:0;padding:0}#at16pt{position:relative;background:#f2f2f2;height:13px;padding:5px 10px}#at16pt a,#at16pt h4{font-weight:700}#at16pt h4{display:inline;margin:0;padding:0;font-size:9pt;color:#4c4c4c;cursor:default}#at16pt a{position:absolute;top:5px;right:10px;color:#4c4c4c;text-decoration:none;padding:2px}#at15sptx:focus,#at16pt a:focus{outline:thin dotted}#at15s #at16pf a{top:1px}#_atssh{width:1px!important;height:1px!important;border:0!important}.atm{width:10pc!important;padding:0;margin:0;line-height:9pt;letter-spacing:normal;font-family:arial,helvetica,tahoma,verdana,sans-serif;font-size:9pt;color:#444;background:url(data:image/png;base64,iVBORw0KGgoAAAANSUhEUgAAAAoAAAAKCAYAAACNMs+9AAAAGXRFWHRTb2Z0d2FyZQBBZG9iZSBJbWFnZVJlYWR5ccllPAAAABtJREFUeNpiZGBgaGAgAjAxEAlGFVJHIUCAAQDcngCUgqGMqwAAAABJRU5ErkJggg==);padding:4px}.atm-f{text-align:right;border-top:1px solid #ddd;padding:5px 8px}.atm-i{background:#fff;border:1px solid #d5d6d6;padding:0;margin:0;box-shadow:1px 1px 5px rgba(0,0,0,.15)}.atm-s{margin:0!important;padding:0!important}.atm-s a:focus{border:transparent;outline:0;transition:none}#at_hover.atm-s a,.atm-s a{display:block;text-decoration:none;padding:4px 10px;color:#235dab!important;font-weight:400;font-style:normal;transition:none}#at_hover.atm-s .at_bold{color:#235dab!important}#at_hover.atm-s a:hover,.atm-s a:hover{background:#2095f0;text-decoration:none;color:#fff!important}#at_hover.atm-s .at_bold{font-weight:700}#at_hover.atm-s a:hover .at_bold{color:#fff!important}.atm-s a .at-label{vertical-align:middle;margin-left:5px;direction:ltr}.at_PinItButton{display:block;width:40px;height:20px;padding:0;margin:0;background-image:url(//s7.addthis.com/static/t00/pinit00.png);background-repeat:no-repeat}.at_PinItButton:hover{background-position:0 -20px}.addthis_toolbox .addthis_button_pinterest_pinit{position:relative}.at-share-tbx-element .fb_iframe_widget span{vertical-align:baseline!important}#at16pf{height:auto;text-align:right;padding:4px 8px}.at-privacy-info{position:absolute;left:7px;bottom:7px;cursor:pointer;text-decoration:none;font-family:helvetica,arial,sans-serif;font-size:10px;line-height:9pt;letter-spacing:.2px;color:#666}.at-privacy-info:hover{color:#000}.body .wsb-social-share .wsb-social-share-button-vert{padding-top:0;padding-bottom:0}.body .wsb-social-share.addthis_counter_style .addthis_button_tweet.wsb-social-share-button{padding-top:40px}.body .wsb-social-share.addthis_counter_style .addthis_button_facebook_like.wsb-social-share-button{padding-top:21px}@media print{#at4-follow,#at4-share,#at4-thankyou,#at4-whatsnext,#at4m-mobile,#at15s,.at4,.at4-recommended{display:none!important}}@media screen and (max-width:400px){.at4win{width:100%}}@media screen and (max-height:700px) and (max-width:400px){.at4-thankyou-inner .at4-recommended-container{height:122px;overflow:hidden}.at4-thankyou-inner .at4-recommended .at4-recommended-item:first-child{border-bottom:1px solid #c5c5c5}}</style><style type="text/css">.at-branding-logo{font-family:helvetica,arial,sans-serif;text-decoration:none;font-size:10px;display:inline-block;margin:2px 0;letter-spacing:.2px}.at-branding-logo .at-branding-icon{background-image:url("data:image/png;base64,iVBORw0KGgoAAAANSUhEUgAAAAoAAAAKCAMAAAC67D+PAAAAGXRFWHRTb2Z0d2FyZQBBZG9iZSBJbWFnZVJlYWR5ccllPAAAAAZQTFRF////+GlNUkcc1QAAAB1JREFUeNpiYIQDBjQmAwMmkwEM0JnY1WIxFyDAABGeAFEudiZsAAAAAElFTkSuQmCC")}.at-branding-logo .at-branding-icon,.at-branding-logo .at-privacy-icon{display:inline-block;height:10px;width:10px;margin-left:4px;margin-right:3px;margin-bottom:-1px;background-repeat:no-repeat}.at-branding-logo .at-privacy-icon{background-image:url("data:image/png;base64,iVBORw0KGgoAAAANSUhEUgAAAAkAAAAKCAMAAABR24SMAAAAGXRFWHRTb2Z0d2FyZQBBZG9iZSBJbWFnZVJlYWR5ccllPAAAABhQTFRF8fr9ot/xXcfn2/P5AKva////////AKTWodjhjAAAAAd0Uk5T////////ABpLA0YAAAA6SURBVHjaJMzBDQAwCAJAQaj7b9xifV0kUKJ9ciWxlzWEWI5gMF65KUTv0VKkjVeTerqE/x7+9BVgAEXbAWI8QDcfAAAAAElFTkSuQmCC")}.at-branding-logo span{text-decoration:none}.at-branding-logo .at-branding-addthis,.at-branding-logo .at-branding-powered-by{color:#666}.at-branding-logo .at-branding-addthis:hover{color:#333}.at-cv-with-image .at-branding-addthis,.at-cv-with-image .at-branding-addthis:hover{color:#fff}a.at-branding-logo:visited{color:initial}.at-branding-info{display:inline-block;padding:0 5px;color:#666;border:1px solid #666;border-radius:50%;font-size:10px;line-height:9pt;opacity:.7;transition:all .3s ease;text-decoration:none}.at-branding-info span{border:0;clip:rect(0 0 0 0);height:1px;margin:-1px;overflow:hidden;padding:0;position:absolute;width:1px}.at-branding-info:before{content:'i';font-family:Times New Roman}.at-branding-info:hover{color:#0780df;border-color:#0780df}</style><style type="text/css">.js-slide-hidden{position:absolute !important;left:-9999px !important;top:-9999px !important;display:block !important}</style><style type="text/css">.fb_hidden{position:absolute;top:-10000px;z-index:10001}.fb_reposition{overflow:hidden;position:relative}.fb_invisible{display:none}.fb_reset{background:none;border:0;border-spacing:0;color:#000;cursor:auto;direction:ltr;font-family:"lucida grande", tahoma, verdana, arial, sans-serif;font-size:11px;font-style:normal;font-variant:normal;font-weight:normal;letter-spacing:normal;line-height:1;margin:0;overflow:visible;padding:0;text-align:left;text-decoration:none;text-indent:0;text-shadow:none;text-transform:none;visibility:visible;white-space:normal;word-spacing:normal}.fb_reset>div{overflow:hidden}@keyframes fb_transform{from{opacity:0;transform:scale(.95)}to{opacity:1;transform:scale(1)}}.fb_animate{animation:fb_transform .3s forwards}
.fb_dialog{background:rgba(82, 82, 82, .7);position:absolute;top:-10000px;z-index:10001}.fb_dialog_advanced{border-radius:8px;padding:10px}.fb_dialog_content{background:#fff;color:#373737}.fb_dialog_close_icon{background:url(https://static.xx.fbcdn.net/rsrc.php/v3/yq/r/IE9JII6Z1Ys.png) no-repeat scroll 0 0 transparent;cursor:pointer;display:block;height:15px;position:absolute;right:18px;top:17px;width:15px}.fb_dialog_mobile .fb_dialog_close_icon{left:5px;right:auto;top:5px}.fb_dialog_padding{background-color:transparent;position:absolute;width:1px;z-index:-1}.fb_dialog_close_icon:hover{background:url(https://static.xx.fbcdn.net/rsrc.php/v3/yq/r/IE9JII6Z1Ys.png) no-repeat scroll 0 -15px transparent}.fb_dialog_close_icon:active{background:url(https://static.xx.fbcdn.net/rsrc.php/v3/yq/r/IE9JII6Z1Ys.png) no-repeat scroll 0 -30px transparent}.fb_dialog_iframe{line-height:0}.fb_dialog_content .dialog_title{background:#6d84b4;border:1px solid #365899;color:#fff;font-size:14px;font-weight:bold;margin:0}.fb_dialog_content .dialog_title>span{background:url(https://static.xx.fbcdn.net/rsrc.php/v3/yd/r/Cou7n-nqK52.gif) no-repeat 5px 50%;float:left;padding:5px 0 7px 26px}body.fb_hidden{height:100%;left:0;margin:0;overflow:visible;position:absolute;top:-10000px;transform:none;width:100%}.fb_dialog.fb_dialog_mobile.loading{background:url(https://static.xx.fbcdn.net/rsrc.php/v3/ya/r/3rhSv5V8j3o.gif) white no-repeat 50% 50%;min-height:100%;min-width:100%;overflow:hidden;position:absolute;top:0;z-index:10001}.fb_dialog.fb_dialog_mobile.loading.centered{background:none;height:auto;min-height:initial;min-width:initial;width:auto}.fb_dialog.fb_dialog_mobile.loading.centered #fb_dialog_loader_spinner{width:100%}.fb_dialog.fb_dialog_mobile.loading.centered .fb_dialog_content{background:none}.loading.centered #fb_dialog_loader_close{clear:both;color:#fff;display:block;font-size:18px;padding-top:20px}#fb-root #fb_dialog_ipad_overlay{background:rgba(0, 0, 0, .4);bottom:0;left:0;min-height:100%;position:absolute;right:0;top:0;width:100%;z-index:10000}#fb-root #fb_dialog_ipad_overlay.hidden{display:none}.fb_dialog.fb_dialog_mobile.loading iframe{visibility:hidden}.fb_dialog_mobile .fb_dialog_iframe{position:sticky;top:0}.fb_dialog_content .dialog_header{background:linear-gradient(from(#738aba), to(#2c4987));border-bottom:1px solid;border-color:#043b87;box-shadow:white 0 1px 1px -1px inset;color:#fff;font:bold 14px Helvetica, sans-serif;text-overflow:ellipsis;text-shadow:rgba(0, 30, 84, .296875) 0 -1px 0;vertical-align:middle;white-space:nowrap}.fb_dialog_content .dialog_header table{height:43px;width:100%}.fb_dialog_content .dialog_header td.header_left{font-size:12px;padding-left:5px;vertical-align:middle;width:60px}.fb_dialog_content .dialog_header td.header_right{font-size:12px;padding-right:5px;vertical-align:middle;width:60px}.fb_dialog_content .touchable_button{background:linear-gradient(from(#4267B2), to(#2a4887));background-clip:padding-box;border:1px solid #29487d;border-radius:3px;display:inline-block;line-height:18px;margin-top:3px;max-width:85px;padding:4px 12px;position:relative}.fb_dialog_content .dialog_header .touchable_button input{background:none;border:none;color:#fff;font:bold 12px Helvetica, sans-serif;margin:2px -12px;padding:2px 6px 3px 6px;text-shadow:rgba(0, 30, 84, .296875) 0 -1px 0}.fb_dialog_content .dialog_header .header_center{color:#fff;font-size:16px;font-weight:bold;line-height:18px;text-align:center;vertical-align:middle}.fb_dialog_content .dialog_content{background:url(https://static.xx.fbcdn.net/rsrc.php/v3/y9/r/jKEcVPZFk-2.gif) no-repeat 50% 50%;border:1px solid #4a4a4a;border-bottom:0;border-top:0;height:150px}.fb_dialog_content .dialog_footer{background:#f5f6f7;border:1px solid #4a4a4a;border-top-color:#ccc;height:40px}#fb_dialog_loader_close{float:left}.fb_dialog.fb_dialog_mobile .fb_dialog_close_button{text-shadow:rgba(0, 30, 84, .296875) 0 -1px 0}.fb_dialog.fb_dialog_mobile .fb_dialog_close_icon{visibility:hidden}#fb_dialog_loader_spinner{animation:rotateSpinner 1.2s linear infinite;background-color:transparent;background-image:url(https://static.xx.fbcdn.net/rsrc.php/v3/yD/r/t-wz8gw1xG1.png);background-position:50% 50%;background-repeat:no-repeat;height:24px;width:24px}@keyframes rotateSpinner{0%{transform:rotate(0deg)}100%{transform:rotate(360deg)}}
.fb_iframe_widget{display:inline-block;position:relative}.fb_iframe_widget span{display:inline-block;position:relative;text-align:justify}.fb_iframe_widget iframe{position:absolute}.fb_iframe_widget_fluid_desktop,.fb_iframe_widget_fluid_desktop span,.fb_iframe_widget_fluid_desktop iframe{max-width:100%}.fb_iframe_widget_fluid_desktop iframe{min-width:220px;position:relative}.fb_iframe_widget_lift{z-index:1}.fb_iframe_widget_fluid{display:inline}.fb_iframe_widget_fluid span{width:100%}</style></head>
<body>
<noscript>
	<div>
		Javascript must be enabled for the correct page display	</div>
</noscript>
<div id="overlay"></div>

<!-- main container of all the page elements -->
<div id="wrapper" onclick="void(0)">
	<div id="notification-wrapper" class="hide">
		<i class="fa fa-times pull-right" aria-hidden="true"></i>
		<p>The text of the notification</p>
	</div>
	<!-- allow a user to go to the main content of the page -->
	<a class="accessibility" href="#main">
		Skip to Content	</a>
	<!-- header of the page -->
	<header id="mainHeader" class="not_printable">
		<div class="header-holder">
			<div class="topHeader">
				<!-- logo -->
				<a href="https://www.soscuisine.com" style="display: inline-block;">
					<div class="logo" tabindex="1" accesskey="1">
						<img src="/wp-content/uploads/2019/12/logo_SOSCuisine_com-1.jpg" alt="logo SOSCuisine" width="100%" height="auto">
					</div>
				</a>
				<!-- logo end -->
				<div class="mobileUserIcon">
                    <span class="connectedUserIcon">
                    						<i class="fas fa-user userIcon" tabindex="0" role="button" data-html="true" data-placement="bottom" data-content="
                            <span></span>
                            <div class=&quot;dropdown&quot; data-country=&quot;{{ country }}&quot; data-url=&quot;/menu-conn-legacy/?lang=fr&amp;country={{ country }}&quot;>
                        <ul id=&quot;menu-user-menu&quot; class=&quot;&quot;><li id=&quot;menu-item-137057&quot; class=&quot;menu-item menu-item-type-post_type menu-item-object-page active active current_page_parent current_page_ancestor menu-item-has-children menu-item-137057&quot;><a href=&quot;https://www.soscuisine.com/welcome-success-page/&quot;>[] My Dashboard</a>
<ul class=&quot;sub-menu&quot;>
	<li id=&quot;menu-item-230&quot; class=&quot;menu-item menu-item-type-custom menu-item-object-custom menu-item-has-children menu-item-230&quot;><a href=&quot;/meal-plan/&quot;>[] > My Meal Plan</a>
	<ul class=&quot;sub-menu&quot;>
		<li id=&quot;menu-item-135665&quot; class=&quot;menu-item menu-item-type-custom menu-item-object-custom menu-item-135665&quot;><a href=&quot;/meal-plan/recipe-list/&quot;>[] >> Recipe List</a></li>
		<li id=&quot;menu-item-232&quot; class=&quot;menu-item menu-item-type-custom menu-item-object-custom menu-item-232&quot;><a href=&quot;/meal-plan/grocery-list/&quot;>[] >> Grocery List</a></li>
	</ul>
</li>
	<li id=&quot;menu-item-141661&quot; class=&quot;menu-item menu-item-type-post_type menu-item-object-page active page_item page-item-36815 current_page_item menu-item-141661&quot;><a href=&quot;https://www.soscuisine.com/grocery-flyers/&quot;>[] > My Flyers Specials</a></li>
	<li id=&quot;menu-item-233&quot; class=&quot;menu-item menu-item-type-custom menu-item-object-custom menu-item-233&quot;><a href=&quot;/recipe/search/?action=search&amp;searchQuery=&amp;inFavourites=1&quot;>[] > My Cookbook</a></li>
	<li id=&quot;menu-item-136625&quot; class=&quot;menu-item menu-item-type-post_type menu-item-object-page menu-item-136625&quot;><a href=&quot;https://www.soscuisine.com/account/&quot;>[] > My Profile</a></li>
</ul>
</li>
<li id=&quot;menu-item-152&quot; class=&quot;deconnexionLink menu-item menu-item-type-custom menu-item-object-custom menu-item-152&quot;><a href=&quot;/logout&quot;>[] Sign Out</a></li>
</ul>                            </div>
                        " data-original-title="" title=""></i>
					                </span>
				</div>
				<div class="mobileUserIcon desktopHide">
					<div class="searchIcon">
						<i class="fas fa-search"></i>
					</div>
				</div>
				<!-- select country + Language -->
				<span class="mobileHide">
                        <a href="#changeRegion" class="changeRegion">
                            <div class="form-control country">
                                		                        <img style="height:28px;padding:3px;" src="/media/images/flag/ON.png">
		                        <i class="fas fa-sort-down"></i>
	                                                    </div>
                        </a>
                        					                        <select id="languageSelector" class="form-control" data-toggle="lang-dropdown">
                            <option selected="" value="https://www.soscuisine.com/grocery-flyers/" data-toggle="lang-dropdown">English</option><option value="https://www.soscuisine.com/speciaux-circulaires/?lang=fr" data-toggle="lang-dropdown">Français</option><option value="https://www.soscuisine.com/?lang=it" data-toggle="">Italiano</option>                        </select>

                                            </span>
				<!-- select country + Language end -->
				<!-- Sign In / Up button -->
								<!-- Signed in User Menu --->
				<!-- search form -->
                <form id="siteSearchForm" action="/recipe/search/" method="get" class="searchForm mobileHide" accesskey="4">
                    <fieldset>
                        <legend class="hidden">search form</legend>
                        <input type="hidden" name="lang" value="en">
                        <input type="hidden" name="action" value="search">
                        <div class="searchBox">
                            <input type="search" name="s" placeholder="search" class="searchInput" title="feedback-form">
                            <button type="submit" class="fa-input" value=" Input send"></button>

                        </div>
                    </fieldset>
                </form>
				<!-- search form end -->
			</div>
			<div class="header-slide">
				<strong class="opener-title"></strong>
				<!-- Main nav -->
				<nav id="nav">
					<a href="#" class="opener">
						<span>Menu</span>
					</a>
										<div class="slide-nav js-slide-hidden" id="navHeader">
						<div class="slide js-slide-hidden">
							<div>
                                <span class="desktopHide">
                                        <select id="mobileLanguageSelector" onchange="this.options[this.selectedIndex].value &amp;&amp; (window.location = this.options[this.selectedIndex].value);" class="form-control" data-toggle="lang-dropdown">
                                            <option selected="" value="https://www.soscuisine.com/grocery-flyers/" data-toggle="lang-dropdown">English</option><option value="https://www.soscuisine.com/speciaux-circulaires/?lang=fr" data-toggle="lang-dropdown">Français</option><option value="https://www.soscuisine.com/?lang=it" data-toggle="">Italiano</option>                                        </select>
                                            <a href="#changeRegion" class="changeRegion">
                                                <div class="form-control country">
                                                    		                        <img style="height:28px;padding:3px;" src="/media/images/flag/ON.png">
		                        <i class="fas fa-sort-down"></i>
	                                                                        </div>
                                            </a>
                                    </span>
								<ul id="menu-main-menu" class="nav"><li id="menu-item-186" class="home menu-item menu-item-type-custom menu-item-object-custom menu-item-186"><div class="item"><a href="/">Home</a></div></li>
<li id="menu-item-202" class="menu-item menu-item-type-custom menu-item-object-custom menu-item-202"><div class="item"><a href="/en/premium">Meal Plans</a></div></li>
<li id="menu-item-141559" class="menu-item menu-item-type-post_type menu-item-object-page active active current_page_parent current_page_ancestor menu-item-has-children menu-item-141559"><div class="item"><a href="https://www.soscuisine.com/grocery-flyers-savings/">Flyer Savings</a></div><div class="drop-slide-wrapper" style="height: 401px; width: 885px; position: absolute; overflow: hidden; top: 43px; left: 0px; display: none;"><div class="nav-drop" style="position: static; display: block; top: auto; left: auto; margin-top: -401px;"><ul class="list-drop">	<li id="menu-item-141663" class="drop_img menu-item menu-item-type-post_type menu-item-object-page active page_item page-item-36815 current_page_item menu-item-141663"><div class="item"><a href="https://www.soscuisine.com/grocery-flyers/">Grocery Flyers Wizard</a></div></li>
	<li id="menu-item-37337" class="drop_img menu-item menu-item-type-custom menu-item-object-custom menu-item-37337"><div class="item"><a title="Recipe Bargains Finder" href="/recipe/search/?action=search&amp;searchQuery=&amp;restrictDiet=1&amp;advantageousCost=1&amp;orderBy=savingPercent">Recipe Deals Finder</a></div></li>
	<li id="menu-item-37323" class="drop_img menu-item menu-item-type-custom menu-item-object-custom menu-item-37323"><div class="item"><a title="Grocery Price Checker" href="/grocery-price-checker">Grocery Price Checker</a></div></li>
	<li id="menu-item-37338" class="drop_img menu-item menu-item-type-custom menu-item-object-custom menu-item-37338"><div class="item"><a title="See which plans include these tools" href="/plans-pricing">See which plans include these tools</a></div></li>
</ul><div class="drop-visual">
						<div class="frame">
							<div class="col">
								<a href="https://www.soscuisine.com/grocery-flyers/"><img width="347" height="139" src="https://www.soscuisine.com/wp-content/uploads/2017/05/flyers.jpg" class="attachment-full size-full" alt="" srcset="https://www.soscuisine.com/wp-content/uploads/2017/05/flyers.jpg 347w, https://www.soscuisine.com/wp-content/uploads/2017/05/flyers-150x60.jpg 150w" sizes="(max-width: 347px) 100vw, 347px"><br><strong class="title">Grocery Flyers Wizard</strong>
								</a><br class="clear">
							</div><div class="col">
								<a href="/recipe/search/?action=search&amp;searchQuery=&amp;restrictDiet=1&amp;advantageousCost=1&amp;orderBy=savingPercent"><img width="500" height="200" src="https://www.soscuisine.com/wp-content/uploads/2015/10/autopromo_648x180_plus_en.jpg" class="attachment-full size-full" alt="" srcset="https://www.soscuisine.com/wp-content/uploads/2015/10/autopromo_648x180_plus_en.jpg 500w, https://www.soscuisine.com/wp-content/uploads/2015/10/autopromo_648x180_plus_en-150x60.jpg 150w, https://www.soscuisine.com/wp-content/uploads/2015/10/autopromo_648x180_plus_en-300x120.jpg 300w" sizes="(max-width: 500px) 100vw, 500px"><br><strong class="title">Recipe Deals Finder</strong>
								</a><br class="clear">
							</div><div class="col">
								<a href="/grocery-price-checker"><img width="347" height="139" src="https://www.soscuisine.com/wp-content/uploads/2017/05/price-checker.jpg" class="attachment-full size-full" alt="" srcset="https://www.soscuisine.com/wp-content/uploads/2017/05/price-checker.jpg 347w, https://www.soscuisine.com/wp-content/uploads/2017/05/price-checker-150x60.jpg 150w" sizes="(max-width: 347px) 100vw, 347px"><br><strong class="title">Grocery Price Checker</strong>
								</a><br class="clear">
							</div><div class="col">
								<a href="/plans-pricing"><img width="347" height="139" src="https://www.soscuisine.com/wp-content/uploads/2017/05/sosplus-pricing.jpg" class="attachment-full size-full" alt="" srcset="https://www.soscuisine.com/wp-content/uploads/2017/05/sosplus-pricing.jpg 347w, https://www.soscuisine.com/wp-content/uploads/2017/05/sosplus-pricing-150x60.jpg 150w" sizes="(max-width: 347px) 100vw, 347px"><br><strong class="title">See which plans include these tools</strong>
								</a><br class="clear">
							</div>
						</div>
					</div>
				</div></div></li>
<li id="menu-item-40831" class="menu-item menu-item-type-post_type menu-item-object-page menu-item-has-children menu-item-40831"><div class="item"><a href="https://www.soscuisine.com/plans-pricing/">Pricing</a></div><div class="drop-slide-wrapper" style="height: 401px; width: 885px; position: absolute; overflow: hidden; top: 43px; left: 0px; display: none;"><div class="nav-drop" style="position: static; display: block; top: auto; left: auto; margin-top: -401px;"><ul class="list-drop">	<li id="menu-item-169" class="drop_img menu-item menu-item-type-custom menu-item-object-custom menu-item-169"><div class="item"><a href="/en/plus">PLUS</a></div></li>
	<li id="menu-item-40833" class="drop_img menu-item menu-item-type-post_type menu-item-object-page menu-item-40833"><div class="item"><a href="https://www.soscuisine.com/meal-plans/">PREMIUM</a></div></li>
	<li id="menu-item-171" class="drop_img menu-item menu-item-type-custom menu-item-object-custom menu-item-171"><div class="item"><a href="/en/vip/dietitian">VIP</a></div></li>
	<li id="menu-item-40832" class="drop_img menu-item menu-item-type-post_type menu-item-object-page menu-item-40832"><div class="item"><a href="https://www.soscuisine.com/plans-pricing/">Compare Plans</a></div></li>
</ul><div class="drop-visual">
						<div class="frame">
							<div class="col">
								<a href="/en/plus"><img width="347" height="139" src="https://www.soscuisine.com/wp-content/uploads/2017/05/flyers.jpg" class="attachment-full size-full" alt="" srcset="https://www.soscuisine.com/wp-content/uploads/2017/05/flyers.jpg 347w, https://www.soscuisine.com/wp-content/uploads/2017/05/flyers-150x60.jpg 150w" sizes="(max-width: 347px) 100vw, 347px"><br><strong class="title">PLUS</strong>
								</a><br class="clear">
							</div><div class="col">
								<a href="https://www.soscuisine.com/meal-plans/"><img width="1098" height="440" src="https://www.soscuisine.com/wp-content/uploads/2018/12/coral-menu-pricing-premium-en2.jpg" class="attachment-full size-full" alt="" srcset="https://www.soscuisine.com/wp-content/uploads/2018/12/coral-menu-pricing-premium-en2.jpg 1098w, https://www.soscuisine.com/wp-content/uploads/2018/12/coral-menu-pricing-premium-en2-150x60.jpg 150w, https://www.soscuisine.com/wp-content/uploads/2018/12/coral-menu-pricing-premium-en2-768x308.jpg 768w" sizes="(max-width: 1098px) 100vw, 1098px"><br><strong class="title">PREMIUM</strong>
								</a><br class="clear">
							</div><div class="col">
								<a href="/en/vip/dietitian"><img width="347" height="139" src="https://www.soscuisine.com/wp-content/uploads/2018/12/coral-menu-pricing-vipn2.jpg" class="attachment-full size-full" alt="" srcset="https://www.soscuisine.com/wp-content/uploads/2018/12/coral-menu-pricing-vipn2.jpg 347w, https://www.soscuisine.com/wp-content/uploads/2018/12/coral-menu-pricing-vipn2-150x60.jpg 150w" sizes="(max-width: 347px) 100vw, 347px"><br><strong class="title">VIP</strong>
								</a><br class="clear">
							</div><div class="col">
								<a href="https://www.soscuisine.com/plans-pricing/"><img width="347" height="139" src="https://www.soscuisine.com/wp-content/uploads/2018/12/compare-plans.jpg" class="attachment-full size-full" alt="" srcset="https://www.soscuisine.com/wp-content/uploads/2018/12/compare-plans.jpg 347w, https://www.soscuisine.com/wp-content/uploads/2018/12/compare-plans-150x60.jpg 150w" sizes="(max-width: 347px) 100vw, 347px"><br><strong class="title">Compare Plans</strong>
								</a><br class="clear">
							</div>
						</div>
					</div>
				</div></div></li>
<li id="menu-item-40333" class="menu-item menu-item-type-post_type menu-item-object-page menu-item-has-children menu-item-40333"><div class="item"><a href="https://www.soscuisine.com/professionals/"><i class="fa fa-user-md" aria-hidden="true"></i> Professionals</a></div><div class="drop-slide-wrapper" style="height: 401px; width: 885px; position: absolute; overflow: hidden; top: 43px; left: 0px; display: none;"><div class="nav-drop" style="position: static; display: block; top: auto; left: auto; margin-top: -401px;"><ul class="list-drop">	<li id="menu-item-40337" class="drop_img menu-item menu-item-type-post_type menu-item-object-page menu-item-40337"><div class="item"><a href="https://www.soscuisine.com/professionals/physicians/">Physicians</a></div></li>
	<li id="menu-item-40335" class="drop_img menu-item menu-item-type-post_type menu-item-object-page menu-item-40335"><div class="item"><a href="https://www.soscuisine.com/professionals/dietitians/">Dietitians</a></div></li>
	<li id="menu-item-40334" class="drop_img menu-item menu-item-type-post_type menu-item-object-page menu-item-40334"><div class="item"><a href="https://www.soscuisine.com/professionals/healthcare-providers/">Healthcare Providers</a></div></li>
	<li id="menu-item-40336" class="drop_img menu-item menu-item-type-post_type menu-item-object-page menu-item-40336"><div class="item"><a href="https://www.soscuisine.com/professionals/corporate-wellness/">HR Managers – Corporate Wellness</a></div></li>
</ul><div class="drop-visual">
						<div class="frame">
							<div class="col">
								<a href="https://www.soscuisine.com/professionals/physicians/"><img width="347" height="139" src="https://www.soscuisine.com/wp-content/uploads/2016/05/doctor-menu-tile.jpg" class="attachment-full size-full" alt="" srcset="https://www.soscuisine.com/wp-content/uploads/2016/05/doctor-menu-tile.jpg 347w, https://www.soscuisine.com/wp-content/uploads/2016/05/doctor-menu-tile-150x60.jpg 150w, https://www.soscuisine.com/wp-content/uploads/2016/05/doctor-menu-tile-300x120.jpg 300w" sizes="(max-width: 347px) 100vw, 347px"><br><strong class="title">Physicians</strong>
								</a><br class="clear">
							</div><div class="col">
								<a href="https://www.soscuisine.com/professionals/dietitians/"><img width="347" height="139" src="https://www.soscuisine.com/wp-content/uploads/2016/05/nutritionnist-tile.jpg" class="attachment-full size-full" alt="" srcset="https://www.soscuisine.com/wp-content/uploads/2016/05/nutritionnist-tile.jpg 347w, https://www.soscuisine.com/wp-content/uploads/2016/05/nutritionnist-tile-150x60.jpg 150w, https://www.soscuisine.com/wp-content/uploads/2016/05/nutritionnist-tile-300x120.jpg 300w" sizes="(max-width: 347px) 100vw, 347px"><br><strong class="title">Dietitians</strong>
								</a><br class="clear">
							</div><div class="col">
								<a href="https://www.soscuisine.com/professionals/healthcare-providers/"><img width="347" height="139" src="https://www.soscuisine.com/wp-content/uploads/2016/05/health-professionals-tile.jpg" class="attachment-full size-full" alt="" srcset="https://www.soscuisine.com/wp-content/uploads/2016/05/health-professionals-tile.jpg 347w, https://www.soscuisine.com/wp-content/uploads/2016/05/health-professionals-tile-150x60.jpg 150w, https://www.soscuisine.com/wp-content/uploads/2016/05/health-professionals-tile-300x120.jpg 300w" sizes="(max-width: 347px) 100vw, 347px"><br><strong class="title">Healthcare Providers</strong>
								</a><br class="clear">
							</div><div class="col">
								<a href="https://www.soscuisine.com/professionals/corporate-wellness/"><img width="347" height="139" src="https://www.soscuisine.com/wp-content/uploads/2016/05/corporate-menu-tile.jpg" class="attachment-full size-full" alt="" srcset="https://www.soscuisine.com/wp-content/uploads/2016/05/corporate-menu-tile.jpg 347w, https://www.soscuisine.com/wp-content/uploads/2016/05/corporate-menu-tile-150x60.jpg 150w, https://www.soscuisine.com/wp-content/uploads/2016/05/corporate-menu-tile-300x120.jpg 300w" sizes="(max-width: 347px) 100vw, 347px"><br><strong class="title">HR Managers - Corporate Wellness</strong>
								</a><br class="clear">
							</div>
						</div>
					</div>
				</div></div></li>
<li id="menu-item-56433" class="menu-item menu-item-type-post_type menu-item-object-page menu-item-has-children menu-item-56433"><div class="item"><a href="https://www.soscuisine.com/books/">Books</a></div><div class="drop-slide-wrapper" style="height: 224px; width: 885px; position: absolute; overflow: hidden; top: 43px; left: 0px; display: none;"><div class="nav-drop" style="position: static; display: block; top: auto; left: auto; margin-top: -224px;"><ul class="list-drop">	<li id="menu-item-56487" class="drop_img menu-item menu-item-type-post_type menu-item-object-page menu-item-56487"><div class="item"><a href="https://www.soscuisine.com/books/low-fodmap-solution/">The Low-FODMAP Solution</a></div></li>
</ul><div class="drop-visual">
						<div class="frame">
							<div class="col">
								<a href="https://www.soscuisine.com/books/low-fodmap-solution/"><img width="347" height="139" src="https://www.soscuisine.com/wp-content/uploads/2017/06/fodmap-solution-en.jpg" class="attachment-full size-full" alt="" srcset="https://www.soscuisine.com/wp-content/uploads/2017/06/fodmap-solution-en.jpg 347w, https://www.soscuisine.com/wp-content/uploads/2017/06/fodmap-solution-en-150x60.jpg 150w" sizes="(max-width: 347px) 100vw, 347px"><br><strong class="title">The Low-FODMAP Solution</strong>
								</a><br class="clear">
							</div>
						</div>
					</div>
				</div></div></li>
<li id="menu-item-204" class="menu-item menu-item-type-custom menu-item-object-custom menu-item-has-children menu-item-204"><div class="item"><a href="/recipe/category/">Recipes</a></div><div class="drop-slide-wrapper" style="height: 401px; width: 885px; position: absolute; overflow: hidden; top: 43px; left: 0px; display: none;"><div class="nav-drop" style="position: static; display: block; top: auto; left: auto; margin-top: -401px;"><ul class="list-drop">	<li id="menu-item-210" class="drop_img menu-item menu-item-type-custom menu-item-object-custom menu-item-210"><div class="item"><a title="Browse Search" href="/recipe/search/">Search</a></div></li>
	<li id="menu-item-33810" class="drop_img menu-item menu-item-type-custom menu-item-object-custom menu-item-33810"><div class="item"><a href="/recipe/category/">Recipe Categories</a></div></li>
	<li id="menu-item-207" class="menu-item menu-item-type-custom menu-item-object-custom menu-item-207"><div class="item"><a href="/recipe/search/?action=search&amp;searchQuery=&amp;inFavourites=1">My Cookbook</a></div></li>
	<li id="menu-item-28507" class="drop_img menu-item menu-item-type-custom menu-item-object-custom menu-item-28507"><div class="item"><a href="/recipe/search/?action=search&amp;searchQuery=&amp;restrictDiet=1&amp;advantageousCost=1&amp;orderBy=savingPercent">Best Deals this Week</a></div></li>
	<li id="menu-item-60273" class="menu-item menu-item-type-post_type menu-item-object-page menu-item-60273"><div class="item"><a href="https://www.soscuisine.com/food-dictionary/">Food Dictionary</a></div></li>
	<li id="menu-item-122053" class="menu-item menu-item-type-post_type menu-item-object-page menu-item-122053"><div class="item"><a href="https://www.soscuisine.com/cooking-techniques/">Cooking Techniques</a></div></li>
	<li id="menu-item-37339" class="menu-item menu-item-type-custom menu-item-object-custom menu-item-37339"><div class="item"><a href="/local_products_availability_table.php">Eat Local</a></div></li>
	<li id="menu-item-54577" class="drop_img menu-item menu-item-type-post_type menu-item-object-post menu-item-54577"><div class="item"><a href="https://www.soscuisine.com/blog/top-10-easy-weeknight-meals/">TOP 10: Easy Weeknight Meals</a></div></li>
</ul><div class="drop-visual">
						<div class="frame">
							<div class="col">
								<a href="/recipe/search/"><img width="347" height="139" src="https://www.soscuisine.com/wp-content/uploads/2016/09/categories-menu-img.jpg" class="attachment-full size-full" alt="" srcset="https://www.soscuisine.com/wp-content/uploads/2016/09/categories-menu-img.jpg 347w, https://www.soscuisine.com/wp-content/uploads/2016/09/categories-menu-img-150x60.jpg 150w, https://www.soscuisine.com/wp-content/uploads/2016/09/categories-menu-img-300x120.jpg 300w" sizes="(max-width: 347px) 100vw, 347px"><br><strong class="title">Search</strong>
								</a><br class="clear">
							</div><div class="col">
								<a href="/recipe/category/"><img width="347" height="139" src="https://www.soscuisine.com/wp-content/uploads/2016/03/food-kitchen-cutting-board-cooking-e1457636805806.jpg" class="attachment-full size-full" alt="" srcset="https://www.soscuisine.com/wp-content/uploads/2016/03/food-kitchen-cutting-board-cooking-e1457636805806.jpg 347w, https://www.soscuisine.com/wp-content/uploads/2016/03/food-kitchen-cutting-board-cooking-e1457636805806-150x60.jpg 150w, https://www.soscuisine.com/wp-content/uploads/2016/03/food-kitchen-cutting-board-cooking-e1457636805806-300x120.jpg 300w" sizes="(max-width: 347px) 100vw, 347px"><br><strong class="title">Recipe Categories</strong>
								</a><br class="clear">
							</div><div class="col">
								<a href="/recipe/search/?action=search&amp;searchQuery=&amp;restrictDiet=1&amp;advantageousCost=1&amp;orderBy=savingPercent"><img width="500" height="200" src="https://www.soscuisine.com/wp-content/uploads/2015/10/autopromo_648x180_plus_en.jpg" class="attachment-full size-full" alt="" srcset="https://www.soscuisine.com/wp-content/uploads/2015/10/autopromo_648x180_plus_en.jpg 500w, https://www.soscuisine.com/wp-content/uploads/2015/10/autopromo_648x180_plus_en-150x60.jpg 150w, https://www.soscuisine.com/wp-content/uploads/2015/10/autopromo_648x180_plus_en-300x120.jpg 300w" sizes="(max-width: 500px) 100vw, 500px"><br><strong class="title">Best Deals this Week</strong>
								</a><br class="clear">
							</div><div class="col">
								<a href="https://www.soscuisine.com/blog/top-10-easy-weeknight-meals/"><img width="347" height="139" src="https://www.soscuisine.com/wp-content/uploads/2017/06/week-knight-meals.jpg" class="attachment-full size-full" alt="" srcset="https://www.soscuisine.com/wp-content/uploads/2017/06/week-knight-meals.jpg 347w, https://www.soscuisine.com/wp-content/uploads/2017/06/week-knight-meals-150x60.jpg 150w" sizes="(max-width: 347px) 100vw, 347px"><br><strong class="title">TOP 10: Easy Weeknight Meals</strong>
								</a><br class="clear">
							</div>
						</div>
					</div>
				</div></div></li>
<li id="menu-item-21735" class="menu-item menu-item-type-post_type menu-item-object-page menu-item-has-children menu-item-21735"><div class="item"><a href="https://www.soscuisine.com/blog/">Blog</a></div><div class="drop-slide-wrapper" style="height: 433px; width: 885px; position: absolute; overflow: hidden; top: 43px; left: 0px; display: none;"><div class="nav-drop" style="position: static; display: block; top: auto; left: auto; margin-top: -433px;"><ul class="list-drop">	<li id="menu-item-28092" class="menu-item menu-item-type-taxonomy menu-item-object-category menu-item-28092"><div class="item"><a href="https://www.soscuisine.com/blog/category/what-s-cooking/">What’s Cooking?</a></div></li>
	<li id="menu-item-28086" class="menu-item menu-item-type-taxonomy menu-item-object-category menu-item-28086"><div class="item"><a href="https://www.soscuisine.com/blog/category/health-nutrition/">Health and Nutrition</a></div></li>
	<li id="menu-item-28132" class="menu-item menu-item-type-taxonomy menu-item-object-category menu-item-28132"><div class="item"><a href="https://www.soscuisine.com/blog/category/save-money/">Save Money</a></div></li>
	<li id="menu-item-28131" class="menu-item menu-item-type-taxonomy menu-item-object-category menu-item-28131"><div class="item"><a href="https://www.soscuisine.com/blog/category/our-tips/">Our Tips</a></div></li>
	<li id="menu-item-28085" class="menu-item menu-item-type-taxonomy menu-item-object-category menu-item-28085"><div class="item"><a href="https://www.soscuisine.com/blog/category/events/">Events</a></div></li>
	<li id="menu-item-28130" class="menu-item menu-item-type-taxonomy menu-item-object-category menu-item-28130"><div class="item"><a href="https://www.soscuisine.com/blog/category/library/">In our Library</a></div></li>
	<li id="menu-item-28088" class="menu-item menu-item-type-taxonomy menu-item-object-category menu-item-28088"><div class="item"><a href="https://www.soscuisine.com/blog/category/media-coverage/">Media Coverage</a></div></li>
	<li id="menu-item-44789" class="drop_img menu-item menu-item-type-post_type menu-item-object-page menu-item-44789"><div class="item"><a href="https://www.soscuisine.com/inspiration/mediterranean-diet/">The Mediterranean Diet</a></div></li>
	<li id="menu-item-44791" class="drop_img menu-item menu-item-type-post_type menu-item-object-page menu-item-44791"><div class="item"><a href="https://www.soscuisine.com/inspiration/">Find your inspiration with recipes, ideas, tips, and more!</a></div></li>
	<li id="menu-item-28108" class="drop_img menu-item menu-item-type-post_type menu-item-object-page menu-item-28108"><div class="item"><a href="https://www.soscuisine.com/about/">About Us</a></div></li>
	<li id="menu-item-36471" class="drop_img menu-item menu-item-type-custom menu-item-object-custom menu-item-36471"><div class="item"><a href="https://www.soscuisine.com/blog/the-fodmap-solution">Book: The FODMAP Solution</a></div></li>
</ul><div class="drop-visual">
						<div class="frame">
							<div class="col">
								<a href="https://www.soscuisine.com/inspiration/mediterranean-diet/"><img width="347" height="139" src="https://www.soscuisine.com/wp-content/uploads/2017/06/medi-wide.jpg" class="attachment-full size-full" alt="" srcset="https://www.soscuisine.com/wp-content/uploads/2017/06/medi-wide.jpg 347w, https://www.soscuisine.com/wp-content/uploads/2017/06/medi-wide-150x60.jpg 150w" sizes="(max-width: 347px) 100vw, 347px"><br><strong class="title">The Mediterranean Diet</strong>
								</a><br class="clear">
							</div><div class="col">
								<a href="https://www.soscuisine.com/inspiration/"><img width="347" height="139" src="https://www.soscuisine.com/wp-content/uploads/2016/10/inspiration-dossiers-menu-img.jpg" class="attachment-full size-full" alt="inspiration-dossiers-menu-img" srcset="https://www.soscuisine.com/wp-content/uploads/2016/10/inspiration-dossiers-menu-img.jpg 347w, https://www.soscuisine.com/wp-content/uploads/2016/10/inspiration-dossiers-menu-img-150x60.jpg 150w, https://www.soscuisine.com/wp-content/uploads/2016/10/inspiration-dossiers-menu-img-300x120.jpg 300w" sizes="(max-width: 347px) 100vw, 347px"><br><strong class="title">Find your inspiration with recipes, ideas, tips, and more!</strong>
								</a><br class="clear">
							</div><div class="col">
								<a href="https://www.soscuisine.com/about/"><img width="500" height="201" src="https://www.soscuisine.com/wp-content/uploads/2015/08/equipe-wide.jpg" class="attachment-full size-full" alt="" srcset="https://www.soscuisine.com/wp-content/uploads/2015/08/equipe-wide.jpg 500w, https://www.soscuisine.com/wp-content/uploads/2015/08/equipe-wide-150x60.jpg 150w, https://www.soscuisine.com/wp-content/uploads/2015/08/equipe-wide-300x121.jpg 300w" sizes="(max-width: 500px) 100vw, 500px"><br><strong class="title">About Us</strong>
								</a><br class="clear">
							</div><div class="col">
								<a href="https://www.soscuisine.com/blog/the-fodmap-solution"><img width="347" height="140" src="https://www.soscuisine.com/wp-content/uploads/2017/04/Say-bye-to-abdominal-pain.jpg" class="attachment-full size-full" alt="" srcset="https://www.soscuisine.com/wp-content/uploads/2017/04/Say-bye-to-abdominal-pain.jpg 347w, https://www.soscuisine.com/wp-content/uploads/2017/04/Say-bye-to-abdominal-pain-150x61.jpg 150w" sizes="(max-width: 347px) 100vw, 347px"><br><strong class="title">Book: The FODMAP Solution</strong>
								</a><br class="clear">
							</div>
						</div>
					</div>
				</div></div></li>
</ul>							</div>
						</div>
					</div>
				</nav>
				<!-- main nav end -->
			</div>
		</div>
	</header>
	<!-- Change region popup -->
    <div id="changeRegion" class="changeRegion">
        <div class="countryPopup">
            <div class="popupContent">
                <a class="close" href="#">×</a>
                <div id="change-region-content">
                    <div id="main-areas-wrapper" class="row">
                        <div class="col-md-6 column">
                            <div class="single-area-wrapper">
                                <h3 class="single-area-title">
									NORTH AMERICA                                </h3>
                                <div class="single-country singleCountryCanada">
                                    <h3 class="single-country-title canadaTitle">
                                        <img src="//d33wubrfki0l68.cloudfront.net/f4ced338a2b28fd1d5655d5400b332924f22d7a7/a68a9/assets/images/flags/countries/flag-of-canada.png" alt="Canada">
										Canada                                    </h3>
                                    <ul class="single-country-cities">
                                        <li>
                                            <a href="//www.soscuisine.com/?lang=en&amp;sos_r=CA-AB">
                                                <h4>
                                                    <img src="/media/images/flag/AB.png" alt="Canada" class="provinceImg">
                                                    Alberta                                                </h4>
                                            </a>
                                        </li>
                                        <li>
                                            <a href="//www.soscuisine.com/?lang=en&amp;sos_r=CA-BC">
                                                <h4>
                                                    <img src="/media/images/flag/BC.png" alt="Canada" class="provinceImg">
                                                    British Columbia                                                </h4>
                                            </a>
                                        </li>
                                        <li>
                                            <a href="//www.soscuisine.com/?lang=en&amp;sos_r=CA-MB">
                                                <h4>
                                                    <img src="/media/images/flag/MB.png" alt="Canada" class="provinceImg">
                                                    Manitoba                                                </h4>
                                            </a>
                                        </li>
                                        <li>
                                            <a href="//www.soscuisine.com/?lang=en&amp;sos_r=CA-NB">
                                                <h4>
                                                    <img src="/media/images/flag/NB.png" alt="Canada" class="provinceImg">
                                                    New Brunswick                                                </h4>
                                            </a>
                                        </li>
                                        <li>
                                            <a href="//www.soscuisine.com/?lang=en&amp;sos_r=CA-NL">
                                                <h4>
                                                    <img src="/media/images/flag/NL.png" alt="Canada" class="provinceImg">
                                                    Newfoundland Labrador                                                </h4>
                                            </a>
                                        </li>
                                        <li>
                                            <a href="//www.soscuisine.com/?lang=en&amp;sos_r=CA-NS">
                                                <h4>
                                                    <img src="/media/images/flag/NS.png" alt="Canada" class="provinceImg">
                                                    Nova Scotia                                                </h4>
                                            </a>
                                        </li>
                                        <li>
                                            <a href="//www.soscuisine.com/?lang=en&amp;sos_r=CA-ON">
                                                <h4>
                                                    <img src="/media/images/flag/ON.png" alt="Canada" class="provinceImg">
                                                    Ontario                                                </h4>
                                            </a>
                                        </li>
                                        <li>
                                            <a href="//www.soscuisine.com/?lang=en&amp;sos_r=CA-PE">
                                                <h4>
                                                    <img src="/media/images/flag/PE.png" alt="Canada" class="provinceImg">
                                                    Prince Edward Island                                                </h4>
                                            </a>
                                        </li>
                                        <li>
                                            <a href="//www.soscuisine.com/?lang=en&amp;sos_r=CA-QC">
                                                <h4>
                                                    <img src="/media/images/flag/QC.png" alt="Canada" class="provinceImg">
													Quebec                                                </h4>
                                            </a>
                                        </li>
                                        <li>
                                            <a href="//www.soscuisine.com/?lang=en&amp;sos_r=CA-SK">
                                                <h4>
                                                    <img src="/media/images/flag/SK.png" alt="Canada" class="provinceImg">
                                                    Saskatchewan                                                </h4>
                                            </a>
                                        </li>
                                    </ul>
                                </div>
                                <a href="//www.soscuisine.com/?lang=en&amp;sos_r=US">
                                    <div class="single-country">
                                        <h3 class="single-country-title">
                                            <img src="//d33wubrfki0l68.cloudfront.net/575bc53a18e6edad6f149dd59e4d9bdbf51e2f90/2ad07/assets/images/flags/countries/flag-of-united-states-of-america.png" alt="United States">
											United States                                        </h3>
                                    </div>
                                </a>
                            </div>
                        </div>
                        <div class="col-md-6 column">
                            <div class="single-area-wrapper">
                                <h3 class="single-area-title">
		                            Europe                                </h3>
                                <a href="//www.soscuisine.be/?lang=en">
                                    <div class="single-country">
                                        <h3 class="single-country-title">
                                            <img src="//d33wubrfki0l68.cloudfront.net/110806a8ac19962e8cc3ba2d42c4f71c130cf8c0/9e9cd/assets/images/flags/countries/flag-of-belgium.png" alt="Belgium">
											Belgium                                            <span></span>
                                        </h3>
                                    </div>
                                </a>
                                <a href="//www.soscuisine.fr/?lang=en">
                                    <div class="single-country">
                                        <h3 class="single-country-title">
                                            <img src="//d33wubrfki0l68.cloudfront.net/815586530c1527638811ce047a20f08a87c2cca3/e921f/assets/images/flags/countries/flag-of-france.png" alt="France">
											France                                        </h3>
                                    </div>
                                </a>
                                <a href="//www.soscuisine.it/?lang=en">
                                    <div class="single-country">
                                        <h3 class="single-country-title">
                                            <img src="//d33wubrfki0l68.cloudfront.net/78540c8c719c9ee26710e6a8d1e8f25c0234710f/07123/assets/images/flags/countries/flag-of-italy.png" alt="Italy">
											Italy                                        </h3>
                                    </div>
                                </a>
                                <a href="//www.soscuisine.ch/?lang=en">
                                    <div class="single-country">
                                        <h3 class="single-country-title">
                                            <img src="//d33wubrfki0l68.cloudfront.net/c935f6ad0ddf3a0510bbced2a4877237a78d1ff7/618dc/assets/images/flags/countries/flag-of-switzerland.png" alt="Switzerland">
											Switzerland                                        </h3>
                                    </div>
                                </a>

                            </div>
                            <div class="single-area-wrapper">
                                <h3 class="single-area-title">
									Elsewhere                                </h3>
                                <a href="//www.soscuisine.com/?lang=en&amp;sos_r=UNKNOWN">
                                    <div class="single-country">
                                        <h3 class="single-country-title">
                                            <img src="//i.imgur.com/qjrTYtt.png" alt="Elsewhere">
											Elsewhere                                            <span></span>
                                        </h3>
                                    </div>
                                </a>
                            </div>
                        </div>
                    </div>
                </div>
            </div>
        </div>
    </div>
	<!-- Change region popup end -->
	<main id="main-wide" role="main" class="AB0" data-lang="en">
		
<script src="/wp-content/themes/soscuisinewp/js/cookies/js.cookie.js"></script>

<link rel="stylesheet" type="text/css" href="https://cdn.datatables.net/t/dt/dt-1.10.11,b-1.1.2,b-print-1.1.2,fh-3.1.1,r-2.0.2/datatables.min.css">

<script type="text/javascript" src="https://cdn.datatables.net/t/dt/dt-1.10.11,b-1.1.2,b-print-1.1.2,fh-3.1.1,r-2.0.2/datatables.min.js"></script>
<!--link rel="stylesheet" type="text/css" href="https://cdn.datatables.net/1.10.11/css/jquery.dataTables.min.css" /-->
<link media="all" rel="stylesheet" type="text/css" href="https://www.soscuisine.com/wp-content/themes/soscuisinewp/css/sios.css?07=19">
<link media="all" rel="stylesheet" type="text/css" href="https://www.soscuisine.com/wp-content/themes/soscuisinewp/css/powertour/powertour.min.3.1.0.css">
<link media="all" rel="stylesheet" type="text/css" href="https://www.soscuisine.com/wp-content/themes/soscuisinewp/css/powertour/powertour-style-clean.min.css">
<link media="all" rel="stylesheet" type="text/css" href="https://www.soscuisine.com/wp-content/themes/soscuisinewp/css/powertour/animate.min.css">
<link media="all" rel="stylesheet" type="text/css" href="https://www.soscuisine.com/wp-content/themes/soscuisinewp/css/powertour/powertour-mobile.css">
<style>
    td.details-control {cursor: pointer;}
    table.dataTable.dtr-inline.collapsed > tbody > tr > td:first-child::before, table.dataTable.dtr-inline.collapsed > tbody > tr > th:first-child::before {display: none;}
    table.dataTable.dtr-inline.collapsed.compact > tbody > tr > td:first-child, table.dataTable.dtr-inline.collapsed.compact > tbody > tr > th:first-child {padding-left: 4px;white-space: nowrap;}
    .fa-thumbs-up {color: #588a0f}
    .fa-thumbs-down {color: #CF0000}
    .dt-buttons {margin: 25px}
    .modalSOSPlus button.ui-button {outline: 1px solid #EBAD56 !important}
    table#example, input, .select-all, .select-none {cursor: pointer;}
    .menu-sub-link .right {font-style: normal}
    td.child ul {padding-left: 80px !important}
    </style>
<style media="print">
    .dataTables_length, .dataTables_filter, .dataTables_info, .dataTables_paginate, .dt-buttons {display: none !important;}
    .col-xs-12.col-sm-10.col-md-10.col-lg-10 {padding: 0;}
</style>
<script type="text/javascript">
    var currentWidth = window.innerWidth - 10;
    var maxWidth = currentWidth;
    if (maxWidth > 750) {
        maxWidth = 750;
    } else {
        maxWidth = currentWidth * 0.9;
    }
    var html = '<div class="modalSOSPlus"><a href="/en/plus"><img src="/media/images/sosplus/go_sosplus_en.jpg" style="max-width:' + maxWidth + '" /></a><b>Already a PLUS, PREMIUM or VIP? <a href="/membre_connexion.php?from=httphttp%3A%2F%2Fwww.soscuisine.com%2Fflyer_specials.php%3Fsos_l%3Den">Sign in</a></b></div>';

    var canAddToGL = 1;
    var languageDataTable = {
        sProcessing: "<i class='fa fa-spinner fa-spin fa-5x'></i>",
        searchPlaceholder: "Search...",
        sSearch: "_INPUT_",
        sLengthMenu: "Show _MENU_ results",
        sInfo: "Showing _START_ to _END_ of _TOTAL_ results",
        sInfoEmpty: "No result",
        sInfoFiltered: "(filtered from _MAX_ total results)",
        sLoadingRecords: "Loading...",
        sZeroRecords: "No result",
        sEmptyTable: "No data to display",
        oPaginate: {
            sFirst: "First",
            sPrevious: "<<",
            sNext: ">>",
            sLast: "Last"
        }
    };

    var buttonsDataTable = [
        {
            text: '<i class="fa fa-print" title="Print"></i>',
            action: function () {
                window.print();
            }
        },
        {
            text: '<i class="fas fa-redo"  title="Reload"></i>',
            action: function () {
                location.reload(true);
            }
        },
        {
            text: '<i class="fa fa-expand"  title="Show details"></i>',
            action: function (e, dt) {
                $(dt.table().node()).find("tr:not(.parent)>td:first-child").trigger("click");
            }
        },
        {
            text: '<i class="fa fa-compress"  title="Hide details"></i>',
            action: function (e, dt) {
                $(dt.table().node()).find("tr.parent>td:first-child").trigger("click");
            }
        },

                {
          text: '<i class="fa fa-table"  title="View by merchants"></i>&nbsp;View by merchants',
            action: function () {
                window.location = "/flyers-specials-mosaic?ignoreMode=1"

       }
        },

        
        {
            text: '<i class="fa fa-question-circle" id="start-tutorial" title="Help"></i>&nbsp;Help ',
            action: function (event) {
                event.stopPropagation();
                var GAType = 'Free';
                if (canAddToGL){
                    GAType = 'Paid';
                }
                ga('send', 'event', 'SIOS', GAType, 'Help Button');
                if(window.location.hostname!= 'admin.soscuisine.com') {
                    $.powerTour('run', 1);
                }
            }
        }
    ];

    var language = 'en';
    var regionCode = 'CA-ON';
    var regionId = '9';
    var appendURL = '?showFull=1';
    var dataKey = '61d011ee50cc644c0e08ba04c7e98cb6';

    var groceryListAdded = "This item was added to your grocery list";
    var groceryListContinue = "Continue with items on sale";
    var groceryListGoTo = "Go to my grocery list";
    var analyticTag = 'Paid';

$(document).ready(function () {
        if (window.innerWidth < 1026) {
            $('.toggle').removeClass('fa-minus-circle').addClass('fa-plus-circle');
        }
});
</script>
<div class="container-fluid">
    <div class="row">
        
            <div class="at-above-post-page addthis_tool" data-url="https://www.soscuisine.com/grocery-flyers/"></div><div class="container-fluid">
<div class="container set-width">
<div class="row left-text">
<div class="col-md-12">
<p id="breadcrumbs grey splashBigText"><strong><span><span><a href="https://www.soscuisine.com/">Home</a> » <span class="breadcrumb_last">Grocery Flyers Wizard – Find the TRUE bargains</span></span></span></strong></p>
<h1 class="bigGrey left-text" style="padding: 0; text-align: left; margin-top: 15px; margin-bottom: 15px;">Grocery Flyers Comparison Wizard</h1>
</div></div>
</div>
</div>
<p>    <!-- end of breadcrumbs--></p>
<div id="flyerSpecial"></div>
<!-- AddThis Advanced Settings above via filter on the_content --><!-- AddThis Advanced Settings below via filter on the_content --><!-- AddThis Advanced Settings generic via filter on the_content --><!-- AddThis Share Buttons above via filter on the_content --><!-- AddThis Share Buttons below via filter on the_content --><div class="at-below-post-page addthis_tool" data-url="https://www.soscuisine.com/grocery-flyers/"></div><!-- AddThis Share Buttons generic via filter on the_content -->                                </div>
    <div class="row menu-tuto-sios" data-link-grocery-list="/meal-plan/grocery-list/">
        <div class="col-xs-12 col-sm-12 col-md-3 col-lg-2 not_printable">
            <div class="menu" id="menu">
                <ul>
                    <li><span class="list-header">
                            <i class="fa fa-shopping-basket"></i>
                            Aisles                        </span>
                        <i class="fa right toggle fa-plus-circle"></i>
                        <div class="link-well">
                            <ul>
                                <li class="menu-sub-link">
                                    <input type="checkbox" name="aisle" value="16" id="aisle16" checked="checked">
                                    <label for="aisle16">
                                        Fruits                                    </label>
                                </li>
                                <li class="menu-sub-link">
                                    <input type="checkbox" name="aisle" value="17" id="aisle17" checked="checked">
                                    <label for="aisle17">
                                        Vegetables                                    </label>
                                </li>
                                <li class="menu-sub-link">
                                    <input type="checkbox" name="aisle" value="15" id="aisle15" checked="checked">
                                    <label for="aisle15">
                                        Herbs                                    </label>
                                </li>
                                <li class="menu-sub-link">
                                    <input type="checkbox" name="aisle" value="5" id="aisle5" checked="checked">
                                    <label for="aisle5">
                                        Dairy Products                                    </label>
                                </li>
                                <li class="menu-sub-link">
                                    <input type="checkbox" name="aisle" value="6" id="aisle6" checked="checked">
                                    <label for="aisle6">
                                        Meat &amp; Poultry                                    </label>
                                </li>
                                <li class="menu-sub-link">
                                    <input type="checkbox" name="aisle" value="7" id="aisle7" checked="checked">
                                    <label for="aisle7">
                                        Fish &amp; Seafood                                    </label>
                                </li>
                                <li class="menu-sub-link">
                                    <input type="checkbox" name="aisle" value="13" id="aisle13" checked="checked">
                                    <label for="aisle13">
                                        Refrigerated Items                                    </label>
                                </li>
                                <li class="menu-sub-link">
                                    <input type="checkbox" name="aisle" value="8" id="aisle8" checked="checked">
                                    <label for="aisle8">
                                        Frozen Foods                                    </label>
                                </li>
                                <li class="menu-sub-link">
                                    <input type="checkbox" name="aisle" value="9" id="aisle9" checked="checked">
                                    <label for="aisle9">
                                        Pasta &amp; Rice                                    </label>
                                </li>
                                <li class="menu-sub-link">
                                    <input type="checkbox" name="aisle" value="22" id="aisle22" checked="checked">
                                    <label for="aisle22">
                                        Bakery                                    </label>
                                </li>
                                <li class="menu-sub-link">
                                    <input type="checkbox" name="aisle" value="24" id="aisle24" checked="checked">
                                    <label for="aisle24">
                                        Baking Products                                    </label>
                                </li>
                                <li class="menu-sub-link">
                                    <input type="checkbox" name="aisle" value="18" id="aisle18" checked="checked">
                                    <label for="aisle18">
                                        Spices                                    </label>
                                </li>
                                <li class="menu-sub-link">
                                    <input type="checkbox" name="aisle" value="19" id="aisle19" checked="checked">
                                    <label for="aisle19">
                                        Oil &amp; Vinegar                                    </label>
                                </li>
                                <li class="menu-sub-link">
                                    <input type="checkbox" name="aisle" value="20" id="aisle20" checked="checked">
                                    <label for="aisle20">
                                        Condiments                                    </label>
                                </li>
                                <li class="menu-sub-link">
                                    <input type="checkbox" name="aisle" value="21" id="aisle21" checked="checked">
                                    <label for="aisle21">
                                        Nuts                                    </label>
                                </li>
                                <li class="menu-sub-link">
                                    <input type="checkbox" name="aisle" value="23" id="aisle23" checked="checked">
                                    <label for="aisle23">
                                        Canned Food                                    </label>
                                </li>
                                <li class="menu-sub-link">
                                    <input type="checkbox" name="aisle" value="10" id="aisle10" checked="checked">
                                    <label for="aisle10">
                                        Dry Good                                    </label>
                                </li>
                                <li class="menu-sub-link">
                                    <input type="checkbox" name="aisle" value="26" id="aisle26" checked="checked">
                                    <label for="aisle26">
                                        Gluten Free                                    </label>
                                </li>
                                <li class="menu-sub-link">
                                    <input type="checkbox" name="aisle" value="11" id="aisle11" checked="checked">
                                    <label for="aisle11">
                                        Alcohol                                    </label>
                                </li>
                                <li class="menu-sub-link">
                                    <input type="checkbox" name="aisle" value="27" id="aisle27" checked="checked">
                                    <label for="aisle27">
                                        Non Food                                    </label>
                                </li>
                            </ul>
                            <b class="select-all">Select All</b> |
                            <b class="select-none">Select None</b>
                        </div>
                    </li>
                    <li>
                        <span class="list-header">
                            <i class="fa fa-shopping-cart"></i>
                            Merchants                        </span>
                        <i class="fa right toggle fa-plus-circle"></i>
                        <div class="link-well">
                            <ul id="merchantList" data-count="A12">
                                <li><input type="checkbox" checked="checked" style="display:none" name="merchant" value="0"></li>
                                <li class="menu-sub-link"><input type="checkbox" name="merchant" value="38" id="merchant38" checked="checked"><label for="merchant38">Farm Boy</label></li><li class="menu-sub-link"><input type="checkbox" name="merchant" value="18" id="merchant18" checked="checked"><label for="merchant18">Food Basics</label></li><li class="menu-sub-link"><input type="checkbox" name="merchant" value="16" id="merchant16" checked="checked"><label for="merchant16">Foodland</label></li><li class="menu-sub-link"><input type="checkbox" name="merchant" value="70" id="merchant70" checked="checked"><label for="merchant70">FreshCo</label></li><li class="menu-sub-link"><input type="checkbox" name="merchant" value="19" id="merchant19" checked="checked"><label for="merchant19">Loblaws</label></li><li class="menu-sub-link"><input type="checkbox" name="merchant" value="20" id="merchant20" checked="checked"><label for="merchant20">Metro</label></li><li class="menu-sub-link"><input type="checkbox" name="merchant" value="14" id="merchant14" checked="checked"><label for="merchant14">No Frills</label></li><li class="menu-sub-link"><input type="checkbox" name="merchant" value="17" id="merchant17" checked="checked"><label for="merchant17">Price Chopper</label></li><li class="menu-sub-link"><input type="checkbox" name="merchant" value="52" id="merchant52" checked="checked"><label for="merchant52">Real Canadian Superstore</label></li><li class="menu-sub-link"><input type="checkbox" name="merchant" value="15" id="merchant15" checked="checked"><label for="merchant15">Sobeys</label></li><li class="menu-sub-link"><input type="checkbox" name="merchant" value="74" id="merchant74" checked="checked"><label for="merchant74">Walmart</label></li><li class="menu-sub-link"><input type="checkbox" name="merchant" value="39" id="merchant39" checked="checked"><label for="merchant39">Your Independent Grocer</label></li>                            </ul>
                            <b class="select-all">Select All</b> |
                            <b class="select-none">Select None</b>
                        </div>
                    </li>
                    <li>
                        <span class="list-header">
                            <i class="fa fa-thumbs-up" style="color: #000"></i>
                            Prices                        </span>
                        <i class="fa right toggle fa-plus-circle"></i>
                        <div class="link-well">
                            <ul>
                                <li class="menu-sub-link">
                                    <input type="checkbox" name="qualifier" value="GREAT_BARGAIN" id="GREAT_BARGAIN" checked="checked">
                                    <label for="GREAT_BARGAIN">
                                        Great Bargain                                        <i class="fa fa-thumbs-up"></i> <i class="fa fa-thumbs-up"></i>
                                    </label>
                                </li>
                                <li class="menu-sub-link">
                                    <input type="checkbox" name="qualifier" value="BARGAIN" id="BARGAIN" checked="checked">
                                    <label for="BARGAIN">
                                        Bargain                                        <i class="fa fa-thumbs-up"></i>
                                    </label>
                                </li>
                                <li class="menu-sub-link">
                                    <input type="checkbox" name="qualifier" value="NORMAL" id="NORMAL" checked="checked">
                                    <label for="NORMAL">
                                        So-So                                        <i class="fas fa-hand-rock"></i>
                                    </label>
                                </li>
                                <li class="menu-sub-link">
                                    <input type="checkbox" name="qualifier" value="BAD" id="BAD" checked="checked">
                                    <label for="BAD">
                                        Pricey                                        <i class="fa fa-thumbs-down"></i>
                                    </label>
                                </li>
                                <li class="menu-sub-link">
                                    <input type="checkbox" name="qualifier" value="UNKNOWN" id="UNKNOWN" checked="checked">
                                    <label for="UNKNOWN">
                                        Not Qualifiable                                        <i class="fas fa-exclamation"></i>
                                        <i class="fas fa-circle" style="padding-right: 5px"></i>
                                    </label>
                                </li>
                            </ul>
                            <b class="select-all">Select All</b> |
                            <b class="select-none">Select None</b>
                        </div>
                    </li>
                </ul>
            </div>
        </div>
        <div class="col-xs-12 col-sm-12 col-md-9 col-lg-10">
            <div>
                <i class="fa fa-spinner fa-spin fa-5x" style="display: none;"></i>
                <div class="sios-click-note"><p><i class="fa fa-info-circle" aria-hidden="true"></i>Click on rows to reveal more information</p></div><div id="example_wrapper" class="dataTables_wrapper no-footer" style="display: block;"><div class="dataTables_length" id="example_length"><label>Show <select name="example_length" aria-controls="example" class=""><option value="25">25</option><option value="50">50</option><option value="75">75</option><option value="100">100</option><option value="-1">ALL</option></select> results</label></div><div class="dt-buttons"><a class="dt-button" tabindex="0" aria-controls="example"><span><i class="fa fa-print" title="Print"></i></span></a><a class="dt-button" tabindex="0" aria-controls="example"><span><i class="fas fa-redo" title="Reload"></i></span></a><a class="dt-button" tabindex="0" aria-controls="example"><span><i class="fa fa-expand" title="Show details"></i></span></a><a class="dt-button" tabindex="0" aria-controls="example" style="display: none;"><span><i class="fa fa-compress" title="Hide details"></i></span></a><a class="dt-button" tabindex="0" aria-controls="example"><span><i class="fa fa-table" title="View by merchants"></i>&nbsp;View by merchants</span></a><a class="dt-button" tabindex="0" aria-controls="example"><span><i class="fa fa-question-circle" id="start-tutorial" title="Help"></i>&nbsp;Help </span></a></div><div id="example_filter" class="dataTables_filter"><label><input type="search" class="" placeholder="Search..." aria-controls="example"></label></div><div id="example_processing" class="dataTables_processing" style="display: none;"><i class="fa fa-spinner fa-spin fa-5x" style="display: none;"></i></div><div class="dataTables_paginate paging_simple_numbers" id="example_paginate"><a class="paginate_button previous disabled" aria-controls="example" data-dt-idx="0" tabindex="0" id="example_previous">&lt;&lt;</a><span><a class="paginate_button current" aria-controls="example" data-dt-idx="1" tabindex="0">1</a></span><a class="paginate_button next disabled" aria-controls="example" data-dt-idx="2" tabindex="0" id="example_next">&gt;&gt;</a></div><table id="example" class="cell-border compact hover order-column dataTable no-footer dtr-inline collapsed" cellspacing="0" width="100%" role="grid" aria-describedby="example_info" style="width: 100%;">
                    <thead>
                        <tr role="row"><th class="all sorting" id="colThumbs" tabindex="0" aria-controls="example" rowspan="1" colspan="1" aria-label=": activate to sort column descending" style="width: 18px;"><i class="fa fa-thumbs-up" style="color: #000"></i></th><th class="sosmobile sostablet sosdesktop not_printable sorting_disabled" id="addToGroceryList" rowspan="1" colspan="1" aria-label="" style="width: 19px;"></th><th class="all sorting_disabled" rowspan="1" colspan="1" aria-label="" style="width: 41px;"></th><th class="all sorting" id="thItem" tabindex="0" aria-controls="example" rowspan="1" colspan="1" aria-label="
                                Item                            : activate to sort column ascending" style="width: 186px;">
                                Item                            </th><th class="sostablet sosdesktop not_printable sorting_asc" tabindex="0" aria-controls="example" rowspan="1" colspan="1" aria-sort="ascending" aria-label="
                                Aisle                            : activate to sort column descending" style="width: 34px;">
                                Aisle                            </th><th class="all sorting" tabindex="0" aria-controls="example" rowspan="1" colspan="1" aria-label="
                                Merchant                            : activate to sort column ascending" style="width: 148px;">
                                Merchant                            </th><th class="all sorting" tabindex="0" aria-controls="example" rowspan="1" colspan="1" aria-label="
                                Selling Price                            : activate to sort column ascending" style="width: 113px;">
                                Selling Price                            </th><th class="sostablet sosdesktop sorting" id="compPrice" tabindex="0" aria-controls="example" rowspan="1" colspan="1" aria-label="
                                Comparison Price                            : activate to sort column ascending" style="width: 126px;">
                                Comparison Price                            </th><th class="sosdesktop sorting" tabindex="0" aria-controls="example" rowspan="1" colspan="1" aria-label="
                                Valid until                            : activate to sort column ascending" style="width: 0px; display: none;">
                                Valid until                            </th><th class="sosdesktop sorting" tabindex="0" aria-controls="example" rowspan="1" colspan="1" aria-label="
                                Origin                            : activate to sort column ascending" style="width: 0px; display: none;">
                                Origin                            </th><th class="sosdesktop sorting" tabindex="0" aria-controls="example" rowspan="1" colspan="1" aria-label="
                                Brand                            : activate to sort column ascending" style="width: 0px; display: none;">
                                Brand                            </th><th class="sosdesktop sorting" tabindex="0" aria-controls="example" rowspan="1" colspan="1" aria-label="
                                Size                            : activate to sort column ascending" style="width: 0px; display: none;">
                                Size                            </th><th class="sosdesktop sorting" tabindex="0" aria-controls="example" rowspan="1" colspan="1" aria-label="
                                Type                            : activate to sort column ascending" style="width: 0px; display: none;">
                                Type                            </th><th class="sosdesktop sorting" tabindex="0" aria-controls="example" rowspan="1" colspan="1" aria-label="
                                Quality                            : activate to sort column ascending" style="width: 0px; display: none;">
                                Quality                            </th><th class="sosdesktop sorting" tabindex="0" aria-controls="example" rowspan="1" colspan="1" aria-label="
                                Condition                            : activate to sort column ascending" style="width: 0px; display: none;">
                                Condition                            </th><th class="none sorting" tabindex="0" aria-controls="example" rowspan="1" colspan="1" aria-label="
                                Notes                            : activate to sort column ascending" style="width: 0px; display: none;">
                                Notes                            </th><th class="none sorting" tabindex="0" aria-controls="example" rowspan="1" colspan="1" aria-label=": activate to sort column ascending" style="width: 0px; display: none;"></th></tr>
                    </thead>
                    <tbody>
                                            <tr role="row" class="odd"><td tabindex="0"><i class="fa fa-thumbs-up"></i><i class="fa fa-thumbs-up"></i></td><td class=" not_printable"><div class="addToGL" data-soscuisine-aisle="16" data-soscuisine-sip="3945481"><i class="fa fa-cart-plus" title="Add to My Grocery List"></i><div></div></div></td><td><img class="storeItemImage" itemprop="image" alt="apples" src="/media/images/store_item/64.jpg"></td><td>apples</td><td class="not_printable sorting_1">fruits</td><td><img style="width:50%;" src="/media/images/logos/marchands/18.png" alt="Food Basics"></td><td><span itemprop="price">$0.88</span><span itemprop="eligibleQuantity" itemscope="" itemtype="http://schema.org/QuantitativeValue">/<span itemprop="unitText">lb</span></span></td><td>$1.94/kg</td><td style="display: none;">2020-02-26</td><td style="display: none;">Ontario</td><td style="display: none;"></td><td style="display: none;"></td><td style="display: none;">Ambrosia</td><td style="display: none;"></td><td style="display: none;"></td><td style="display: none;"></td><td style="display: none;"><a class="recipeLink" href="/recipe_ingredient_search_results.php?query=(_QU5E__1__________64__[]_1_1)">Recipes with apples</a></td></tr><tr role="row" class="even"><td tabindex="0"><i class="fas fa-hand-rock"></i></td><td class=" not_printable"><div class="addToGL" data-soscuisine-aisle="16" data-soscuisine-sip="3941989"><i class="fa fa-cart-plus" title="Add to My Grocery List"></i><div></div></div></td><td><img class="storeItemImage" itemprop="image" alt="apples" src="/media/images/store_item/64.jpg"></td><td>apples</td><td class="not_printable sorting_1">fruits</td><td><img style="width:50%;" src="/media/images/logos/marchands/16.png" alt="Foodland"></td><td><span itemprop="price">$3.99</span><span itemprop="eligibleQuantity" itemscope="" itemtype="http://schema.org/QuantitativeValue">/<span itemprop="unitText">3lb (1,37kg)</span></span></td><td>$2.93/kg</td><td style="display: none;">2020-02-26</td><td style="display: none;">Ontario</td><td style="display: none;">house brand</td><td style="display: none;"></td><td style="display: none;">various types</td><td style="display: none;"></td><td style="display: none;"></td><td style="display: none;"></td><td style="display: none;"><a class="recipeLink" href="/recipe_ingredient_search_results.php?query=(_QU5E__1__________64__[]_1_1)">Recipes with apples</a></td></tr><tr role="row" class="odd"><td tabindex="0"><i class="fas fa-hand-rock"></i></td><td class=" not_printable"><div class="addToGL" data-soscuisine-aisle="16" data-soscuisine-sip="3944213"><i class="fa fa-cart-plus" title="Add to My Grocery List"></i><div></div></div></td><td><img class="storeItemImage" itemprop="image" alt="apples" src="/media/images/store_item/64.jpg"></td><td>apples</td><td class="not_printable sorting_1">fruits</td><td><img style="width:50%;" src="/media/images/logos/marchands/70.png" alt="FreshCo"></td><td><span itemprop="price">$1.25</span><span itemprop="eligibleQuantity" itemscope="" itemtype="http://schema.org/QuantitativeValue">/<span itemprop="unitText">lb</span></span></td><td>$2.76/kg</td><td style="display: none;">2020-02-26</td><td style="display: none;">Ontario</td><td style="display: none;"></td><td style="display: none;"></td><td style="display: none;">Gala</td><td style="display: none;"></td><td style="display: none;"></td><td style="display: none;">or Ambrosia</td><td style="display: none;"><a class="recipeLink" href="/recipe_ingredient_search_results.php?query=(_QU5E__1__________64__[]_1_1)">Recipes with apples</a></td></tr><tr role="row" class="even"><td tabindex="0"><i class="fas fa-hand-rock"></i></td><td class=" not_printable"><div class="addToGL" data-soscuisine-aisle="16" data-soscuisine-sip="3941623"><i class="fa fa-cart-plus" title="Add to My Grocery List"></i><div></div></div></td><td><img class="storeItemImage" itemprop="image" alt="apples" src="/media/images/store_item/64.jpg"></td><td>apples</td><td class="not_printable sorting_1">fruits</td><td><img style="width:50%;" src="/media/images/logos/marchands/19.png" alt="Loblaws"></td><td><span itemprop="price">$5.99</span><span itemprop="eligibleQuantity" itemscope="" itemtype="http://schema.org/QuantitativeValue">/<span itemprop="unitText">4lb (1,81kg)</span></span></td><td>$3.30/kg</td><td style="display: none;">2020-02-26</td><td style="display: none;">Ontario</td><td style="display: none;">house brand</td><td style="display: none;"></td><td style="display: none;">various types</td><td style="display: none;"></td><td style="display: none;"></td><td style="display: none;"></td><td style="display: none;"><a class="recipeLink" href="/recipe_ingredient_search_results.php?query=(_QU5E__1__________64__[]_1_1)">Recipes with apples</a></td></tr><tr role="row" class="odd"><td tabindex="0"><i class="fa fa-thumbs-down"></i></td><td class=" not_printable"><div class="addToGL" data-soscuisine-aisle="16" data-soscuisine-sip="3941453"><i class="fa fa-cart-plus" title="Add to My Grocery List"></i><div></div></div></td><td><img class="storeItemImage" itemprop="image" alt="apples" src="/media/images/store_item/64.jpg"></td><td>apples</td><td class="not_printable sorting_1">fruits</td><td><img style="width:50%;" src="/media/images/logos/marchands/19.png" alt="Loblaws"></td><td><span itemprop="price">$2.49</span><span itemprop="eligibleQuantity" itemscope="" itemtype="http://schema.org/QuantitativeValue">/<span itemprop="unitText">lb</span></span></td><td>$5.49/kg</td><td style="display: none;">2020-02-26</td><td style="display: none;">Ontario</td><td style="display: none;"></td><td style="display: none;"></td><td style="display: none;">Honeycrisp</td><td style="display: none;"></td><td style="display: none;"></td><td style="display: none;"></td><td style="display: none;"><a class="recipeLink" href="/recipe_ingredient_search_results.php?query=(_QU5E__1__________64__[]_1_1)">Recipes with apples</a></td></tr><tr role="row" class="even"><td tabindex="0"><i class="fa fa-thumbs-down"></i></td><td class=" not_printable"><div class="addToGL" data-soscuisine-aisle="16" data-soscuisine-sip="3941853"><i class="fa fa-cart-plus" title="Add to My Grocery List"></i><div></div></div></td><td><img class="storeItemImage" itemprop="image" alt="apples" src="/media/images/store_item/64.jpg"></td><td>apples</td><td class="not_printable sorting_1">fruits</td><td><img style="width:50%;" src="/media/images/logos/marchands/19.png" alt="Loblaws"></td><td><span itemprop="price">$2.99</span><span itemprop="eligibleQuantity" itemscope="" itemtype="http://schema.org/QuantitativeValue">/<span itemprop="unitText">lb</span></span></td><td>$6.59/kg</td><td style="display: none;">2020-02-26</td><td style="display: none;">USA</td><td style="display: none;"></td><td style="display: none;"></td><td style="display: none;">Jazz</td><td style="display: none;"></td><td style="display: none;"></td><td style="display: none;"></td><td style="display: none;"><a class="recipeLink" href="/recipe_ingredient_search_results.php?query=(_QU5E__1__________64__[]_1_1)">Recipes with apples</a></td></tr><tr role="row" class="odd"><td tabindex="0"><i class="fas fa-hand-rock"></i></td><td class=" not_printable"><div class="addToGL" data-soscuisine-aisle="16" data-soscuisine-sip="3945777"><i class="fa fa-cart-plus" title="Add to My Grocery List"></i><div></div></div></td><td><img class="storeItemImage" itemprop="image" alt="apples" src="/media/images/store_item/64.jpg"></td><td>apples</td><td class="not_printable sorting_1">fruits</td><td><img style="width:50%;" src="/media/images/logos/marchands/20.png" alt="Metro"></td><td><span itemprop="price">$3.99</span><span itemprop="eligibleQuantity" itemscope="" itemtype="http://schema.org/QuantitativeValue">/<span itemprop="unitText">3lb (1,37kg)</span></span></td><td>$2.93/kg</td><td style="display: none;">2020-02-26</td><td style="display: none;">Ontario</td><td style="display: none;"></td><td style="display: none;"></td><td style="display: none;">various types</td><td style="display: none;"></td><td style="display: none;"></td><td style="display: none;"></td><td style="display: none;"><a class="recipeLink" href="/recipe_ingredient_search_results.php?query=(_QU5E__1__________64__[]_1_1)">Recipes with apples</a></td></tr><tr role="row" class="even"><td tabindex="0"><i class="fas fa-hand-rock"></i></td><td class=" not_printable"><div class="addToGL" data-soscuisine-aisle="16" data-soscuisine-sip="3945779"><i class="fa fa-cart-plus" title="Add to My Grocery List"></i><div></div></div></td><td><img class="storeItemImage" itemprop="image" alt="apples" src="/media/images/store_item/64.jpg"></td><td>apples</td><td class="not_printable sorting_1">fruits</td><td><img style="width:50%;" src="/media/images/logos/marchands/20.png" alt="Metro"></td><td><span itemprop="price">$3.99</span><span itemprop="eligibleQuantity" itemscope="" itemtype="http://schema.org/QuantitativeValue">/<span itemprop="unitText">1,13kg</span></span></td><td>$3.53/kg</td><td style="display: none;">2020-02-26</td><td style="display: none;">Ontario</td><td style="display: none;"></td><td style="display: none;"></td><td style="display: none;">Red Prince</td><td style="display: none;"></td><td style="display: none;"></td><td style="display: none;"></td><td style="display: none;"><a class="recipeLink" href="/recipe_ingredient_search_results.php?query=(_QU5E__1__________64__[]_1_1)">Recipes with apples</a></td></tr><tr role="row" class="odd"><td tabindex="0"><i class="fa fa-thumbs-up"></i></td><td class=" not_printable"><div class="addToGL" data-soscuisine-aisle="16" data-soscuisine-sip="3945433"><i class="fa fa-cart-plus" title="Add to My Grocery List"></i><div></div></div></td><td><img class="storeItemImage" itemprop="image" alt="apples" src="/media/images/store_item/64.jpg"></td><td>apples</td><td class="not_printable sorting_1">fruits</td><td><img style="width:50%;" src="/media/images/logos/marchands/14.png" alt="No Frills"></td><td><span itemprop="price">$1.00</span><span itemprop="eligibleQuantity" itemscope="" itemtype="http://schema.org/QuantitativeValue">/<span itemprop="unitText">lb</span></span></td><td>$2.20/kg</td><td style="display: none;">2020-02-26</td><td style="display: none;">Ontario</td><td style="display: none;"></td><td style="display: none;"></td><td style="display: none;">Ambrosia</td><td style="display: none;"></td><td style="display: none;"></td><td style="display: none;">or Royal Gala</td><td style="display: none;"><a class="recipeLink" href="/recipe_ingredient_search_results.php?query=(_QU5E__1__________64__[]_1_1)">Recipes with apples</a></td></tr><tr role="row" class="even"><td tabindex="0"><i class="fas fa-hand-rock"></i></td><td class=" not_printable"><div class="addToGL" data-soscuisine-aisle="16" data-soscuisine-sip="3944469"><i class="fa fa-cart-plus" title="Add to My Grocery List"></i><div></div></div></td><td><img class="storeItemImage" itemprop="image" alt="apples" src="/media/images/store_item/64.jpg"></td><td>apples</td><td class="not_printable sorting_1">fruits</td><td><img style="width:50%;" src="/media/images/logos/marchands/17.png" alt="Price Chopper"></td><td><span itemprop="price">$1.25</span><span itemprop="eligibleQuantity" itemscope="" itemtype="http://schema.org/QuantitativeValue">/<span itemprop="unitText">lb</span></span></td><td>$2.76/kg</td><td style="display: none;">2020-02-26</td><td style="display: none;">Ontario</td><td style="display: none;"></td><td style="display: none;"></td><td style="display: none;">Gala</td><td style="display: none;"></td><td style="display: none;"></td><td style="display: none;">or Ambrosia</td><td style="display: none;"><a class="recipeLink" href="/recipe_ingredient_search_results.php?query=(_QU5E__1__________64__[]_1_1)">Recipes with apples</a></td></tr><tr role="row" class="odd"><td tabindex="0"><i class="fa fa-thumbs-up"></i><i class="fa fa-thumbs-up"></i></td><td class=" not_printable"><div class="addToGL" data-soscuisine-aisle="16" data-soscuisine-sip="3944867"><i class="fa fa-cart-plus" title="Add to My Grocery List"></i><div></div></div></td><td><img class="storeItemImage" itemprop="image" alt="apples" src="/media/images/store_item/64.jpg"></td><td>apples</td><td class="not_printable sorting_1">fruits</td><td><img style="width:50%;" src="/media/images/logos/marchands/52.png" alt="Real Canadian Superstore"></td><td><span itemprop="price">$3.98</span><span itemprop="eligibleQuantity" itemscope="" itemtype="http://schema.org/QuantitativeValue">/<span itemprop="unitText">6lb (2,72kg)</span></span></td><td>$1.46/kg</td><td style="display: none;">2020-02-26</td><td style="display: none;">Ontario</td><td style="display: none;">house brand</td><td style="display: none;"></td><td style="display: none;"></td><td style="display: none;"></td><td style="display: none;"></td><td style="display: none;">Naturally Imperfect</td><td style="display: none;"><a class="recipeLink" href="/recipe_ingredient_search_results.php?query=(_QU5E__1__________64__[]_1_1)">Recipes with apples</a></td></tr><tr role="row" class="even"><td tabindex="0"><i class="fas fa-hand-rock"></i></td><td class=" not_printable"><div class="addToGL" data-soscuisine-aisle="16" data-soscuisine-sip="3943433"><i class="fa fa-cart-plus" title="Add to My Grocery List"></i><div></div></div></td><td><img class="storeItemImage" itemprop="image" alt="apples" src="/media/images/store_item/64.jpg"></td><td>apples</td><td class="not_printable sorting_1">fruits</td><td><img style="width:50%;" src="/media/images/logos/marchands/15.png" alt="Sobeys"></td><td><span itemprop="price">$1.79</span><span itemprop="eligibleQuantity" itemscope="" itemtype="http://schema.org/QuantitativeValue">/<span itemprop="unitText">lb</span></span></td><td>$3.95/kg</td><td style="display: none;">2020-02-26</td><td style="display: none;">USA</td><td style="display: none;"></td><td style="display: none;"></td><td style="display: none;">Delicious</td><td style="display: none;"></td><td style="display: none;"></td><td style="display: none;"></td><td style="display: none;"><a class="recipeLink" href="/recipe_ingredient_search_results.php?query=(_QU5E__1__________64__[]_1_1)">Recipes with apples</a></td></tr><tr role="row" class="odd"><td tabindex="0"><i class="fa fa-thumbs-down"></i></td><td class=" not_printable"><div class="addToGL" data-soscuisine-aisle="16" data-soscuisine-sip="3943445"><i class="fa fa-cart-plus" title="Add to My Grocery List"></i><div></div></div></td><td><img class="storeItemImage" itemprop="image" alt="apples" src="/media/images/store_item/64.jpg"></td><td>apples</td><td class="not_printable sorting_1">fruits</td><td><img style="width:50%;" src="/media/images/logos/marchands/15.png" alt="Sobeys"></td><td><span itemprop="price">$1.99</span><span itemprop="eligibleQuantity" itemscope="" itemtype="http://schema.org/QuantitativeValue">/<span itemprop="unitText">lb</span></span></td><td>$4.39/kg</td><td style="display: none;">2020-02-26</td><td style="display: none;">USA</td><td style="display: none;"></td><td style="display: none;"></td><td style="display: none;">koru</td><td style="display: none;"></td><td style="display: none;"></td><td style="display: none;"></td><td style="display: none;"><a class="recipeLink" href="/recipe_ingredient_search_results.php?query=(_QU5E__1__________64__[]_1_1)">Recipes with apples</a></td></tr><tr role="row" class="even"><td tabindex="0"><i class="fa fa-thumbs-down"></i></td><td class=" not_printable"><div class="addToGL" data-soscuisine-aisle="16" data-soscuisine-sip="3943431"><i class="fa fa-cart-plus" title="Add to My Grocery List"></i><div></div></div></td><td><img class="storeItemImage" itemprop="image" alt="apples" src="/media/images/store_item/64.jpg"></td><td>apples</td><td class="not_printable sorting_1">fruits</td><td><img style="width:50%;" src="/media/images/logos/marchands/15.png" alt="Sobeys"></td><td><span itemprop="price">$1.99</span><span itemprop="eligibleQuantity" itemscope="" itemtype="http://schema.org/QuantitativeValue">/<span itemprop="unitText">lb</span></span></td><td>$4.39/kg</td><td style="display: none;">2020-02-26</td><td style="display: none;">USA</td><td style="display: none;"></td><td style="display: none;"></td><td style="display: none;">Delicious</td><td style="display: none;"></td><td style="display: none;"></td><td style="display: none;">Golden</td><td style="display: none;"><a class="recipeLink" href="/recipe_ingredient_search_results.php?query=(_QU5E__1__________64__[]_1_1)">Recipes with apples</a></td></tr><tr role="row" class="odd"><td tabindex="0"><i class="fa fa-thumbs-down"></i></td><td class=" not_printable"><div class="addToGL" data-soscuisine-aisle="16" data-soscuisine-sip="3943441"><i class="fa fa-cart-plus" title="Add to My Grocery List"></i><div></div></div></td><td><img class="storeItemImage" itemprop="image" alt="apples" src="/media/images/store_item/64.jpg"></td><td>apples</td><td class="not_printable sorting_1">fruits</td><td><img style="width:50%;" src="/media/images/logos/marchands/15.png" alt="Sobeys"></td><td><span itemprop="price">$1.99</span><span itemprop="eligibleQuantity" itemscope="" itemtype="http://schema.org/QuantitativeValue">/<span itemprop="unitText">lb</span></span></td><td>$4.39/kg</td><td style="display: none;">2020-02-26</td><td style="display: none;">Ontario</td><td style="display: none;"></td><td style="display: none;"></td><td style="display: none;">Ambrosia</td><td style="display: none;"></td><td style="display: none;"></td><td style="display: none;"></td><td style="display: none;"><a class="recipeLink" href="/recipe_ingredient_search_results.php?query=(_QU5E__1__________64__[]_1_1)">Recipes with apples</a></td></tr><tr role="row" class="even"><td tabindex="0"><i class="fas fa-hand-rock"></i></td><td class=" not_printable"><div class="addToGL" data-soscuisine-aisle="16" data-soscuisine-sip="3943315"><i class="fa fa-cart-plus" title="Add to My Grocery List"></i><div></div></div></td><td><img class="storeItemImage" itemprop="image" alt="apples" src="/media/images/store_item/64.jpg"></td><td>apples</td><td class="not_printable sorting_1">fruits</td><td><img style="width:50%;" src="/media/images/logos/marchands/39.png" alt="Your Independent Grocer"></td><td><span itemprop="price">$5.99</span><span itemprop="eligibleQuantity" itemscope="" itemtype="http://schema.org/QuantitativeValue">/<span itemprop="unitText">4lb (1,81kg)</span></span></td><td>$3.30/kg</td><td style="display: none;">2020-02-26</td><td style="display: none;">Ontario</td><td style="display: none;">house brand</td><td style="display: none;"></td><td style="display: none;">various types</td><td style="display: none;"></td><td style="display: none;"></td><td style="display: none;"></td><td style="display: none;"><a class="recipeLink" href="/recipe_ingredient_search_results.php?query=(_QU5E__1__________64__[]_1_1)">Recipes with apples</a></td></tr><tr role="row" class="odd"><td tabindex="0"><i class="fa fa-thumbs-down"></i></td><td class=" not_printable"><div class="addToGL" data-soscuisine-aisle="16" data-soscuisine-sip="3943675"><i class="fa fa-cart-plus" title="Add to My Grocery List"></i><div></div></div></td><td><img class="storeItemImage" itemprop="image" alt="apples" src="/media/images/store_item/64.jpg"></td><td>apples</td><td class="not_printable sorting_1">fruits</td><td><img style="width:50%;" src="/media/images/logos/marchands/39.png" alt="Your Independent Grocer"></td><td><span itemprop="price">$3.29</span><span itemprop="eligibleQuantity" itemscope="" itemtype="http://schema.org/QuantitativeValue">/<span itemprop="unitText">lb</span></span></td><td>$7.25/kg</td><td style="display: none;">2020-02-26</td><td style="display: none;">USA</td><td style="display: none;"></td><td style="display: none;"></td><td style="display: none;">Jazz</td><td style="display: none;"></td><td style="display: none;"></td><td style="display: none;"></td><td style="display: none;"><a class="recipeLink" href="/recipe_ingredient_search_results.php?query=(_QU5E__1__________64__[]_1_1)">Recipes with apples</a></td></tr><tr role="row" class="even"><td tabindex="0"><i class="fas fa-hand-rock"></i></td><td class=" not_printable"><div class="addToGL" data-soscuisine-aisle="16" data-soscuisine-sip="3945767"><i class="fa fa-cart-plus" title="Add to My Grocery List"></i><div></div></div></td><td><img class="storeItemImage" itemprop="image" alt="apples ORGANIC" src="/media/images/store_item/686.jpg"></td><td>apples ORGANIC</td><td class="not_printable sorting_1">fruits</td><td><img style="width:50%;" src="/media/images/logos/marchands/20.png" alt="Metro"></td><td><span itemprop="price">$4.99</span><span itemprop="eligibleQuantity" itemscope="" itemtype="http://schema.org/QuantitativeValue">/<span itemprop="unitText">2lb (907g)</span></span></td><td>$5.50/kg</td><td style="display: none;">2020-02-26</td><td style="display: none;">USA</td><td style="display: none;"></td><td style="display: none;"></td><td style="display: none;">various types</td><td style="display: none;"></td><td style="display: none;"></td><td style="display: none;"></td><td style="display: none;"><a class="recipeLink" href="/recipe_ingredient_search_results.php?query=(_QU5E__1__________686__[]_1_1)">Recipes with apples ORGANIC</a></td></tr><tr role="row" class="odd"><td tabindex="0"><i class="fas fa-hand-rock"></i></td><td class=" not_printable"><div class="addToGL" data-soscuisine-aisle="16" data-soscuisine-sip="3941625"><i class="fa fa-cart-plus" title="Add to My Grocery List"></i><div></div></div></td><td><img class="storeItemImage" itemprop="image" alt="apples, green, Granny Smith" src="/media/images/store_item/569.jpg"></td><td>apples, green, Granny Smith</td><td class="not_printable sorting_1">fruits</td><td><img style="width:50%;" src="/media/images/logos/marchands/19.png" alt="Loblaws"></td><td><span itemprop="price">$5.99</span><span itemprop="eligibleQuantity" itemscope="" itemtype="http://schema.org/QuantitativeValue">/<span itemprop="unitText">4lb (1,81kg)</span></span></td><td>$3.30/kg</td><td style="display: none;">2020-02-26</td><td style="display: none;">USA</td><td style="display: none;"></td><td style="display: none;"></td><td style="display: none;"></td><td style="display: none;"></td><td style="display: none;"></td><td style="display: none;"></td><td style="display: none;"><a class="recipeLink" href="/recipe_ingredient_search_results.php?query=(_QU5E__1__________569__[]_1_1)">Recipes with apples, green, Granny Smith</a></td></tr><tr role="row" class="even"><td tabindex="0"><i class="fa fa-thumbs-down"></i></td><td class=" not_printable"><div class="addToGL" data-soscuisine-aisle="16" data-soscuisine-sip="3943437"><i class="fa fa-cart-plus" title="Add to My Grocery List"></i><div></div></div></td><td><img class="storeItemImage" itemprop="image" alt="apples, green, Granny Smith" src="/media/images/store_item/569.jpg"></td><td>apples, green, Granny Smith</td><td class="not_printable sorting_1">fruits</td><td><img style="width:50%;" src="/media/images/logos/marchands/15.png" alt="Sobeys"></td><td><span itemprop="price">$1.99</span><span itemprop="eligibleQuantity" itemscope="" itemtype="http://schema.org/QuantitativeValue">/<span itemprop="unitText">lb</span></span></td><td>$4.39/kg</td><td style="display: none;">2020-02-26</td><td style="display: none;">USA</td><td style="display: none;"></td><td style="display: none;"></td><td style="display: none;"></td><td style="display: none;"></td><td style="display: none;"></td><td style="display: none;"></td><td style="display: none;"><a class="recipeLink" href="/recipe_ingredient_search_results.php?query=(_QU5E__1__________569__[]_1_1)">Recipes with apples, green, Granny Smith</a></td></tr><tr role="row" class="odd"><td tabindex="0"><i class="fas fa-hand-rock"></i></td><td class=" not_printable"><div class="addToGL" data-soscuisine-aisle="16" data-soscuisine-sip="3943317"><i class="fa fa-cart-plus" title="Add to My Grocery List"></i><div></div></div></td><td><img class="storeItemImage" itemprop="image" alt="apples, green, Granny Smith" src="/media/images/store_item/569.jpg"></td><td>apples, green, Granny Smith</td><td class="not_printable sorting_1">fruits</td><td><img style="width:50%;" src="/media/images/logos/marchands/39.png" alt="Your Independent Grocer"></td><td><span itemprop="price">$5.99</span><span itemprop="eligibleQuantity" itemscope="" itemtype="http://schema.org/QuantitativeValue">/<span itemprop="unitText">4lb (1,81kg)</span></span></td><td>$3.30/kg</td><td style="display: none;">2020-02-26</td><td style="display: none;">USA</td><td style="display: none;"></td><td style="display: none;"></td><td style="display: none;"></td><td style="display: none;"></td><td style="display: none;"></td><td style="display: none;"></td><td style="display: none;"><a class="recipeLink" href="/recipe_ingredient_search_results.php?query=(_QU5E__1__________569__[]_1_1)">Recipes with apples, green, Granny Smith</a></td></tr><tr role="row" class="even"><td tabindex="0"><i class="fa fa-thumbs-down"></i></td><td class=" not_printable"><div class="addToGL" data-soscuisine-aisle="16" data-soscuisine-sip="3941615"><i class="fa fa-cart-plus" title="Add to My Grocery List"></i><div></div></div></td><td><img class="storeItemImage" itemprop="image" alt="bananas" src="/media/images/store_item/63.jpg"></td><td>bananas</td><td class="not_printable sorting_1">fruits</td><td><img style="width:50%;" src="/media/images/logos/marchands/19.png" alt="Loblaws"></td><td><span itemprop="price">$0.57</span><span itemprop="eligibleQuantity" itemscope="" itemtype="http://schema.org/QuantitativeValue">/<span itemprop="unitText">lb</span></span></td><td>$1.26/kg</td><td style="display: none;">2020-02-26</td><td style="display: none;">Ecuador</td><td style="display: none;"></td><td style="display: none;"></td><td style="display: none;"></td><td style="display: none;"></td><td style="display: none;"></td><td style="display: none;">Colombia, Guatemala, Honduras or Costa Rica</td><td style="display: none;"><a class="recipeLink" href="/recipe_ingredient_search_results.php?query=(_QU5E__1__________63__[]_1_1)">Recipes with bananas</a></td></tr><tr role="row" class="odd"><td tabindex="0"><i class="fa fa-thumbs-down"></i></td><td class=" not_printable"><div class="addToGL" data-soscuisine-aisle="16" data-soscuisine-sip="3943325"><i class="fa fa-cart-plus" title="Add to My Grocery List"></i><div></div></div></td><td><img class="storeItemImage" itemprop="image" alt="bananas" src="/media/images/store_item/63.jpg"></td><td>bananas</td><td class="not_printable sorting_1">fruits</td><td><img style="width:50%;" src="/media/images/logos/marchands/39.png" alt="Your Independent Grocer"></td><td><span itemprop="price">$0.69</span><span itemprop="eligibleQuantity" itemscope="" itemtype="http://schema.org/QuantitativeValue">/<span itemprop="unitText">lb</span></span></td><td>$1.52/kg</td><td style="display: none;">2020-02-26</td><td style="display: none;">Ecuador</td><td style="display: none;"></td><td style="display: none;"></td><td style="display: none;"></td><td style="display: none;"></td><td style="display: none;"></td><td style="display: none;">Colombia, Guatemala, Honduras or Costa Rica</td><td style="display: none;"><a class="recipeLink" href="/recipe_ingredient_search_results.php?query=(_QU5E__1__________63__[]_1_1)">Recipes with bananas</a></td></tr><tr role="row" class="even"><td tabindex="0"><i class="fas fa-hand-rock"></i></td><td class=" not_printable"><div class="addToGL" data-soscuisine-aisle="16" data-soscuisine-sip="3944729"><i class="fa fa-cart-plus" title="Add to My Grocery List"></i><div></div></div></td><td><img class="storeItemImage" itemprop="image" alt="bananas ORGANIC" src="/media/images/store_item/691.jpg"></td><td>bananas ORGANIC</td><td class="not_printable sorting_1">fruits</td><td><img style="width:50%;" src="/media/images/logos/marchands/52.png" alt="Real Canadian Superstore"></td><td><span itemprop="price">$0.87</span><span itemprop="eligibleQuantity" itemscope="" itemtype="http://schema.org/QuantitativeValue">/<span itemprop="unitText">lb</span></span></td><td>$1.92/kg</td><td style="display: none;">2020-02-26</td><td style="display: none;">Ecuador</td><td style="display: none;">house brand</td><td style="display: none;"></td><td style="display: none;"></td><td style="display: none;"></td><td style="display: none;"></td><td style="display: none;">Peru, Colombia or Mexico</td><td style="display: none;"><a class="recipeLink" href="/recipe_ingredient_search_results.php?query=(_QU5E__1__________691__[]_1_1)">Recipes with bananas ORGANIC</a></td></tr><tr role="row" class="odd"><td tabindex="0"><i class="fas fa-hand-rock"></i></td><td class=" not_printable"><div class="addToGL" data-soscuisine-aisle="16" data-soscuisine-sip="3945575"><i class="fa fa-cart-plus" title="Add to My Grocery List"></i><div></div></div></td><td><img class="storeItemImage" itemprop="image" alt="blackberries" src="/media/images/store_item/85.jpg"></td><td>blackberries</td><td class="not_printable sorting_1">fruits</td><td><img style="width:50%;" src="/media/images/logos/marchands/18.png" alt="Food Basics"></td><td><span itemprop="price">$5.00</span><span itemprop="eligibleQuantity" itemscope="" itemtype="http://schema.org/QuantitativeValue">/<span itemprop="value">2</span>x<span itemprop="unitText">6oz (171g)</span></span></td><td>$14.62/kg</td><td style="display: none;">2020-02-26</td><td style="display: none;">Mexico</td><td style="display: none;"></td><td style="display: none;"></td><td style="display: none;"></td><td style="display: none;"></td><td style="display: none;"></td><td style="display: none;"></td><td style="display: none;"><a class="recipeLink" href="/recipe_ingredient_search_results.php?query=(_QU5E__1__________85__[]_1_1)">Recipes with blackberries</a></td></tr><tr role="row" class="even"><td tabindex="0"><i class="fas fa-hand-rock"></i></td><td class=" not_printable"><div class="addToGL" data-soscuisine-aisle="16" data-soscuisine-sip="3945755"><i class="fa fa-cart-plus" title="Add to My Grocery List"></i><div></div></div></td><td><img class="storeItemImage" itemprop="image" alt="blackberries" src="/media/images/store_item/85.jpg"></td><td>blackberries</td><td class="not_printable sorting_1">fruits</td><td><img style="width:50%;" src="/media/images/logos/marchands/20.png" alt="Metro"></td><td><span itemprop="price">$5.00</span><span itemprop="eligibleQuantity" itemscope="" itemtype="http://schema.org/QuantitativeValue">/<span itemprop="value">2</span>x<span itemprop="unitText">6oz (171g)</span></span></td><td>$14.62/kg</td><td style="display: none;">2020-02-26</td><td style="display: none;">Mexico</td><td style="display: none;"></td><td style="display: none;"></td><td style="display: none;"></td><td style="display: none;"></td><td style="display: none;"></td><td style="display: none;"></td><td style="display: none;"><a class="recipeLink" href="/recipe_ingredient_search_results.php?query=(_QU5E__1__________85__[]_1_1)">Recipes with blackberries</a></td></tr><tr role="row" class="odd"><td tabindex="0"><i class="fa fa-thumbs-up"></i></td><td class=" not_printable"><div class="addToGL" data-soscuisine-aisle="16" data-soscuisine-sip="3944735"><i class="fa fa-cart-plus" title="Add to My Grocery List"></i><div></div></div></td><td><img class="storeItemImage" itemprop="image" alt="blueberries" src="/media/images/store_item/87.jpg"></td><td>blueberries</td><td class="not_printable sorting_1">fruits</td><td><img style="width:50%;" src="/media/images/logos/marchands/52.png" alt="Real Canadian Superstore"></td><td><span itemprop="price">$4.98</span><span itemprop="eligibleQuantity" itemscope="" itemtype="http://schema.org/QuantitativeValue">/<span itemprop="unitText">18oz (510g)</span></span></td><td>$9.76/kg</td><td style="display: none;">2020-02-26</td><td style="display: none;">Peru</td><td style="display: none;"></td><td style="display: none;"></td><td style="display: none;"></td><td style="display: none;"></td><td style="display: none;"></td><td style="display: none;">Chile or Argentina</td><td style="display: none;"><a class="recipeLink" href="/recipe_ingredient_search_results.php?query=(_QU5E__1__________87__[]_1_1)">Recipes with blueberries</a></td></tr><tr role="row" class="even"><td tabindex="0"><i class="fa fa-thumbs-up"></i></td><td class=" not_printable"><div class="addToGL" data-soscuisine-aisle="16" data-soscuisine-sip="3943383"><i class="fa fa-cart-plus" title="Add to My Grocery List"></i><div></div></div></td><td><img class="storeItemImage" itemprop="image" alt="blueberries" src="/media/images/store_item/87.jpg"></td><td>blueberries</td><td class="not_printable sorting_1">fruits</td><td><img style="width:50%;" src="/media/images/logos/marchands/15.png" alt="Sobeys"></td><td><span itemprop="price">$6.00</span><span itemprop="eligibleQuantity" itemscope="" itemtype="http://schema.org/QuantitativeValue">/<span itemprop="value">2</span> pints (US dry)</span></td><td>$8.82/kg</td><td style="display: none;">2020-02-26</td><td style="display: none;">Chile</td><td style="display: none;"></td><td style="display: none;"></td><td style="display: none;"></td><td style="display: none;"></td><td style="display: none;"></td><td style="display: none;"></td><td style="display: none;"><a class="recipeLink" href="/recipe_ingredient_search_results.php?query=(_QU5E__1__________87__[]_1_1)">Recipes with blueberries</a></td></tr><tr role="row" class="odd"><td tabindex="0"><i class="fa fa-thumbs-up"></i><i class="fa fa-thumbs-up"></i></td><td class=" not_printable"><div class="addToGL" data-soscuisine-aisle="16" data-soscuisine-sip="3943283"><i class="fa fa-cart-plus" title="Add to My Grocery List"></i><div></div></div></td><td><img class="storeItemImage" itemprop="image" alt="blueberries" src="/media/images/store_item/87.jpg"></td><td>blueberries</td><td class="not_printable sorting_1">fruits</td><td><img style="width:50%;" src="/media/images/logos/marchands/39.png" alt="Your Independent Grocer"></td><td><span itemprop="price">$3.99</span><span itemprop="eligibleQuantity" itemscope="" itemtype="http://schema.org/QuantitativeValue">/<span itemprop="unitText">18oz (510g)</span></span></td><td>$7.82/kg</td><td style="display: none;">2020-02-26</td><td style="display: none;">Peru</td><td style="display: none;"></td><td style="display: none;"></td><td style="display: none;"></td><td style="display: none;"></td><td style="display: none;"></td><td style="display: none;">Chile or Argentina</td><td style="display: none;"><a class="recipeLink" href="/recipe_ingredient_search_results.php?query=(_QU5E__1__________87__[]_1_1)">Recipes with blueberries</a></td></tr><tr role="row" class="even"><td tabindex="0"><i class="fa fa-thumbs-down"></i></td><td class=" not_printable"><div class="addToGL" data-soscuisine-aisle="16" data-soscuisine-sip="3945077"><i class="fa fa-cart-plus" title="Add to My Grocery List"></i><div></div></div></td><td><img class="storeItemImage" itemprop="image" alt="blueberries ORGANIC" src="/media/images/store_item/717.jpg"></td><td>blueberries ORGANIC</td><td class="not_printable sorting_1">fruits</td><td><img style="width:50%;" src="/media/images/logos/marchands/38.png" alt="Farm Boy"></td><td><span itemprop="price">$3.99</span><span itemprop="eligibleQuantity" itemscope="" itemtype="http://schema.org/QuantitativeValue">/<span itemprop="unitText">6oz (171g)</span></span></td><td>$23.33/kg</td><td style="display: none;">2020-02-26</td><td style="display: none;">Mexico</td><td style="display: none;"></td><td style="display: none;"></td><td style="display: none;"></td><td style="display: none;"></td><td style="display: none;"></td><td style="display: none;"></td><td style="display: none;"><a class="recipeLink" href="/recipe_ingredient_search_results.php?query=(_QU5E__1__________717__[]_1_1)">Recipes with blueberries ORGANIC</a></td></tr><tr role="row" class="odd"><td tabindex="0"><i class="fa fa-thumbs-up"></i><i class="fa fa-thumbs-up"></i></td><td class=" not_printable"><div class="addToGL" data-soscuisine-aisle="16" data-soscuisine-sip="3944777"><i class="fa fa-cart-plus" title="Add to My Grocery List"></i><div></div></div></td><td><img class="storeItemImage" itemprop="image" alt="blueberries ORGANIC" src="/media/images/store_item/717.jpg"></td><td>blueberries ORGANIC</td><td class="not_printable sorting_1">fruits</td><td><img style="width:50%;" src="/media/images/logos/marchands/52.png" alt="Real Canadian Superstore"></td><td><span itemprop="price">$3.98</span><span itemprop="eligibleQuantity" itemscope="" itemtype="http://schema.org/QuantitativeValue">/<span itemprop="unitText">12oz (340g)</span></span></td><td>$11.71/kg</td><td style="display: none;">2020-02-26</td><td style="display: none;">Peru</td><td style="display: none;"></td><td style="display: none;"></td><td style="display: none;"></td><td style="display: none;"></td><td style="display: none;"></td><td style="display: none;">Chile or Argentina</td><td style="display: none;"><a class="recipeLink" href="/recipe_ingredient_search_results.php?query=(_QU5E__1__________717__[]_1_1)">Recipes with blueberries ORGANIC</a></td></tr><tr role="row" class="even"><td tabindex="0"><i class="fa fa-thumbs-down"></i></td><td class=" not_printable"><div class="addToGL" data-soscuisine-aisle="16" data-soscuisine-sip="3943377"><i class="fa fa-cart-plus" title="Add to My Grocery List"></i><div></div></div></td><td><img class="storeItemImage" itemprop="image" alt="blueberries ORGANIC" src="/media/images/store_item/717.jpg"></td><td>blueberries ORGANIC</td><td class="not_printable sorting_1">fruits</td><td><img style="width:50%;" src="/media/images/logos/marchands/15.png" alt="Sobeys"></td><td><span itemprop="price">$7.00</span><span itemprop="eligibleQuantity" itemscope="" itemtype="http://schema.org/QuantitativeValue">/<span itemprop="value">2</span>x<span itemprop="unitText">6oz (171g)</span></span></td><td>$20.47/kg</td><td style="display: none;">2020-02-26</td><td style="display: none;">Chile</td><td style="display: none;"></td><td style="display: none;"></td><td style="display: none;"></td><td style="display: none;"></td><td style="display: none;"></td><td style="display: none;"></td><td style="display: none;"><a class="recipeLink" href="/recipe_ingredient_search_results.php?query=(_QU5E__1__________717__[]_1_1)">Recipes with blueberries ORGANIC</a></td></tr><tr role="row" class="odd"><td tabindex="0"><i class="fas fa-hand-rock"></i></td><td class=" not_printable"><div class="addToGL" data-soscuisine-aisle="16" data-soscuisine-sip="3945573"><i class="fa fa-cart-plus" title="Add to My Grocery List"></i><div></div></div></td><td><img class="storeItemImage" itemprop="image" alt="cantaloupes" src="/media/images/store_item/74.jpg"></td><td>cantaloupes</td><td class="not_printable sorting_1">fruits</td><td><img style="width:50%;" src="/media/images/logos/marchands/18.png" alt="Food Basics"></td><td><span itemprop="price">$5.00</span><span itemprop="eligibleQuantity" itemscope="" itemtype="http://schema.org/QuantitativeValue">/<span itemprop="value">2</span></span></td><td>$2.50/kg</td><td style="display: none;">2020-02-26</td><td style="display: none;">Guatemala</td><td style="display: none;"></td><td style="display: none;">standard</td><td style="display: none;"></td><td style="display: none;"></td><td style="display: none;"></td><td style="display: none;"></td><td style="display: none;"><a class="recipeLink" href="/recipe_ingredient_search_results.php?query=(_QU5E__1__________74__[]_1_1)">Recipes with cantaloupes</a></td></tr><tr role="row" class="even"><td tabindex="0"><i class="fas fa-hand-rock"></i></td><td class=" not_printable"><div class="addToGL" data-soscuisine-aisle="16" data-soscuisine-sip="3941457"><i class="fa fa-cart-plus" title="Add to My Grocery List"></i><div></div></div></td><td><img class="storeItemImage" itemprop="image" alt="cantaloupes" src="/media/images/store_item/74.jpg"></td><td>cantaloupes</td><td class="not_printable sorting_1">fruits</td><td><img style="width:50%;" src="/media/images/logos/marchands/19.png" alt="Loblaws"></td><td><span itemprop="price">$2.99</span><span itemprop="eligibleQuantity" itemscope="" itemtype="http://schema.org/QuantitativeValue"> ea.</span></td><td>$2.99/kg</td><td style="display: none;">2020-02-26</td><td style="display: none;">Guatemala</td><td style="display: none;"></td><td style="display: none;">standard</td><td style="display: none;"></td><td style="display: none;"></td><td style="display: none;"></td><td style="display: none;">or honduras, jumbo</td><td style="display: none;"><a class="recipeLink" href="/recipe_ingredient_search_results.php?query=(_QU5E__1__________74__[]_1_1)">Recipes with cantaloupes</a></td></tr><tr role="row" class="odd"><td tabindex="0"><i class="fas fa-hand-rock"></i></td><td class=" not_printable"><div class="addToGL" data-soscuisine-aisle="16" data-soscuisine-sip="3945699"><i class="fa fa-cart-plus" title="Add to My Grocery List"></i><div></div></div></td><td><img class="storeItemImage" itemprop="image" alt="cantaloupes" src="/media/images/store_item/74.jpg"></td><td>cantaloupes</td><td class="not_printable sorting_1">fruits</td><td><img style="width:50%;" src="/media/images/logos/marchands/20.png" alt="Metro"></td><td><span itemprop="price">$5.00</span><span itemprop="eligibleQuantity" itemscope="" itemtype="http://schema.org/QuantitativeValue">/<span itemprop="value">2</span></span></td><td>$2.50/kg</td><td style="display: none;">2020-02-26</td><td style="display: none;">Guatemala</td><td style="display: none;"></td><td style="display: none;">standard</td><td style="display: none;"></td><td style="display: none;"></td><td style="display: none;"></td><td style="display: none;"></td><td style="display: none;"><a class="recipeLink" href="/recipe_ingredient_search_results.php?query=(_QU5E__1__________74__[]_1_1)">Recipes with cantaloupes</a></td></tr><tr role="row" class="even"><td tabindex="0"><i class="fa fa-thumbs-up"></i><i class="fa fa-thumbs-up"></i></td><td class=" not_printable"><div class="addToGL" data-soscuisine-aisle="16" data-soscuisine-sip="3944715"><i class="fa fa-cart-plus" title="Add to My Grocery List"></i><div></div></div></td><td><img class="storeItemImage" itemprop="image" alt="cantaloupes" src="/media/images/store_item/74.jpg"></td><td>cantaloupes</td><td class="not_printable sorting_1">fruits</td><td><img style="width:50%;" src="/media/images/logos/marchands/52.png" alt="Real Canadian Superstore"></td><td><span itemprop="price">$1.98</span><span itemprop="eligibleQuantity" itemscope="" itemtype="http://schema.org/QuantitativeValue"> ea.</span></td><td>$1.98/kg</td><td style="display: none;">2020-02-26</td><td style="display: none;">Guatemala</td><td style="display: none;"></td><td style="display: none;">standard</td><td style="display: none;"></td><td style="display: none;"></td><td style="display: none;"></td><td style="display: none;">or Honduras</td><td style="display: none;"><a class="recipeLink" href="/recipe_ingredient_search_results.php?query=(_QU5E__1__________74__[]_1_1)">Recipes with cantaloupes</a></td></tr><tr role="row" class="odd"><td tabindex="0"><i class="fa fa-thumbs-down"></i></td><td class=" not_printable"><div class="addToGL" data-soscuisine-aisle="16" data-soscuisine-sip="3943449"><i class="fa fa-cart-plus" title="Add to My Grocery List"></i><div></div></div></td><td><img class="storeItemImage" itemprop="image" alt="cantaloupes" src="/media/images/store_item/74.jpg"></td><td>cantaloupes</td><td class="not_printable sorting_1">fruits</td><td><img style="width:50%;" src="/media/images/logos/marchands/15.png" alt="Sobeys"></td><td><span itemprop="price">$3.99</span><span itemprop="eligibleQuantity" itemscope="" itemtype="http://schema.org/QuantitativeValue"> ea.</span></td><td>$3.99/kg</td><td style="display: none;">2020-02-26</td><td style="display: none;">Guatemala</td><td style="display: none;"></td><td style="display: none;">standard</td><td style="display: none;"></td><td style="display: none;"></td><td style="display: none;"></td><td style="display: none;">or Honduras</td><td style="display: none;"><a class="recipeLink" href="/recipe_ingredient_search_results.php?query=(_QU5E__1__________74__[]_1_1)">Recipes with cantaloupes</a></td></tr><tr role="row" class="even"><td tabindex="0"><i class="fa fa-thumbs-down"></i></td><td class=" not_printable"><div class="addToGL" data-soscuisine-aisle="16" data-soscuisine-sip="3943331"><i class="fa fa-cart-plus" title="Add to My Grocery List"></i><div></div></div></td><td><img class="storeItemImage" itemprop="image" alt="cantaloupes" src="/media/images/store_item/74.jpg"></td><td>cantaloupes</td><td class="not_printable sorting_1">fruits</td><td><img style="width:50%;" src="/media/images/logos/marchands/39.png" alt="Your Independent Grocer"></td><td><span itemprop="price">$3.99</span><span itemprop="eligibleQuantity" itemscope="" itemtype="http://schema.org/QuantitativeValue"> ea.</span></td><td>$3.99/kg</td><td style="display: none;">2020-02-26</td><td style="display: none;">Guatemala</td><td style="display: none;"></td><td style="display: none;">standard</td><td style="display: none;"></td><td style="display: none;"></td><td style="display: none;"></td><td style="display: none;">or honduras, jumbo</td><td style="display: none;"><a class="recipeLink" href="/recipe_ingredient_search_results.php?query=(_QU5E__1__________74__[]_1_1)">Recipes with cantaloupes</a></td></tr><tr role="row" class="odd"><td tabindex="0"><i class="fa fa-thumbs-up"></i><i class="fa fa-thumbs-up"></i></td><td class=" not_printable"><div class="addToGL" data-soscuisine-aisle="16" data-soscuisine-sip="3941971"><i class="fa fa-cart-plus" title="Add to My Grocery List"></i><div></div></div></td><td><img class="storeItemImage" itemprop="image" alt="clementines" src="/media/images/store_item/72.jpg"></td><td>clementines</td><td class="not_printable sorting_1">fruits</td><td><img style="width:50%;" src="/media/images/logos/marchands/16.png" alt="Foodland"></td><td><span itemprop="price">$3.97</span><span itemprop="eligibleQuantity" itemscope="" itemtype="http://schema.org/QuantitativeValue">/<span itemprop="unitText">4lb (1,81kg)</span></span></td><td>$2.19/kg</td><td style="display: none;">2020-02-26</td><td style="display: none;">Morocco</td><td style="display: none;"></td><td style="display: none;"></td><td style="display: none;"></td><td style="display: none;"></td><td style="display: none;"></td><td style="display: none;"></td><td style="display: none;"><a class="recipeLink" href="/recipe_ingredient_search_results.php?query=(_QU5E__1__________72__[]_1_1)">Recipes with clementines</a></td></tr><tr role="row" class="even"><td tabindex="0"><i class="fa fa-thumbs-down"></i></td><td class=" not_printable"><div class="addToGL" data-soscuisine-aisle="16" data-soscuisine-sip="3944389"><i class="fa fa-cart-plus" title="Add to My Grocery List"></i><div></div></div></td><td><img class="storeItemImage" itemprop="image" alt="clementines" src="/media/images/store_item/72.jpg"></td><td>clementines</td><td class="not_printable sorting_1">fruits</td><td><img style="width:50%;" src="/media/images/logos/marchands/70.png" alt="FreshCo"></td><td><span itemprop="price">$2.00</span><span itemprop="eligibleQuantity" itemscope="" itemtype="http://schema.org/QuantitativeValue">/<span itemprop="unitText">lb</span></span></td><td>$4.41/kg</td><td style="display: none;">2020-02-26</td><td style="display: none;">Spain</td><td style="display: none;"></td><td style="display: none;"></td><td style="display: none;"></td><td style="display: none;"></td><td style="display: none;">with leaves</td><td style="display: none;">participating stores</td><td style="display: none;"><a class="recipeLink" href="/recipe_ingredient_search_results.php?query=(_QU5E__1__________72__[]_1_1)">Recipes with clementines</a></td></tr><tr role="row" class="odd"><td tabindex="0"><i class="fas fa-hand-rock"></i></td><td class=" not_printable"><div class="addToGL" data-soscuisine-aisle="16" data-soscuisine-sip="3945707"><i class="fa fa-cart-plus" title="Add to My Grocery List"></i><div></div></div></td><td><img class="storeItemImage" itemprop="image" alt="clementines" src="/media/images/store_item/72.jpg"></td><td>clementines</td><td class="not_printable sorting_1">fruits</td><td><img style="width:50%;" src="/media/images/logos/marchands/20.png" alt="Metro"></td><td><span itemprop="price">$4.99</span><span itemprop="eligibleQuantity" itemscope="" itemtype="http://schema.org/QuantitativeValue">/<span itemprop="unitText">4lb (1,81kg)</span></span></td><td>$2.75/kg</td><td style="display: none;">2020-02-26</td><td style="display: none;">Morocco</td><td style="display: none;"></td><td style="display: none;"></td><td style="display: none;"></td><td style="display: none;"></td><td style="display: none;"></td><td style="display: none;"></td><td style="display: none;"><a class="recipeLink" href="/recipe_ingredient_search_results.php?query=(_QU5E__1__________72__[]_1_1)">Recipes with clementines</a></td></tr><tr role="row" class="even"><td tabindex="0"><i class="fas fa-circle"></i></td><td class=" not_printable"><div class="addToGL" data-soscuisine-aisle="16" data-soscuisine-sip="3944925"><i class="fa fa-cart-plus" title="Add to My Grocery List"></i><div></div></div></td><td><img class="storeItemImage" itemprop="image" alt="dragon fruits (pitayas)" src="/media/images/store_item/847.jpg"></td><td>dragon fruits (pitayas)</td><td class="not_printable sorting_1">fruits</td><td><img style="width:50%;" src="/media/images/logos/marchands/52.png" alt="Real Canadian Superstore"></td><td><span itemprop="price">$1.88</span><span itemprop="eligibleQuantity" itemscope="" itemtype="http://schema.org/QuantitativeValue"> ea.</span></td><td>N/A</td><td style="display: none;">2020-02-26</td><td style="display: none;">Vietnam</td><td style="display: none;"></td><td style="display: none;">standard</td><td style="display: none;"></td><td style="display: none;"></td><td style="display: none;"></td><td style="display: none;">selected stores only</td><td style="display: none;"><a class="recipeLink" href="/recipe_ingredient_search_results.php?query=(_QU5E__1__________847__[]_1_1)">Recipes with dragon fruits (pitayas)</a></td></tr><tr role="row" class="odd"><td tabindex="0"><i class="fas fa-exclamation"></i></td><td class=" not_printable"><div class="addToGL" data-soscuisine-aisle="16" data-soscuisine-sip="3945653"><i class="fa fa-cart-plus" title="Add to My Grocery List"></i><div></div></div></td><td><img class="storeItemImage" itemprop="image" alt="fresh figs" src="/media/images/store_item/66.jpg"></td><td>fresh figs</td><td class="not_printable sorting_1">fruits</td><td><img style="width:50%;" src="/media/images/logos/marchands/18.png" alt="Food Basics"></td><td><span itemprop="price">$8.88</span><span itemprop="eligibleQuantity" itemscope="" itemtype="http://schema.org/QuantitativeValue">/<span itemprop="unitText">15 unit tray</span></span></td><td>$9.87/kg</td><td style="display: none;">2020-02-26</td><td style="display: none;">Mexico</td><td style="display: none;"></td><td style="display: none;">standard</td><td style="display: none;"></td><td style="display: none;"></td><td style="display: none;"></td><td style="display: none;"></td><td style="display: none;"><a class="recipeLink" href="/recipe_ingredient_search_results.php?query=(_QU5E__1__________66__[]_1_1)">Recipes with fresh figs</a></td></tr><tr role="row" class="even"><td tabindex="0"><i class="fas fa-hand-rock"></i></td><td class=" not_printable"><div class="addToGL" data-soscuisine-aisle="16" data-soscuisine-sip="3945053"><i class="fa fa-cart-plus" title="Add to My Grocery List"></i><div></div></div></td><td><img class="storeItemImage" itemprop="image" alt="grapefruits" src="/media/images/store_item/70.jpg"></td><td>grapefruits</td><td class="not_printable sorting_1">fruits</td><td><img style="width:50%;" src="/media/images/logos/marchands/38.png" alt="Farm Boy"></td><td><span itemprop="price">$2.50</span><span itemprop="eligibleQuantity" itemscope="" itemtype="http://schema.org/QuantitativeValue">/<span itemprop="value">3</span></span></td><td>$2.78/kg</td><td style="display: none;">2020-02-26</td><td style="display: none;">USA</td><td style="display: none;"></td><td style="display: none;">standard</td><td style="display: none;">pink</td><td style="display: none;"></td><td style="display: none;"></td><td style="display: none;"></td><td style="display: none;"><a class="recipeLink" href="/recipe_ingredient_search_results.php?query=(_QU5E__1__________70__[]_1_1)">Recipes with grapefruits</a></td></tr><tr role="row" class="odd"><td tabindex="0"><i class="fa fa-thumbs-up"></i></td><td class=" not_printable"><div class="addToGL" data-soscuisine-aisle="16" data-soscuisine-sip="3945587"><i class="fa fa-cart-plus" title="Add to My Grocery List"></i><div></div></div></td><td><img class="storeItemImage" itemprop="image" alt="grapefruits" src="/media/images/store_item/70.jpg"></td><td>grapefruits</td><td class="not_printable sorting_1">fruits</td><td><img style="width:50%;" src="/media/images/logos/marchands/18.png" alt="Food Basics"></td><td><span itemprop="price">$2.98</span><span itemprop="eligibleQuantity" itemscope="" itemtype="http://schema.org/QuantitativeValue">/<span itemprop="unitText">3lb (1,37kg)</span></span></td><td>$2.19/kg</td><td style="display: none;">2020-02-26</td><td style="display: none;">USA</td><td style="display: none;"></td><td style="display: none;"></td><td style="display: none;">red</td><td style="display: none;"></td><td style="display: none;"></td><td style="display: none;"></td><td style="display: none;"><a class="recipeLink" href="/recipe_ingredient_search_results.php?query=(_QU5E__1__________70__[]_1_1)">Recipes with grapefruits</a></td></tr><tr role="row" class="even"><td tabindex="0"><i class="fas fa-hand-rock"></i></td><td class=" not_printable"><div class="addToGL" data-soscuisine-aisle="16" data-soscuisine-sip="3945749"><i class="fa fa-cart-plus" title="Add to My Grocery List"></i><div></div></div></td><td><img class="storeItemImage" itemprop="image" alt="grapefruits" src="/media/images/store_item/70.jpg"></td><td>grapefruits</td><td class="not_printable sorting_1">fruits</td><td><img style="width:50%;" src="/media/images/logos/marchands/20.png" alt="Metro"></td><td><span itemprop="price">$1.69</span><span itemprop="eligibleQuantity" itemscope="" itemtype="http://schema.org/QuantitativeValue">/<span itemprop="unitText">lb</span></span></td><td>$3.73/kg</td><td style="display: none;">2020-02-26</td><td style="display: none;">USA</td><td style="display: none;"></td><td style="display: none;"></td><td style="display: none;">red</td><td style="display: none;"></td><td style="display: none;"></td><td style="display: none;"></td><td style="display: none;"><a class="recipeLink" href="/recipe_ingredient_search_results.php?query=(_QU5E__1__________70__[]_1_1)">Recipes with grapefruits</a></td></tr><tr role="row" class="odd"><td tabindex="0"><i class="fas fa-hand-rock"></i></td><td class=" not_printable"><div class="addToGL" data-soscuisine-aisle="16" data-soscuisine-sip="3945609"><i class="fa fa-cart-plus" title="Add to My Grocery List"></i><div></div></div></td><td><img class="storeItemImage" itemprop="image" alt="grapes" src="/media/images/store_item/73.jpg"></td><td>grapes</td><td class="not_printable sorting_1">fruits</td><td><img style="width:50%;" src="/media/images/logos/marchands/18.png" alt="Food Basics"></td><td><span itemprop="price">$2.48</span><span itemprop="eligibleQuantity" itemscope="" itemtype="http://schema.org/QuantitativeValue">/<span itemprop="unitText">lb</span></span></td><td>$5.47/kg</td><td style="display: none;">2020-02-26</td><td style="display: none;">South Africa</td><td style="display: none;"></td><td style="display: none;"></td><td style="display: none;">red or green, seedless</td><td style="display: none;"></td><td style="display: none;"></td><td style="display: none;"></td><td style="display: none;"><a class="recipeLink" href="/recipe_ingredient_search_results.php?query=(_QU5E__1__________73__[]_1_1)">Recipes with grapes</a></td></tr><tr role="row" class="even"><td tabindex="0"><i class="fa fa-thumbs-down"></i></td><td class=" not_printable"><div class="addToGL" data-soscuisine-aisle="16" data-soscuisine-sip="3941713"><i class="fa fa-cart-plus" title="Add to My Grocery List"></i><div></div></div></td><td><img class="storeItemImage" itemprop="image" alt="grapes" src="/media/images/store_item/73.jpg"></td><td>grapes</td><td class="not_printable sorting_1">fruits</td><td><img style="width:50%;" src="/media/images/logos/marchands/19.png" alt="Loblaws"></td><td><span itemprop="price">$3.99</span><span itemprop="eligibleQuantity" itemscope="" itemtype="http://schema.org/QuantitativeValue">/<span itemprop="unitText">lb</span></span></td><td>$8.80/kg</td><td style="display: none;">2020-02-26</td><td style="display: none;">South Africa</td><td style="display: none;">house brand</td><td style="display: none;"></td><td style="display: none;">black</td><td style="display: none;">seedless</td><td style="display: none;"></td><td style="display: none;">Sable or green</td><td style="display: none;"><a class="recipeLink" href="/recipe_ingredient_search_results.php?query=(_QU5E__1__________73__[]_1_1)">Recipes with grapes</a></td></tr><tr role="row" class="odd"><td tabindex="0"><i class="fa fa-thumbs-up"></i></td><td class=" not_printable"><div class="addToGL" data-soscuisine-aisle="16" data-soscuisine-sip="3945695"><i class="fa fa-cart-plus" title="Add to My Grocery List"></i><div></div></div></td><td><img class="storeItemImage" itemprop="image" alt="grapes" src="/media/images/store_item/73.jpg"></td><td>grapes</td><td class="not_printable sorting_1">fruits</td><td><img style="width:50%;" src="/media/images/logos/marchands/20.png" alt="Metro"></td><td><span itemprop="price">$1.99</span><span itemprop="eligibleQuantity" itemscope="" itemtype="http://schema.org/QuantitativeValue">/<span itemprop="unitText">lb</span></span></td><td>$4.39/kg</td><td style="display: none;">2020-02-26</td><td style="display: none;">South Africa</td><td style="display: none;"></td><td style="display: none;"></td><td style="display: none;">red, green, black</td><td style="display: none;">seedless</td><td style="display: none;"></td><td style="display: none;"></td><td style="display: none;"><a class="recipeLink" href="/recipe_ingredient_search_results.php?query=(_QU5E__1__________73__[]_1_1)">Recipes with grapes</a></td></tr><tr role="row" class="even"><td tabindex="0"><i class="fas fa-hand-rock"></i></td><td class=" not_printable"><div class="addToGL" data-soscuisine-aisle="16" data-soscuisine-sip="3943761"><i class="fa fa-cart-plus" title="Add to My Grocery List"></i><div></div></div></td><td><img class="storeItemImage" itemprop="image" alt="grapes" src="/media/images/store_item/73.jpg"></td><td>grapes</td><td class="not_printable sorting_1">fruits</td><td><img style="width:50%;" src="/media/images/logos/marchands/15.png" alt="Sobeys"></td><td><span itemprop="price">$2.99</span><span itemprop="eligibleQuantity" itemscope="" itemtype="http://schema.org/QuantitativeValue">/<span itemprop="unitText">lb</span></span></td><td>$6.59/kg</td><td style="display: none;">2020-02-26</td><td style="display: none;">Peru</td><td style="display: none;"></td><td style="display: none;"></td><td style="display: none;">red, green, black</td><td style="display: none;">seedless</td><td style="display: none;"></td><td style="display: none;">or South-Africa</td><td style="display: none;"><a class="recipeLink" href="/recipe_ingredient_search_results.php?query=(_QU5E__1__________73__[]_1_1)">Recipes with grapes</a></td></tr><tr role="row" class="odd"><td tabindex="0"><i class="fa fa-thumbs-up"></i></td><td class=" not_printable"><div class="addToGL" data-soscuisine-aisle="16" data-soscuisine-sip="3943285"><i class="fa fa-cart-plus" title="Add to My Grocery List"></i><div></div></div></td><td><img class="storeItemImage" itemprop="image" alt="grapes" src="/media/images/store_item/73.jpg"></td><td>grapes</td><td class="not_printable sorting_1">fruits</td><td><img style="width:50%;" src="/media/images/logos/marchands/39.png" alt="Your Independent Grocer"></td><td><span itemprop="price">$1.99</span><span itemprop="eligibleQuantity" itemscope="" itemtype="http://schema.org/QuantitativeValue">/<span itemprop="unitText">lb</span></span></td><td>$4.39/kg</td><td style="display: none;">2020-02-26</td><td style="display: none;">South Africa</td><td style="display: none;">house brand</td><td style="display: none;"></td><td style="display: none;">red, seedless</td><td style="display: none;"></td><td style="display: none;"></td><td style="display: none;"></td><td style="display: none;"><a class="recipeLink" href="/recipe_ingredient_search_results.php?query=(_QU5E__1__________73__[]_1_1)">Recipes with grapes</a></td></tr><tr role="row" class="even"><td tabindex="0"><i class="fa fa-thumbs-down"></i></td><td class=" not_printable"><div class="addToGL" data-soscuisine-aisle="16" data-soscuisine-sip="3943347"><i class="fa fa-cart-plus" title="Add to My Grocery List"></i><div></div></div></td><td><img class="storeItemImage" itemprop="image" alt="grapes" src="/media/images/store_item/73.jpg"></td><td>grapes</td><td class="not_printable sorting_1">fruits</td><td><img style="width:50%;" src="/media/images/logos/marchands/39.png" alt="Your Independent Grocer"></td><td><span itemprop="price">$3.99</span><span itemprop="eligibleQuantity" itemscope="" itemtype="http://schema.org/QuantitativeValue">/<span itemprop="unitText">lb</span></span></td><td>$8.80/kg</td><td style="display: none;">2020-02-26</td><td style="display: none;">South Africa</td><td style="display: none;">house brand</td><td style="display: none;"></td><td style="display: none;">black</td><td style="display: none;">seedless</td><td style="display: none;"></td><td style="display: none;">Sable or green</td><td style="display: none;"><a class="recipeLink" href="/recipe_ingredient_search_results.php?query=(_QU5E__1__________73__[]_1_1)">Recipes with grapes</a></td></tr><tr role="row" class="odd"><td tabindex="0"><i class="fas fa-hand-rock"></i></td><td class=" not_printable"><div class="addToGL" data-soscuisine-aisle="16" data-soscuisine-sip="3942029"><i class="fa fa-cart-plus" title="Add to My Grocery List"></i><div></div></div></td><td><img class="storeItemImage" itemprop="image" alt="kiwis" src="/media/images/store_item/108.jpg"></td><td>kiwis</td><td class="not_printable sorting_1">fruits</td><td><img style="width:50%;" src="/media/images/logos/marchands/16.png" alt="Foodland"></td><td><span itemprop="price">$3.00</span><span itemprop="eligibleQuantity" itemscope="" itemtype="http://schema.org/QuantitativeValue">/<span itemprop="value">5</span></span></td><td>$6.67/kg</td><td style="display: none;">2020-02-26</td><td style="display: none;">N. Zealand</td><td style="display: none;"></td><td style="display: none;">standard</td><td style="display: none;"></td><td style="display: none;"></td><td style="display: none;"></td><td style="display: none;">or Italy</td><td style="display: none;"><a class="recipeLink" href="/recipe_ingredient_search_results.php?query=(_QU5E__1__________108__[]_1_1)">Recipes with kiwis</a></td></tr><tr role="row" class="even"><td tabindex="0"><i class="fa fa-thumbs-down"></i></td><td class=" not_printable"><div class="addToGL" data-soscuisine-aisle="16" data-soscuisine-sip="3941859"><i class="fa fa-cart-plus" title="Add to My Grocery List"></i><div></div></div></td><td><img class="storeItemImage" itemprop="image" alt="kiwis" src="/media/images/store_item/108.jpg"></td><td>kiwis</td><td class="not_printable sorting_1">fruits</td><td><img style="width:50%;" src="/media/images/logos/marchands/19.png" alt="Loblaws"></td><td><span itemprop="price">$4.99</span><span itemprop="eligibleQuantity" itemscope="" itemtype="http://schema.org/QuantitativeValue">/<span itemprop="unitText">454g (1lb)</span></span></td><td>$11.00/kg</td><td style="display: none;">2020-02-26</td><td style="display: none;">Italy</td><td style="display: none;"></td><td style="display: none;"></td><td style="display: none;">Gold</td><td style="display: none;"></td><td style="display: none;"></td><td style="display: none;"></td><td style="display: none;"><a class="recipeLink" href="/recipe_ingredient_search_results.php?query=(_QU5E__1__________108__[]_1_1)">Recipes with kiwis</a></td></tr><tr role="row" class="odd"><td tabindex="0"><i class="fas fa-hand-rock"></i></td><td class=" not_printable"><div class="addToGL" data-soscuisine-aisle="16" data-soscuisine-sip="3945757"><i class="fa fa-cart-plus" title="Add to My Grocery List"></i><div></div></div></td><td><img class="storeItemImage" itemprop="image" alt="kiwis" src="/media/images/store_item/108.jpg"></td><td>kiwis</td><td class="not_printable sorting_1">fruits</td><td><img style="width:50%;" src="/media/images/logos/marchands/20.png" alt="Metro"></td><td><span itemprop="price">$2.99</span><span itemprop="eligibleQuantity" itemscope="" itemtype="http://schema.org/QuantitativeValue">/<span itemprop="unitText">454g (1lb)</span></span></td><td>$6.59/kg</td><td style="display: none;">2020-02-26</td><td style="display: none;">Italy</td><td style="display: none;"></td><td style="display: none;"></td><td style="display: none;">Gold</td><td style="display: none;"></td><td style="display: none;"></td><td style="display: none;"></td><td style="display: none;"><a class="recipeLink" href="/recipe_ingredient_search_results.php?query=(_QU5E__1__________108__[]_1_1)">Recipes with kiwis</a></td></tr><tr role="row" class="even"><td tabindex="0"><i class="fa fa-thumbs-up"></i><i class="fa fa-thumbs-up"></i></td><td class=" not_printable"><div class="addToGL" data-soscuisine-aisle="16" data-soscuisine-sip="3944723"><i class="fa fa-cart-plus" title="Add to My Grocery List"></i><div></div></div></td><td><img class="storeItemImage" itemprop="image" alt="kiwis" src="/media/images/store_item/108.jpg"></td><td>kiwis</td><td class="not_printable sorting_1">fruits</td><td><img style="width:50%;" src="/media/images/logos/marchands/52.png" alt="Real Canadian Superstore"></td><td><span itemprop="price">$2.98</span><span itemprop="eligibleQuantity" itemscope="" itemtype="http://schema.org/QuantitativeValue">/<span itemprop="unitText">1kg</span></span></td><td>$2.98/kg</td><td style="display: none;">2020-02-26</td><td style="display: none;">Italy</td><td style="display: none;"></td><td style="display: none;"></td><td style="display: none;">green</td><td style="display: none;"></td><td style="display: none;"></td><td style="display: none;"></td><td style="display: none;"><a class="recipeLink" href="/recipe_ingredient_search_results.php?query=(_QU5E__1__________108__[]_1_1)">Recipes with kiwis</a></td></tr><tr role="row" class="odd"><td tabindex="0"><i class="fa fa-thumbs-down"></i></td><td class=" not_printable"><div class="addToGL" data-soscuisine-aisle="16" data-soscuisine-sip="3943719"><i class="fa fa-cart-plus" title="Add to My Grocery List"></i><div></div></div></td><td><img class="storeItemImage" itemprop="image" alt="kiwis" src="/media/images/store_item/108.jpg"></td><td>kiwis</td><td class="not_printable sorting_1">fruits</td><td><img style="width:50%;" src="/media/images/logos/marchands/39.png" alt="Your Independent Grocer"></td><td><span itemprop="price">$4.99</span><span itemprop="eligibleQuantity" itemscope="" itemtype="http://schema.org/QuantitativeValue">/<span itemprop="unitText">454g (1lb)</span></span></td><td>$11.00/kg</td><td style="display: none;">2020-02-26</td><td style="display: none;">Italy</td><td style="display: none;"></td><td style="display: none;"></td><td style="display: none;">Gold</td><td style="display: none;"></td><td style="display: none;"></td><td style="display: none;"></td><td style="display: none;"><a class="recipeLink" href="/recipe_ingredient_search_results.php?query=(_QU5E__1__________108__[]_1_1)">Recipes with kiwis</a></td></tr><tr role="row" class="even"><td tabindex="0"><i class="fa fa-thumbs-up"></i><i class="fa fa-thumbs-up"></i></td><td class=" not_printable"><div class="addToGL" data-soscuisine-aisle="16" data-soscuisine-sip="3945583"><i class="fa fa-cart-plus" title="Add to My Grocery List"></i><div></div></div></td><td><img class="storeItemImage" itemprop="image" alt="lemons" src="/media/images/store_item/372.jpg"></td><td>lemons</td><td class="not_printable sorting_1">fruits</td><td><img style="width:50%;" src="/media/images/logos/marchands/18.png" alt="Food Basics"></td><td><span itemprop="price">$2.98</span><span itemprop="eligibleQuantity" itemscope="" itemtype="http://schema.org/QuantitativeValue">/<span itemprop="unitText">2lb (907g)</span></span></td><td>$3.28/kg</td><td style="display: none;">2020-02-26</td><td style="display: none;">Mexico</td><td style="display: none;"></td><td style="display: none;"></td><td style="display: none;"></td><td style="display: none;"></td><td style="display: none;"></td><td style="display: none;"></td><td style="display: none;"><a class="recipeLink" href="/recipe_ingredient_search_results.php?query=(_QU5E__1__________372__[]_1_1)">Recipes with lemons</a></td></tr><tr role="row" class="odd"><td tabindex="0"><i class="fas fa-hand-rock"></i></td><td class=" not_printable"><div class="addToGL" data-soscuisine-aisle="16" data-soscuisine-sip="3941991"><i class="fa fa-cart-plus" title="Add to My Grocery List"></i><div></div></div></td><td><img class="storeItemImage" itemprop="image" alt="lemons" src="/media/images/store_item/372.jpg"></td><td>lemons</td><td class="not_printable sorting_1">fruits</td><td><img style="width:50%;" src="/media/images/logos/marchands/16.png" alt="Foodland"></td><td><span itemprop="price">$3.99</span><span itemprop="eligibleQuantity" itemscope="" itemtype="http://schema.org/QuantitativeValue">/<span itemprop="unitText">2lb (907g)</span></span></td><td>$4.40/kg</td><td style="display: none;">2020-02-26</td><td style="display: none;">Spain</td><td style="display: none;"></td><td style="display: none;"></td><td style="display: none;"></td><td style="display: none;"></td><td style="display: none;"></td><td style="display: none;"></td><td style="display: none;"><a class="recipeLink" href="/recipe_ingredient_search_results.php?query=(_QU5E__1__________372__[]_1_1)">Recipes with lemons</a></td></tr><tr role="row" class="even"><td tabindex="0"><i class="fas fa-hand-rock"></i></td><td class=" not_printable"><div class="addToGL" data-soscuisine-aisle="16" data-soscuisine-sip="3944383"><i class="fa fa-cart-plus" title="Add to My Grocery List"></i><div></div></div></td><td><img class="storeItemImage" itemprop="image" alt="lemons" src="/media/images/store_item/372.jpg"></td><td>lemons</td><td class="not_printable sorting_1">fruits</td><td><img style="width:50%;" src="/media/images/logos/marchands/70.png" alt="FreshCo"></td><td><span itemprop="price">$0.50</span><span itemprop="eligibleQuantity" itemscope="" itemtype="http://schema.org/QuantitativeValue"> ea.</span></td><td>$4.17/kg</td><td style="display: none;">2020-02-26</td><td style="display: none;">Spain</td><td style="display: none;"></td><td style="display: none;">standard</td><td style="display: none;"></td><td style="display: none;"></td><td style="display: none;"></td><td style="display: none;">participating stores</td><td style="display: none;"><a class="recipeLink" href="/recipe_ingredient_search_results.php?query=(_QU5E__1__________372__[]_1_1)">Recipes with lemons</a></td></tr><tr role="row" class="odd"><td tabindex="0"><i class="fas fa-hand-rock"></i></td><td class=" not_printable"><div class="addToGL" data-soscuisine-aisle="16" data-soscuisine-sip="3945751"><i class="fa fa-cart-plus" title="Add to My Grocery List"></i><div></div></div></td><td><img class="storeItemImage" itemprop="image" alt="lemons" src="/media/images/store_item/372.jpg"></td><td>lemons</td><td class="not_printable sorting_1">fruits</td><td><img style="width:50%;" src="/media/images/logos/marchands/20.png" alt="Metro"></td><td><span itemprop="price">$3.99</span><span itemprop="eligibleQuantity" itemscope="" itemtype="http://schema.org/QuantitativeValue">/<span itemprop="unitText">2lb (907g)</span></span></td><td>$4.40/kg</td><td style="display: none;">2020-02-26</td><td style="display: none;">Mexico</td><td style="display: none;"></td><td style="display: none;"></td><td style="display: none;"></td><td style="display: none;"></td><td style="display: none;"></td><td style="display: none;"></td><td style="display: none;"><a class="recipeLink" href="/recipe_ingredient_search_results.php?query=(_QU5E__1__________372__[]_1_1)">Recipes with lemons</a></td></tr><tr role="row" class="even"><td tabindex="0"><i class="fa fa-thumbs-down"></i></td><td class=" not_printable"><div class="addToGL" data-soscuisine-aisle="16" data-soscuisine-sip="3945585"><i class="fa fa-cart-plus" title="Add to My Grocery List"></i><div></div></div></td><td><img class="storeItemImage" itemprop="image" alt="limes" src="/media/images/store_item/373.jpg"></td><td>limes</td><td class="not_printable sorting_1">fruits</td><td><img style="width:50%;" src="/media/images/logos/marchands/18.png" alt="Food Basics"></td><td><span itemprop="price">$2.98</span><span itemprop="eligibleQuantity" itemscope="" itemtype="http://schema.org/QuantitativeValue">/<span itemprop="unitText">454g (1lb)</span></span></td><td>$6.57/kg</td><td style="display: none;">2020-02-26</td><td style="display: none;">Brazil</td><td style="display: none;"></td><td style="display: none;"></td><td style="display: none;"></td><td style="display: none;"></td><td style="display: none;"></td><td style="display: none;"></td><td style="display: none;"><a class="recipeLink" href="/recipe_ingredient_search_results.php?query=(_QU5E__1__________373__[]_1_1)">Recipes with limes</a></td></tr><tr role="row" class="odd"><td tabindex="0"><i class="fa fa-thumbs-up"></i><i class="fa fa-thumbs-up"></i></td><td class=" not_printable"><div class="addToGL" data-soscuisine-aisle="16" data-soscuisine-sip="3945441"><i class="fa fa-cart-plus" title="Add to My Grocery List"></i><div></div></div></td><td><img class="storeItemImage" itemprop="image" alt="limes" src="/media/images/store_item/373.jpg"></td><td>limes</td><td class="not_printable sorting_1">fruits</td><td><img style="width:50%;" src="/media/images/logos/marchands/14.png" alt="No Frills"></td><td><span itemprop="price">$0.25</span><span itemprop="eligibleQuantity" itemscope="" itemtype="http://schema.org/QuantitativeValue"> ea.</span></td><td>$2.78/kg</td><td style="display: none;">2020-02-26</td><td style="display: none;">Mexico</td><td style="display: none;"></td><td style="display: none;">standard</td><td style="display: none;"></td><td style="display: none;"></td><td style="display: none;"></td><td style="display: none;"></td><td style="display: none;"><a class="recipeLink" href="/recipe_ingredient_search_results.php?query=(_QU5E__1__________373__[]_1_1)">Recipes with limes</a></td></tr><tr role="row" class="even"><td tabindex="0"><i class="fa fa-thumbs-up"></i><i class="fa fa-thumbs-up"></i></td><td class=" not_printable"><div class="addToGL" data-soscuisine-aisle="16" data-soscuisine-sip="3945045"><i class="fa fa-cart-plus" title="Add to My Grocery List"></i><div></div></div></td><td><img class="storeItemImage" itemprop="image" alt="mangoes" src="/media/images/store_item/59.jpg"></td><td>mangoes</td><td class="not_printable sorting_1">fruits</td><td><img style="width:50%;" src="/media/images/logos/marchands/38.png" alt="Farm Boy"></td><td><span itemprop="price">$6.99</span><span itemprop="eligibleQuantity" itemscope="" itemtype="http://schema.org/QuantitativeValue">/<span itemprop="unitText">9-12 unit tray</span></span></td><td>$2.22/kg</td><td style="display: none;">2020-02-26</td><td style="display: none;">Mexico</td><td style="display: none;"></td><td style="display: none;">standard</td><td style="display: none;"></td><td style="display: none;"></td><td style="display: none;"></td><td style="display: none;">or Peru</td><td style="display: none;"><a class="recipeLink" href="/recipe_ingredient_search_results.php?query=(_QU5E__1__________59__[]_1_1)">Recipes with mangoes</a></td></tr><tr role="row" class="odd"><td tabindex="0"><i class="fa fa-thumbs-up"></i><i class="fa fa-thumbs-up"></i></td><td class=" not_printable"><div class="addToGL" data-soscuisine-aisle="16" data-soscuisine-sip="3945487"><i class="fa fa-cart-plus" title="Add to My Grocery List"></i><div></div></div></td><td><img class="storeItemImage" itemprop="image" alt="mangoes" src="/media/images/store_item/59.jpg"></td><td>mangoes</td><td class="not_printable sorting_1">fruits</td><td><img style="width:50%;" src="/media/images/logos/marchands/18.png" alt="Food Basics"></td><td><span itemprop="price">$0.67</span><span itemprop="eligibleQuantity" itemscope="" itemtype="http://schema.org/QuantitativeValue"> ea.</span></td><td>$2.23/kg</td><td style="display: none;">2020-02-26</td><td style="display: none;">Mexico</td><td style="display: none;"></td><td style="display: none;">standard</td><td style="display: none;">Ataulfo</td><td style="display: none;"></td><td style="display: none;"></td><td style="display: none;"></td><td style="display: none;"><a class="recipeLink" href="/recipe_ingredient_search_results.php?query=(_QU5E__1__________59__[]_1_1)">Recipes with mangoes</a></td></tr><tr role="row" class="even"><td tabindex="0"><i class="fa fa-thumbs-down"></i></td><td class=" not_printable"><div class="addToGL" data-soscuisine-aisle="16" data-soscuisine-sip="3942017"><i class="fa fa-cart-plus" title="Add to My Grocery List"></i><div></div></div></td><td><img class="storeItemImage" itemprop="image" alt="mangoes" src="/media/images/store_item/59.jpg"></td><td>mangoes</td><td class="not_printable sorting_1">fruits</td><td><img style="width:50%;" src="/media/images/logos/marchands/16.png" alt="Foodland"></td><td><span itemprop="price">$1.79</span><span itemprop="eligibleQuantity" itemscope="" itemtype="http://schema.org/QuantitativeValue"> ea.</span></td><td>$5.97/kg</td><td style="display: none;">2020-02-26</td><td style="display: none;">Peru</td><td style="display: none;"></td><td style="display: none;">standard</td><td style="display: none;"></td><td style="display: none;"></td><td style="display: none;"></td><td style="display: none;"></td><td style="display: none;"><a class="recipeLink" href="/recipe_ingredient_search_results.php?query=(_QU5E__1__________59__[]_1_1)">Recipes with mangoes</a></td></tr><tr role="row" class="odd"><td tabindex="0"><i class="fas fa-hand-rock"></i></td><td class=" not_printable"><div class="addToGL" data-soscuisine-aisle="16" data-soscuisine-sip="3944209"><i class="fa fa-cart-plus" title="Add to My Grocery List"></i><div></div></div></td><td><img class="storeItemImage" itemprop="image" alt="mangoes" src="/media/images/store_item/59.jpg"></td><td>mangoes</td><td class="not_printable sorting_1">fruits</td><td><img style="width:50%;" src="/media/images/logos/marchands/70.png" alt="FreshCo"></td><td><span itemprop="price">$1.00</span><span itemprop="eligibleQuantity" itemscope="" itemtype="http://schema.org/QuantitativeValue"> ea.</span></td><td>$3.33/kg</td><td style="display: none;">2020-02-26</td><td style="display: none;">Peru</td><td style="display: none;"></td><td style="display: none;">standard</td><td style="display: none;">red</td><td style="display: none;"></td><td style="display: none;"></td><td style="display: none;"></td><td style="display: none;"><a class="recipeLink" href="/recipe_ingredient_search_results.php?query=(_QU5E__1__________59__[]_1_1)">Recipes with mangoes</a></td></tr><tr role="row" class="even"><td tabindex="0"><i class="fas fa-hand-rock"></i></td><td class=" not_printable"><div class="addToGL" data-soscuisine-aisle="16" data-soscuisine-sip="3941867"><i class="fa fa-cart-plus" title="Add to My Grocery List"></i><div></div></div></td><td><img class="storeItemImage" itemprop="image" alt="mangoes" src="/media/images/store_item/59.jpg"></td><td>mangoes</td><td class="not_printable sorting_1">fruits</td><td><img style="width:50%;" src="/media/images/logos/marchands/19.png" alt="Loblaws"></td><td><span itemprop="price">$3.99</span><span itemprop="eligibleQuantity" itemscope="" itemtype="http://schema.org/QuantitativeValue">/<span itemprop="unitText">3-pack</span></span></td><td>$4.43/kg</td><td style="display: none;">2020-02-26</td><td style="display: none;">Peru</td><td style="display: none;"></td><td style="display: none;">standard</td><td style="display: none;">red</td><td style="display: none;"></td><td style="display: none;"></td><td style="display: none;"></td><td style="display: none;"><a class="recipeLink" href="/recipe_ingredient_search_results.php?query=(_QU5E__1__________59__[]_1_1)">Recipes with mangoes</a></td></tr><tr role="row" class="odd"><td tabindex="0"><i class="fas fa-hand-rock"></i></td><td class=" not_printable"><div class="addToGL" data-soscuisine-aisle="16" data-soscuisine-sip="3941857"><i class="fa fa-cart-plus" title="Add to My Grocery List"></i><div></div></div></td><td><img class="storeItemImage" itemprop="image" alt="mangoes" src="/media/images/store_item/59.jpg"></td><td>mangoes</td><td class="not_printable sorting_1">fruits</td><td><img style="width:50%;" src="/media/images/logos/marchands/19.png" alt="Loblaws"></td><td><span itemprop="price">$4.98</span><span itemprop="eligibleQuantity" itemscope="" itemtype="http://schema.org/QuantitativeValue">/<span itemprop="value">3</span></span></td><td>$5.53/kg</td><td style="display: none;">2020-02-26</td><td style="display: none;">Mexico</td><td style="display: none;"></td><td style="display: none;">standard</td><td style="display: none;">Ataulfo</td><td style="display: none;"></td><td style="display: none;"></td><td style="display: none;"></td><td style="display: none;"><a class="recipeLink" href="/recipe_ingredient_search_results.php?query=(_QU5E__1__________59__[]_1_1)">Recipes with mangoes</a></td></tr><tr role="row" class="even"><td tabindex="0"><i class="fa fa-thumbs-down"></i></td><td class=" not_printable"><div class="addToGL" data-soscuisine-aisle="16" data-soscuisine-sip="3941855"><i class="fa fa-cart-plus" title="Add to My Grocery List"></i><div></div></div></td><td><img class="storeItemImage" itemprop="image" alt="mangoes" src="/media/images/store_item/59.jpg"></td><td>mangoes</td><td class="not_printable sorting_1">fruits</td><td><img style="width:50%;" src="/media/images/logos/marchands/19.png" alt="Loblaws"></td><td><span itemprop="price">$1.99</span><span itemprop="eligibleQuantity" itemscope="" itemtype="http://schema.org/QuantitativeValue"> ea.</span></td><td>$6.63/kg</td><td style="display: none;">2020-02-26</td><td style="display: none;">Mexico</td><td style="display: none;"></td><td style="display: none;">standard</td><td style="display: none;">Ataulfo</td><td style="display: none;"></td><td style="display: none;"></td><td style="display: none;"></td><td style="display: none;"><a class="recipeLink" href="/recipe_ingredient_search_results.php?query=(_QU5E__1__________59__[]_1_1)">Recipes with mangoes</a></td></tr><tr role="row" class="odd"><td tabindex="0"><i class="fas fa-hand-rock"></i></td><td class=" not_printable"><div class="addToGL" data-soscuisine-aisle="16" data-soscuisine-sip="3945917"><i class="fa fa-cart-plus" title="Add to My Grocery List"></i><div></div></div></td><td><img class="storeItemImage" itemprop="image" alt="mangoes" src="/media/images/store_item/59.jpg"></td><td>mangoes</td><td class="not_printable sorting_1">fruits</td><td><img style="width:50%;" src="/media/images/logos/marchands/20.png" alt="Metro"></td><td><span itemprop="price">$5.00</span><span itemprop="eligibleQuantity" itemscope="" itemtype="http://schema.org/QuantitativeValue">/<span itemprop="value">3</span></span></td><td>$5.56/kg</td><td style="display: none;">2020-02-26</td><td style="display: none;">Mexico</td><td style="display: none;"></td><td style="display: none;">standard</td><td style="display: none;">Ataulfo</td><td style="display: none;"></td><td style="display: none;"></td><td style="display: none;"></td><td style="display: none;"><a class="recipeLink" href="/recipe_ingredient_search_results.php?query=(_QU5E__1__________59__[]_1_1)">Recipes with mangoes</a></td></tr><tr role="row" class="even"><td tabindex="0"><i class="fas fa-hand-rock"></i></td><td class=" not_printable"><div class="addToGL" data-soscuisine-aisle="16" data-soscuisine-sip="3945915"><i class="fa fa-cart-plus" title="Add to My Grocery List"></i><div></div></div></td><td><img class="storeItemImage" itemprop="image" alt="mangoes" src="/media/images/store_item/59.jpg"></td><td>mangoes</td><td class="not_printable sorting_1">fruits</td><td><img style="width:50%;" src="/media/images/logos/marchands/20.png" alt="Metro"></td><td><span itemprop="price">$5.00</span><span itemprop="eligibleQuantity" itemscope="" itemtype="http://schema.org/QuantitativeValue">/<span itemprop="value">3</span></span></td><td>$5.56/kg</td><td style="display: none;">2020-02-26</td><td style="display: none;">Brazil</td><td style="display: none;"></td><td style="display: none;">standard</td><td style="display: none;">red</td><td style="display: none;"></td><td style="display: none;"></td><td style="display: none;"></td><td style="display: none;"><a class="recipeLink" href="/recipe_ingredient_search_results.php?query=(_QU5E__1__________59__[]_1_1)">Recipes with mangoes</a></td></tr><tr role="row" class="odd"><td tabindex="0"><i class="fas fa-hand-rock"></i></td><td class=" not_printable"><div class="addToGL" data-soscuisine-aisle="16" data-soscuisine-sip="3945337"><i class="fa fa-cart-plus" title="Add to My Grocery List"></i><div></div></div></td><td><img class="storeItemImage" itemprop="image" alt="mangoes" src="/media/images/store_item/59.jpg"></td><td>mangoes</td><td class="not_printable sorting_1">fruits</td><td><img style="width:50%;" src="/media/images/logos/marchands/14.png" alt="No Frills"></td><td><span itemprop="price">$1.00</span><span itemprop="eligibleQuantity" itemscope="" itemtype="http://schema.org/QuantitativeValue"> ea.</span></td><td>$3.33/kg</td><td style="display: none;">2020-02-26</td><td style="display: none;">Peru</td><td style="display: none;"></td><td style="display: none;">standard</td><td style="display: none;">red</td><td style="display: none;"></td><td style="display: none;"></td><td style="display: none;"></td><td style="display: none;"><a class="recipeLink" href="/recipe_ingredient_search_results.php?query=(_QU5E__1__________59__[]_1_1)">Recipes with mangoes</a></td></tr><tr role="row" class="even"><td tabindex="0"><i class="fas fa-hand-rock"></i></td><td class=" not_printable"><div class="addToGL" data-soscuisine-aisle="16" data-soscuisine-sip="3944465"><i class="fa fa-cart-plus" title="Add to My Grocery List"></i><div></div></div></td><td><img class="storeItemImage" itemprop="image" alt="mangoes" src="/media/images/store_item/59.jpg"></td><td>mangoes</td><td class="not_printable sorting_1">fruits</td><td><img style="width:50%;" src="/media/images/logos/marchands/17.png" alt="Price Chopper"></td><td><span itemprop="price">$1.00</span><span itemprop="eligibleQuantity" itemscope="" itemtype="http://schema.org/QuantitativeValue"> ea.</span></td><td>$3.33/kg</td><td style="display: none;">2020-02-26</td><td style="display: none;">Peru</td><td style="display: none;"></td><td style="display: none;">standard</td><td style="display: none;">red</td><td style="display: none;"></td><td style="display: none;"></td><td style="display: none;"></td><td style="display: none;"><a class="recipeLink" href="/recipe_ingredient_search_results.php?query=(_QU5E__1__________59__[]_1_1)">Recipes with mangoes</a></td></tr><tr role="row" class="odd"><td tabindex="0"><i class="fas fa-hand-rock"></i></td><td class=" not_printable"><div class="addToGL" data-soscuisine-aisle="16" data-soscuisine-sip="3944933"><i class="fa fa-cart-plus" title="Add to My Grocery List"></i><div></div></div></td><td><img class="storeItemImage" itemprop="image" alt="mangoes" src="/media/images/store_item/59.jpg"></td><td>mangoes</td><td class="not_printable sorting_1">fruits</td><td><img style="width:50%;" src="/media/images/logos/marchands/52.png" alt="Real Canadian Superstore"></td><td><span itemprop="price">$1.00</span><span itemprop="eligibleQuantity" itemscope="" itemtype="http://schema.org/QuantitativeValue"> ea.</span></td><td>$3.33/kg</td><td style="display: none;">2020-02-26</td><td style="display: none;">Peru</td><td style="display: none;"></td><td style="display: none;">standard</td><td style="display: none;">red</td><td style="display: none;"></td><td style="display: none;"></td><td style="display: none;">or Ataulfo, Mexico, selected stores only</td><td style="display: none;"><a class="recipeLink" href="/recipe_ingredient_search_results.php?query=(_QU5E__1__________59__[]_1_1)">Recipes with mangoes</a></td></tr><tr role="row" class="even"><td tabindex="0"><i class="fas fa-hand-rock"></i></td><td class=" not_printable"><div class="addToGL" data-soscuisine-aisle="16" data-soscuisine-sip="3943753"><i class="fa fa-cart-plus" title="Add to My Grocery List"></i><div></div></div></td><td><img class="storeItemImage" itemprop="image" alt="mangoes" src="/media/images/store_item/59.jpg"></td><td>mangoes</td><td class="not_printable sorting_1">fruits</td><td><img style="width:50%;" src="/media/images/logos/marchands/15.png" alt="Sobeys"></td><td><span itemprop="price">$4.98</span><span itemprop="eligibleQuantity" itemscope="" itemtype="http://schema.org/QuantitativeValue">/<span itemprop="value">3</span></span></td><td>$5.53/kg</td><td style="display: none;">2020-02-26</td><td style="display: none;">Mexico</td><td style="display: none;"></td><td style="display: none;">standard</td><td style="display: none;"></td><td style="display: none;"></td><td style="display: none;"></td><td style="display: none;"></td><td style="display: none;"><a class="recipeLink" href="/recipe_ingredient_search_results.php?query=(_QU5E__1__________59__[]_1_1)">Recipes with mangoes</a></td></tr><tr role="row" class="odd"><td tabindex="0"><i class="fas fa-hand-rock"></i></td><td class=" not_printable"><div class="addToGL" data-soscuisine-aisle="16" data-soscuisine-sip="3941309"><i class="fa fa-cart-plus" title="Add to My Grocery List"></i><div></div></div></td><td><img class="storeItemImage" itemprop="image" alt="mangoes" src="/media/images/store_item/59.jpg"></td><td>mangoes</td><td class="not_printable sorting_1">fruits</td><td><img style="width:50%;" src="/media/images/logos/marchands/74.png" alt="Walmart"></td><td><span itemprop="price">$1.27</span><span itemprop="eligibleQuantity" itemscope="" itemtype="http://schema.org/QuantitativeValue"> ea.</span></td><td>$4.23/kg</td><td style="display: none;">2020-02-26</td><td style="display: none;">Mexico</td><td style="display: none;"></td><td style="display: none;">standard</td><td style="display: none;">Ataulfo</td><td style="display: none;"></td><td style="display: none;"></td><td style="display: none;">or red, Peru,  supercentres only</td><td style="display: none;"><a class="recipeLink" href="/recipe_ingredient_search_results.php?query=(_QU5E__1__________59__[]_1_1)">Recipes with mangoes</a></td></tr><tr role="row" class="even"><td tabindex="0"><i class="fas fa-hand-rock"></i></td><td class=" not_printable"><div class="addToGL" data-soscuisine-aisle="16" data-soscuisine-sip="3943749"><i class="fa fa-cart-plus" title="Add to My Grocery List"></i><div></div></div></td><td><img class="storeItemImage" itemprop="image" alt="mangoes" src="/media/images/store_item/59.jpg"></td><td>mangoes</td><td class="not_printable sorting_1">fruits</td><td><img style="width:50%;" src="/media/images/logos/marchands/39.png" alt="Your Independent Grocer"></td><td><span itemprop="price">$3.99</span><span itemprop="eligibleQuantity" itemscope="" itemtype="http://schema.org/QuantitativeValue">/<span itemprop="unitText">3-pack</span></span></td><td>$4.43/kg</td><td style="display: none;">2020-02-26</td><td style="display: none;">Peru</td><td style="display: none;"></td><td style="display: none;">standard</td><td style="display: none;">red</td><td style="display: none;"></td><td style="display: none;"></td><td style="display: none;"></td><td style="display: none;"><a class="recipeLink" href="/recipe_ingredient_search_results.php?query=(_QU5E__1__________59__[]_1_1)">Recipes with mangoes</a></td></tr><tr role="row" class="odd"><td tabindex="0"><i class="fas fa-hand-rock"></i></td><td class=" not_printable"><div class="addToGL" data-soscuisine-aisle="16" data-soscuisine-sip="3943683"><i class="fa fa-cart-plus" title="Add to My Grocery List"></i><div></div></div></td><td><img class="storeItemImage" itemprop="image" alt="mangoes" src="/media/images/store_item/59.jpg"></td><td>mangoes</td><td class="not_printable sorting_1">fruits</td><td><img style="width:50%;" src="/media/images/logos/marchands/39.png" alt="Your Independent Grocer"></td><td><span itemprop="price">$4.98</span><span itemprop="eligibleQuantity" itemscope="" itemtype="http://schema.org/QuantitativeValue">/<span itemprop="value">3</span></span></td><td>$5.53/kg</td><td style="display: none;">2020-02-26</td><td style="display: none;">Mexico</td><td style="display: none;"></td><td style="display: none;">standard</td><td style="display: none;">Ataulfo</td><td style="display: none;"></td><td style="display: none;"></td><td style="display: none;"></td><td style="display: none;"><a class="recipeLink" href="/recipe_ingredient_search_results.php?query=(_QU5E__1__________59__[]_1_1)">Recipes with mangoes</a></td></tr><tr role="row" class="even"><td tabindex="0"><i class="fa fa-thumbs-down"></i></td><td class=" not_printable"><div class="addToGL" data-soscuisine-aisle="16" data-soscuisine-sip="3943679"><i class="fa fa-cart-plus" title="Add to My Grocery List"></i><div></div></div></td><td><img class="storeItemImage" itemprop="image" alt="mangoes" src="/media/images/store_item/59.jpg"></td><td>mangoes</td><td class="not_printable sorting_1">fruits</td><td><img style="width:50%;" src="/media/images/logos/marchands/39.png" alt="Your Independent Grocer"></td><td><span itemprop="price">$1.99</span><span itemprop="eligibleQuantity" itemscope="" itemtype="http://schema.org/QuantitativeValue"> ea.</span></td><td>$6.63/kg</td><td style="display: none;">2020-02-26</td><td style="display: none;">Mexico</td><td style="display: none;"></td><td style="display: none;">standard</td><td style="display: none;">Ataulfo</td><td style="display: none;"></td><td style="display: none;"></td><td style="display: none;"></td><td style="display: none;"><a class="recipeLink" href="/recipe_ingredient_search_results.php?query=(_QU5E__1__________59__[]_1_1)">Recipes with mangoes</a></td></tr><tr role="row" class="odd"><td tabindex="0"><i class="fas fa-exclamation"></i></td><td class=" not_printable"><div class="addToGL" data-soscuisine-aisle="16" data-soscuisine-sip="3943757"><i class="fa fa-cart-plus" title="Add to My Grocery List"></i><div></div></div></td><td><img class="storeItemImage" itemprop="image" alt="mangoes ORGANIC" src="/media/images/store_item/688.jpg"></td><td>mangoes ORGANIC</td><td class="not_printable sorting_1">fruits</td><td><img style="width:50%;" src="/media/images/logos/marchands/15.png" alt="Sobeys"></td><td><span itemprop="price">$1.99</span><span itemprop="eligibleQuantity" itemscope="" itemtype="http://schema.org/QuantitativeValue"> ea.</span></td><td>$6.63/kg</td><td style="display: none;">2020-02-26</td><td style="display: none;">Mexico</td><td style="display: none;"></td><td style="display: none;">standard</td><td style="display: none;"></td><td style="display: none;"></td><td style="display: none;"></td><td style="display: none;"></td><td style="display: none;"><a class="recipeLink" href="/recipe_ingredient_search_results.php?query=(_QU5E__1__________688__[]_1_1)">Recipes with mangoes ORGANIC</a></td></tr><tr role="row" class="even"><td tabindex="0"><i class="fas fa-hand-rock"></i></td><td class=" not_printable"><div class="addToGL" data-soscuisine-aisle="16" data-soscuisine-sip="3945049"><i class="fa fa-cart-plus" title="Add to My Grocery List"></i><div></div></div></td><td><img class="storeItemImage" itemprop="image" alt="melons" src="/media/images/store_item/392.jpg"></td><td>melons</td><td class="not_printable sorting_1">fruits</td><td><img style="width:50%;" src="/media/images/logos/marchands/38.png" alt="Farm Boy"></td><td><span itemprop="price">$2.99</span><span itemprop="eligibleQuantity" itemscope="" itemtype="http://schema.org/QuantitativeValue"> ea.</span></td><td>$3.74/kg</td><td style="display: none;">2020-02-26</td><td style="display: none;">Honduras</td><td style="display: none;"></td><td style="display: none;">standard</td><td style="display: none;">honeydew</td><td style="display: none;"></td><td style="display: none;"></td><td style="display: none;"></td><td style="display: none;"><a class="recipeLink" href="/recipe_ingredient_search_results.php?query=(_QU5E__1__________392__[]_1_1)">Recipes with melons</a></td></tr><tr role="row" class="odd"><td tabindex="0"><i class="fa fa-thumbs-up"></i></td><td class=" not_printable"><div class="addToGL" data-soscuisine-aisle="16" data-soscuisine-sip="3941869"><i class="fa fa-cart-plus" title="Add to My Grocery List"></i><div></div></div></td><td><img class="storeItemImage" itemprop="image" alt="melons" src="/media/images/store_item/392.jpg"></td><td>melons</td><td class="not_printable sorting_1">fruits</td><td><img style="width:50%;" src="/media/images/logos/marchands/19.png" alt="Loblaws"></td><td><span itemprop="price">$1.49</span><span itemprop="eligibleQuantity" itemscope="" itemtype="http://schema.org/QuantitativeValue">/<span itemprop="unitText">lb</span></span></td><td>$3.28/kg</td><td style="display: none;">2020-02-26</td><td style="display: none;">Brazil</td><td style="display: none;"></td><td style="display: none;"></td><td style="display: none;">Juan Canary</td><td style="display: none;"></td><td style="display: none;"></td><td style="display: none;">or Piel De Sapo</td><td style="display: none;"><a class="recipeLink" href="/recipe_ingredient_search_results.php?query=(_QU5E__1__________392__[]_1_1)">Recipes with melons</a></td></tr><tr role="row" class="even"><td tabindex="0"><i class="fa fa-thumbs-down"></i></td><td class=" not_printable"><div class="addToGL" data-soscuisine-aisle="16" data-soscuisine-sip="3941871"><i class="fa fa-cart-plus" title="Add to My Grocery List"></i><div></div></div></td><td><img class="storeItemImage" itemprop="image" alt="melons" src="/media/images/store_item/392.jpg"></td><td>melons</td><td class="not_printable sorting_1">fruits</td><td><img style="width:50%;" src="/media/images/logos/marchands/19.png" alt="Loblaws"></td><td><span itemprop="price">$5.99</span><span itemprop="eligibleQuantity" itemscope="" itemtype="http://schema.org/QuantitativeValue"> ea.</span></td><td>$7.49/kg</td><td style="display: none;">2020-02-26</td><td style="display: none;">Guatemala</td><td style="display: none;"></td><td style="display: none;">standard</td><td style="display: none;">honeydew</td><td style="display: none;"></td><td style="display: none;"></td><td style="display: none;">or honduras, large</td><td style="display: none;"><a class="recipeLink" href="/recipe_ingredient_search_results.php?query=(_QU5E__1__________392__[]_1_1)">Recipes with melons</a></td></tr><tr role="row" class="odd"><td tabindex="0"><i class="fa fa-thumbs-up"></i><i class="fa fa-thumbs-up"></i></td><td class=" not_printable"><div class="addToGL" data-soscuisine-aisle="16" data-soscuisine-sip="3945339"><i class="fa fa-cart-plus" title="Add to My Grocery List"></i><div></div></div></td><td><img class="storeItemImage" itemprop="image" alt="melons" src="/media/images/store_item/392.jpg"></td><td>melons</td><td class="not_printable sorting_1">fruits</td><td><img style="width:50%;" src="/media/images/logos/marchands/14.png" alt="No Frills"></td><td><span itemprop="price">$1.00</span><span itemprop="eligibleQuantity" itemscope="" itemtype="http://schema.org/QuantitativeValue">/<span itemprop="unitText">lb</span></span></td><td>$2.20/kg</td><td style="display: none;">2020-02-26</td><td style="display: none;">Brazil</td><td style="display: none;"></td><td style="display: none;"></td><td style="display: none;">Juan Canary</td><td style="display: none;"></td><td style="display: none;"></td><td style="display: none;">or Santa Claus</td><td style="display: none;"><a class="recipeLink" href="/recipe_ingredient_search_results.php?query=(_QU5E__1__________392__[]_1_1)">Recipes with melons</a></td></tr><tr role="row" class="even"><td tabindex="0"><i class="fas fa-hand-rock"></i></td><td class=" not_printable"><div class="addToGL" data-soscuisine-aisle="16" data-soscuisine-sip="3944725"><i class="fa fa-cart-plus" title="Add to My Grocery List"></i><div></div></div></td><td><img class="storeItemImage" itemprop="image" alt="melons" src="/media/images/store_item/392.jpg"></td><td>melons</td><td class="not_printable sorting_1">fruits</td><td><img style="width:50%;" src="/media/images/logos/marchands/52.png" alt="Real Canadian Superstore"></td><td><span itemprop="price">$3.98</span><span itemprop="eligibleQuantity" itemscope="" itemtype="http://schema.org/QuantitativeValue"> ea.</span></td><td>$4.98/kg</td><td style="display: none;">2020-02-26</td><td style="display: none;">Guatemala</td><td style="display: none;"></td><td style="display: none;">standard</td><td style="display: none;">honeydew</td><td style="display: none;"></td><td style="display: none;"></td><td style="display: none;">or Honduras</td><td style="display: none;"><a class="recipeLink" href="/recipe_ingredient_search_results.php?query=(_QU5E__1__________392__[]_1_1)">Recipes with melons</a></td></tr><tr role="row" class="odd"><td tabindex="0"><i class="fa fa-thumbs-up"></i></td><td class=" not_printable"><div class="addToGL" data-soscuisine-aisle="16" data-soscuisine-sip="3943755"><i class="fa fa-cart-plus" title="Add to My Grocery List"></i><div></div></div></td><td><img class="storeItemImage" itemprop="image" alt="melons" src="/media/images/store_item/392.jpg"></td><td>melons</td><td class="not_printable sorting_1">fruits</td><td><img style="width:50%;" src="/media/images/logos/marchands/39.png" alt="Your Independent Grocer"></td><td><span itemprop="price">$1.49</span><span itemprop="eligibleQuantity" itemscope="" itemtype="http://schema.org/QuantitativeValue">/<span itemprop="unitText">lb</span></span></td><td>$3.28/kg</td><td style="display: none;">2020-02-26</td><td style="display: none;">Brazil</td><td style="display: none;"></td><td style="display: none;"></td><td style="display: none;">Juan Canary</td><td style="display: none;"></td><td style="display: none;"></td><td style="display: none;">or Piel De Sapo</td><td style="display: none;"><a class="recipeLink" href="/recipe_ingredient_search_results.php?query=(_QU5E__1__________392__[]_1_1)">Recipes with melons</a></td></tr><tr role="row" class="even"><td tabindex="0"><i class="fa fa-thumbs-up"></i><i class="fa fa-thumbs-up"></i></td><td class=" not_printable"><div class="addToGL" data-soscuisine-aisle="16" data-soscuisine-sip="3945591"><i class="fa fa-cart-plus" title="Add to My Grocery List"></i><div></div></div></td><td><img class="storeItemImage" itemprop="image" alt="nectarines" src="/media/images/store_item/576.jpg"></td><td>nectarines</td><td class="not_printable sorting_1">fruits</td><td><img style="width:50%;" src="/media/images/logos/marchands/18.png" alt="Food Basics"></td><td><span itemprop="price">$3.88</span><span itemprop="eligibleQuantity" itemscope="" itemtype="http://schema.org/QuantitativeValue">/<span itemprop="unitText">2lb (907g)</span></span></td><td>$4.28/kg</td><td style="display: none;">2020-02-26</td><td style="display: none;">Chile</td><td style="display: none;"></td><td style="display: none;"></td><td style="display: none;"></td><td style="display: none;"></td><td style="display: none;"></td><td style="display: none;"></td><td style="display: none;"><a class="recipeLink" href="/recipe_ingredient_search_results.php?query=(_QU5E__1__________576__[]_1_1)">Recipes with nectarines</a></td></tr><tr role="row" class="odd"><td tabindex="0"><i class="fas fa-hand-rock"></i></td><td class=" not_printable"><div class="addToGL" data-soscuisine-aisle="16" data-soscuisine-sip="3944241"><i class="fa fa-cart-plus" title="Add to My Grocery List"></i><div></div></div></td><td><img class="storeItemImage" itemprop="image" alt="nectarines" src="/media/images/store_item/576.jpg"></td><td>nectarines</td><td class="not_printable sorting_1">fruits</td><td><img style="width:50%;" src="/media/images/logos/marchands/70.png" alt="FreshCo"></td><td><span itemprop="price">$2.00</span><span itemprop="eligibleQuantity" itemscope="" itemtype="http://schema.org/QuantitativeValue">/<span itemprop="unitText">lb</span></span></td><td>$4.41/kg</td><td style="display: none;">2020-02-26</td><td style="display: none;">Chile</td><td style="display: none;"></td><td style="display: none;"></td><td style="display: none;"></td><td style="display: none;"></td><td style="display: none;"></td><td style="display: none;"></td><td style="display: none;"><a class="recipeLink" href="/recipe_ingredient_search_results.php?query=(_QU5E__1__________576__[]_1_1)">Recipes with nectarines</a></td></tr><tr role="row" class="even"><td tabindex="0"><i class="fas fa-hand-rock"></i></td><td class=" not_printable"><div class="addToGL" data-soscuisine-aisle="16" data-soscuisine-sip="3944485"><i class="fa fa-cart-plus" title="Add to My Grocery List"></i><div></div></div></td><td><img class="storeItemImage" itemprop="image" alt="nectarines" src="/media/images/store_item/576.jpg"></td><td>nectarines</td><td class="not_printable sorting_1">fruits</td><td><img style="width:50%;" src="/media/images/logos/marchands/17.png" alt="Price Chopper"></td><td><span itemprop="price">$2.00</span><span itemprop="eligibleQuantity" itemscope="" itemtype="http://schema.org/QuantitativeValue">/<span itemprop="unitText">lb</span></span></td><td>$4.41/kg</td><td style="display: none;">2020-02-26</td><td style="display: none;">Chile</td><td style="display: none;"></td><td style="display: none;"></td><td style="display: none;"></td><td style="display: none;"></td><td style="display: none;"></td><td style="display: none;"></td><td style="display: none;"><a class="recipeLink" href="/recipe_ingredient_search_results.php?query=(_QU5E__1__________576__[]_1_1)">Recipes with nectarines</a></td></tr><tr role="row" class="odd"><td tabindex="0"><i class="fa fa-thumbs-up"></i><i class="fa fa-thumbs-up"></i></td><td class=" not_printable"><div class="addToGL" data-soscuisine-aisle="16" data-soscuisine-sip="3945485"><i class="fa fa-cart-plus" title="Add to My Grocery List"></i><div></div></div></td><td><img class="storeItemImage" itemprop="image" alt="oranges" src="/media/images/store_item/68.jpg"></td><td>oranges</td><td class="not_printable sorting_1">fruits</td><td><img style="width:50%;" src="/media/images/logos/marchands/18.png" alt="Food Basics"></td><td><span itemprop="price">$5.00</span><span itemprop="eligibleQuantity" itemscope="" itemtype="http://schema.org/QuantitativeValue">/<span itemprop="value">2</span>x<span itemprop="unitText">3lb (1,37kg)</span></span></td><td>$1.84/kg</td><td style="display: none;">2020-02-26</td><td style="display: none;">Spain</td><td style="display: none;"></td><td style="display: none;"></td><td style="display: none;">Navel</td><td style="display: none;"></td><td style="display: none;"></td><td style="display: none;"></td><td style="display: none;"><a class="recipeLink" href="/recipe_ingredient_search_results.php?query=(_QU5E__1__________68__[]_1_1)">Recipes with oranges</a></td></tr><tr role="row" class="even"><td tabindex="0"><i class="fa fa-thumbs-up"></i></td><td class=" not_printable"><div class="addToGL" data-soscuisine-aisle="16" data-soscuisine-sip="3944201"><i class="fa fa-cart-plus" title="Add to My Grocery List"></i><div></div></div></td><td><img class="storeItemImage" itemprop="image" alt="oranges" src="/media/images/store_item/68.jpg"></td><td>oranges</td><td class="not_printable sorting_1">fruits</td><td><img style="width:50%;" src="/media/images/logos/marchands/70.png" alt="FreshCo"></td><td><span itemprop="price">$1.00</span><span itemprop="eligibleQuantity" itemscope="" itemtype="http://schema.org/QuantitativeValue">/<span itemprop="unitText">lb</span></span></td><td>$2.20/kg</td><td style="display: none;">2020-02-26</td><td style="display: none;">Egypt</td><td style="display: none;"></td><td style="display: none;"></td><td style="display: none;"></td><td style="display: none;">seedless</td><td style="display: none;"></td><td style="display: none;"></td><td style="display: none;"><a class="recipeLink" href="/recipe_ingredient_search_results.php?query=(_QU5E__1__________68__[]_1_1)">Recipes with oranges</a></td></tr><tr role="row" class="odd"><td tabindex="0"><i class="fa fa-thumbs-down"></i></td><td class=" not_printable"><div class="addToGL" data-soscuisine-aisle="16" data-soscuisine-sip="3941543"><i class="fa fa-cart-plus" title="Add to My Grocery List"></i><div></div></div></td><td><img class="storeItemImage" itemprop="image" alt="oranges" src="/media/images/store_item/68.jpg"></td><td>oranges</td><td class="not_printable sorting_1">fruits</td><td><img style="width:50%;" src="/media/images/logos/marchands/19.png" alt="Loblaws"></td><td><span itemprop="price">$5.99</span><span itemprop="eligibleQuantity" itemscope="" itemtype="http://schema.org/QuantitativeValue">/<span itemprop="unitText">2lb (907g)</span></span></td><td>$6.60/kg</td><td style="display: none;">2020-02-26</td><td style="display: none;">USA</td><td style="display: none;">house brand</td><td style="display: none;"></td><td style="display: none;">blood</td><td style="display: none;"></td><td style="display: none;"></td><td style="display: none;"></td><td style="display: none;"><a class="recipeLink" href="/recipe_ingredient_search_results.php?query=(_QU5E__1__________68__[]_1_1)">Recipes with oranges</a></td></tr><tr role="row" class="even"><td tabindex="0"><i class="fas fa-hand-rock"></i></td><td class=" not_printable"><div class="addToGL" data-soscuisine-aisle="16" data-soscuisine-sip="3945775"><i class="fa fa-cart-plus" title="Add to My Grocery List"></i><div></div></div></td><td><img class="storeItemImage" itemprop="image" alt="oranges" src="/media/images/store_item/68.jpg"></td><td>oranges</td><td class="not_printable sorting_1">fruits</td><td><img style="width:50%;" src="/media/images/logos/marchands/20.png" alt="Metro"></td><td><span itemprop="price">$4.99</span><span itemprop="eligibleQuantity" itemscope="" itemtype="http://schema.org/QuantitativeValue">/<span itemprop="unitText">4lb (1,81kg)</span></span></td><td>$2.75/kg</td><td style="display: none;">2020-02-26</td><td style="display: none;">USA</td><td style="display: none;"></td><td style="display: none;"></td><td style="display: none;">for juice</td><td style="display: none;"></td><td style="display: none;"></td><td style="display: none;"></td><td style="display: none;"><a class="recipeLink" href="/recipe_ingredient_search_results.php?query=(_QU5E__1__________68__[]_1_1)">Recipes with oranges</a></td></tr><tr role="row" class="odd"><td tabindex="0"><i class="fas fa-hand-rock"></i></td><td class=" not_printable"><div class="addToGL" data-soscuisine-aisle="16" data-soscuisine-sip="3945747"><i class="fa fa-cart-plus" title="Add to My Grocery List"></i><div></div></div></td><td><img class="storeItemImage" itemprop="image" alt="oranges" src="/media/images/store_item/68.jpg"></td><td>oranges</td><td class="not_printable sorting_1">fruits</td><td><img style="width:50%;" src="/media/images/logos/marchands/20.png" alt="Metro"></td><td><span itemprop="price">$1.69</span><span itemprop="eligibleQuantity" itemscope="" itemtype="http://schema.org/QuantitativeValue">/<span itemprop="unitText">lb</span></span></td><td>$3.73/kg</td><td style="display: none;">2020-02-26</td><td style="display: none;">USA</td><td style="display: none;"></td><td style="display: none;"></td><td style="display: none;">Navel</td><td style="display: none;">seedless</td><td style="display: none;"></td><td style="display: none;"></td><td style="display: none;"><a class="recipeLink" href="/recipe_ingredient_search_results.php?query=(_QU5E__1__________68__[]_1_1)">Recipes with oranges</a></td></tr><tr role="row" class="even"><td tabindex="0"><i class="fa fa-thumbs-up"></i></td><td class=" not_printable"><div class="addToGL" data-soscuisine-aisle="16" data-soscuisine-sip="3944459"><i class="fa fa-cart-plus" title="Add to My Grocery List"></i><div></div></div></td><td><img class="storeItemImage" itemprop="image" alt="oranges" src="/media/images/store_item/68.jpg"></td><td>oranges</td><td class="not_printable sorting_1">fruits</td><td><img style="width:50%;" src="/media/images/logos/marchands/17.png" alt="Price Chopper"></td><td><span itemprop="price">$1.00</span><span itemprop="eligibleQuantity" itemscope="" itemtype="http://schema.org/QuantitativeValue">/<span itemprop="unitText">lb</span></span></td><td>$2.20/kg</td><td style="display: none;">2020-02-26</td><td style="display: none;">Egypt</td><td style="display: none;"></td><td style="display: none;"></td><td style="display: none;"></td><td style="display: none;">seedless</td><td style="display: none;"></td><td style="display: none;"></td><td style="display: none;"><a class="recipeLink" href="/recipe_ingredient_search_results.php?query=(_QU5E__1__________68__[]_1_1)">Recipes with oranges</a></td></tr><tr role="row" class="odd"><td tabindex="0"><i class="fa fa-thumbs-up"></i></td><td class=" not_printable"><div class="addToGL" data-soscuisine-aisle="16" data-soscuisine-sip="3944731"><i class="fa fa-cart-plus" title="Add to My Grocery List"></i><div></div></div></td><td><img class="storeItemImage" itemprop="image" alt="oranges" src="/media/images/store_item/68.jpg"></td><td>oranges</td><td class="not_printable sorting_1">fruits</td><td><img style="width:50%;" src="/media/images/logos/marchands/52.png" alt="Real Canadian Superstore"></td><td><span itemprop="price">$4.98</span><span itemprop="eligibleQuantity" itemscope="" itemtype="http://schema.org/QuantitativeValue">/<span itemprop="unitText">5lb (2,3kg)</span></span></td><td>$2.20/kg</td><td style="display: none;">2020-02-26</td><td style="display: none;">Spain</td><td style="display: none;">house brand</td><td style="display: none;"></td><td style="display: none;">Navel</td><td style="display: none;"></td><td style="display: none;"></td><td style="display: none;"></td><td style="display: none;"><a class="recipeLink" href="/recipe_ingredient_search_results.php?query=(_QU5E__1__________68__[]_1_1)">Recipes with oranges</a></td></tr><tr role="row" class="even"><td tabindex="0"><i class="fas fa-hand-rock"></i></td><td class=" not_printable"><div class="addToGL" data-soscuisine-aisle="16" data-soscuisine-sip="3944733"><i class="fa fa-cart-plus" title="Add to My Grocery List"></i><div></div></div></td><td><img class="storeItemImage" itemprop="image" alt="oranges" src="/media/images/store_item/68.jpg"></td><td>oranges</td><td class="not_printable sorting_1">fruits</td><td><img style="width:50%;" src="/media/images/logos/marchands/52.png" alt="Real Canadian Superstore"></td><td><span itemprop="price">$4.98</span><span itemprop="eligibleQuantity" itemscope="" itemtype="http://schema.org/QuantitativeValue">/<span itemprop="unitText">3lb (1,37kg)</span></span></td><td>$3.66/kg</td><td style="display: none;">2020-02-26</td><td style="display: none;">USA</td><td style="display: none;">house brand</td><td style="display: none;"></td><td style="display: none;">Cara Cara</td><td style="display: none;"></td><td style="display: none;"></td><td style="display: none;"></td><td style="display: none;"><a class="recipeLink" href="/recipe_ingredient_search_results.php?query=(_QU5E__1__________68__[]_1_1)">Recipes with oranges</a></td></tr><tr role="row" class="odd"><td tabindex="0"><i class="fas fa-hand-rock"></i></td><td class=" not_printable"><div class="addToGL" data-soscuisine-aisle="16" data-soscuisine-sip="3943455"><i class="fa fa-cart-plus" title="Add to My Grocery List"></i><div></div></div></td><td><img class="storeItemImage" itemprop="image" alt="oranges" src="/media/images/store_item/68.jpg"></td><td>oranges</td><td class="not_printable sorting_1">fruits</td><td><img style="width:50%;" src="/media/images/logos/marchands/15.png" alt="Sobeys"></td><td><span itemprop="price">$1.49</span><span itemprop="eligibleQuantity" itemscope="" itemtype="http://schema.org/QuantitativeValue">/<span itemprop="unitText">lb</span></span></td><td>$3.28/kg</td><td style="display: none;">2020-02-26</td><td style="display: none;">USA</td><td style="display: none;"></td><td style="display: none;"></td><td style="display: none;">Navel</td><td style="display: none;"></td><td style="display: none;"></td><td style="display: none;"></td><td style="display: none;"><a class="recipeLink" href="/recipe_ingredient_search_results.php?query=(_QU5E__1__________68__[]_1_1)">Recipes with oranges</a></td></tr><tr role="row" class="even"><td tabindex="0"><i class="fas fa-hand-rock"></i></td><td class=" not_printable"><div class="addToGL" data-soscuisine-aisle="16" data-soscuisine-sip="3941307"><i class="fa fa-cart-plus" title="Add to My Grocery List"></i><div></div></div></td><td><img class="storeItemImage" itemprop="image" alt="oranges" src="/media/images/store_item/68.jpg"></td><td>oranges</td><td class="not_printable sorting_1">fruits</td><td><img style="width:50%;" src="/media/images/logos/marchands/74.png" alt="Walmart"></td><td><span itemprop="price">$1.27</span><span itemprop="eligibleQuantity" itemscope="" itemtype="http://schema.org/QuantitativeValue">/<span itemprop="unitText">lb</span></span></td><td>$2.80/kg</td><td style="display: none;">2020-02-26</td><td style="display: none;">USA</td><td style="display: none;"></td><td style="display: none;"></td><td style="display: none;"></td><td style="display: none;">seedless</td><td style="display: none;"></td><td style="display: none;">supercentres only</td><td style="display: none;"><a class="recipeLink" href="/recipe_ingredient_search_results.php?query=(_QU5E__1__________68__[]_1_1)">Recipes with oranges</a></td></tr><tr role="row" class="odd"><td tabindex="0"><i class="fa fa-thumbs-down"></i></td><td class=" not_printable"><div class="addToGL" data-soscuisine-aisle="16" data-soscuisine-sip="3943333"><i class="fa fa-cart-plus" title="Add to My Grocery List"></i><div></div></div></td><td><img class="storeItemImage" itemprop="image" alt="oranges" src="/media/images/store_item/68.jpg"></td><td>oranges</td><td class="not_printable sorting_1">fruits</td><td><img style="width:50%;" src="/media/images/logos/marchands/39.png" alt="Your Independent Grocer"></td><td><span itemprop="price">$5.99</span><span itemprop="eligibleQuantity" itemscope="" itemtype="http://schema.org/QuantitativeValue">/<span itemprop="unitText">2lb (907g)</span></span></td><td>$6.60/kg</td><td style="display: none;">2020-02-26</td><td style="display: none;">USA</td><td style="display: none;">house brand</td><td style="display: none;"></td><td style="display: none;">blood</td><td style="display: none;"></td><td style="display: none;"></td><td style="display: none;"></td><td style="display: none;"><a class="recipeLink" href="/recipe_ingredient_search_results.php?query=(_QU5E__1__________68__[]_1_1)">Recipes with oranges</a></td></tr><tr role="row" class="even"><td tabindex="0"><i class="fa fa-thumbs-down"></i></td><td class=" not_printable"><div class="addToGL" data-soscuisine-aisle="16" data-soscuisine-sip="3941865"><i class="fa fa-cart-plus" title="Add to My Grocery List"></i><div></div></div></td><td><img class="storeItemImage" itemprop="image" alt="papayas, red, jumbo" src="/media/images/store_item/580.jpg"></td><td>papayas, red, jumbo</td><td class="not_printable sorting_1">fruits</td><td><img style="width:50%;" src="/media/images/logos/marchands/19.png" alt="Loblaws"></td><td><span itemprop="price">$1.99</span><span itemprop="eligibleQuantity" itemscope="" itemtype="http://schema.org/QuantitativeValue">/<span itemprop="unitText">lb</span></span></td><td>$4.39/kg</td><td style="display: none;">2020-02-26</td><td style="display: none;">Mexico</td><td style="display: none;"></td><td style="display: none;"></td><td style="display: none;"></td><td style="display: none;"></td><td style="display: none;"></td><td style="display: none;"></td><td style="display: none;"><a class="recipeLink" href="/recipe_ingredient_search_results.php?query=(_QU5E__1__________580__[]_1_1)">Recipes with papayas, red, jumbo</a></td></tr><tr role="row" class="odd"><td tabindex="0"><i class="fa fa-thumbs-down"></i></td><td class=" not_printable"><div class="addToGL" data-soscuisine-aisle="16" data-soscuisine-sip="3943741"><i class="fa fa-cart-plus" title="Add to My Grocery List"></i><div></div></div></td><td><img class="storeItemImage" itemprop="image" alt="papayas, red, jumbo" src="/media/images/store_item/580.jpg"></td><td>papayas, red, jumbo</td><td class="not_printable sorting_1">fruits</td><td><img style="width:50%;" src="/media/images/logos/marchands/39.png" alt="Your Independent Grocer"></td><td><span itemprop="price">$1.99</span><span itemprop="eligibleQuantity" itemscope="" itemtype="http://schema.org/QuantitativeValue">/<span itemprop="unitText">lb</span></span></td><td>$4.39/kg</td><td style="display: none;">2020-02-26</td><td style="display: none;">Mexico</td><td style="display: none;"></td><td style="display: none;"></td><td style="display: none;"></td><td style="display: none;"></td><td style="display: none;"></td><td style="display: none;"></td><td style="display: none;"><a class="recipeLink" href="/recipe_ingredient_search_results.php?query=(_QU5E__1__________580__[]_1_1)">Recipes with papayas, red, jumbo</a></td></tr><tr role="row" class="even"><td tabindex="0"><i class="fas fa-circle"></i></td><td class=" not_printable"><div class="addToGL" data-soscuisine-aisle="16" data-soscuisine-sip="3941863"><i class="fa fa-cart-plus" title="Add to My Grocery List"></i><div></div></div></td><td><img class="storeItemImage" itemprop="image" alt="passion fruits" src="/media/images/store_item/1139.jpg"></td><td>passion fruits</td><td class="not_printable sorting_1">fruits</td><td><img style="width:50%;" src="/media/images/logos/marchands/19.png" alt="Loblaws"></td><td><span itemprop="price">$1.99</span><span itemprop="eligibleQuantity" itemscope="" itemtype="http://schema.org/QuantitativeValue"> ea.</span></td><td>N/A</td><td style="display: none;">2020-02-26</td><td style="display: none;">Colombia</td><td style="display: none;"></td><td style="display: none;">standard</td><td style="display: none;"></td><td style="display: none;"></td><td style="display: none;"></td><td style="display: none;"></td><td style="display: none;"><a class="recipeLink" href="/recipe_ingredient_search_results.php?query=(_QU5E__1__________1139__[]_1_1)">Recipes with passion fruits</a></td></tr><tr role="row" class="odd"><td tabindex="0"><i class="fas fa-circle"></i></td><td class=" not_printable"><div class="addToGL" data-soscuisine-aisle="16" data-soscuisine-sip="3943733"><i class="fa fa-cart-plus" title="Add to My Grocery List"></i><div></div></div></td><td><img class="storeItemImage" itemprop="image" alt="passion fruits" src="/media/images/store_item/1139.jpg"></td><td>passion fruits</td><td class="not_printable sorting_1">fruits</td><td><img style="width:50%;" src="/media/images/logos/marchands/39.png" alt="Your Independent Grocer"></td><td><span itemprop="price">$1.99</span><span itemprop="eligibleQuantity" itemscope="" itemtype="http://schema.org/QuantitativeValue"> ea.</span></td><td>N/A</td><td style="display: none;">2020-02-26</td><td style="display: none;">Colombia</td><td style="display: none;"></td><td style="display: none;">standard</td><td style="display: none;"></td><td style="display: none;"></td><td style="display: none;"></td><td style="display: none;"></td><td style="display: none;"><a class="recipeLink" href="/recipe_ingredient_search_results.php?query=(_QU5E__1__________1139__[]_1_1)">Recipes with passion fruits</a></td></tr><tr role="row" class="even"><td tabindex="0"><i class="fa fa-thumbs-up"></i><i class="fa fa-thumbs-up"></i></td><td class=" not_printable"><div class="addToGL" data-soscuisine-aisle="16" data-soscuisine-sip="3945589"><i class="fa fa-cart-plus" title="Add to My Grocery List"></i><div></div></div></td><td><img class="storeItemImage" itemprop="image" alt="peaches" src="/media/images/store_item/264.jpg"></td><td>peaches</td><td class="not_printable sorting_1">fruits</td><td><img style="width:50%;" src="/media/images/logos/marchands/18.png" alt="Food Basics"></td><td><span itemprop="price">$3.88</span><span itemprop="eligibleQuantity" itemscope="" itemtype="http://schema.org/QuantitativeValue">/<span itemprop="unitText">2lb (907g)</span></span></td><td>$4.28/kg</td><td style="display: none;">2020-02-26</td><td style="display: none;">Chile</td><td style="display: none;"></td><td style="display: none;"></td><td style="display: none;"></td><td style="display: none;"></td><td style="display: none;"></td><td style="display: none;"></td><td style="display: none;"><a class="recipeLink" href="/recipe_ingredient_search_results.php?query=(_QU5E__1__________264__[]_1_1)">Recipes with peaches</a></td></tr><tr role="row" class="odd"><td tabindex="0"><i class="fa fa-thumbs-up"></i><i class="fa fa-thumbs-up"></i></td><td class=" not_printable"><div class="addToGL" data-soscuisine-aisle="16" data-soscuisine-sip="3945479"><i class="fa fa-cart-plus" title="Add to My Grocery List"></i><div></div></div></td><td><img class="storeItemImage" itemprop="image" alt="pears" src="/media/images/store_item/76.jpg"></td><td>pears</td><td class="not_printable sorting_1">fruits</td><td><img style="width:50%;" src="/media/images/logos/marchands/18.png" alt="Food Basics"></td><td><span itemprop="price">$0.88</span><span itemprop="eligibleQuantity" itemscope="" itemtype="http://schema.org/QuantitativeValue">/<span itemprop="unitText">lb</span></span></td><td>$1.94/kg</td><td style="display: none;">2020-02-26</td><td style="display: none;">USA</td><td style="display: none;"></td><td style="display: none;"></td><td style="display: none;">Anjou</td><td style="display: none;"></td><td style="display: none;"></td><td style="display: none;"></td><td style="display: none;"><a class="recipeLink" href="/recipe_ingredient_search_results.php?query=(_QU5E__1__________76__[]_1_1)">Recipes with pears</a></td></tr><tr role="row" class="even"><td tabindex="0"><i class="fa fa-thumbs-down"></i></td><td class=" not_printable"><div class="addToGL" data-soscuisine-aisle="16" data-soscuisine-sip="3941995"><i class="fa fa-cart-plus" title="Add to My Grocery List"></i><div></div></div></td><td><img class="storeItemImage" itemprop="image" alt="pears" src="/media/images/store_item/76.jpg"></td><td>pears</td><td class="not_printable sorting_1">fruits</td><td><img style="width:50%;" src="/media/images/logos/marchands/16.png" alt="Foodland"></td><td><span itemprop="price">$2.29</span><span itemprop="eligibleQuantity" itemscope="" itemtype="http://schema.org/QuantitativeValue">/<span itemprop="unitText">lb</span></span></td><td>$5.05/kg</td><td style="display: none;">2020-02-26</td><td style="display: none;">USA</td><td style="display: none;"></td><td style="display: none;"></td><td style="display: none;">Bosc</td><td style="display: none;"></td><td style="display: none;"></td><td style="display: none;"></td><td style="display: none;"><a class="recipeLink" href="/recipe_ingredient_search_results.php?query=(_QU5E__1__________76__[]_1_1)">Recipes with pears</a></td></tr><tr role="row" class="odd"><td tabindex="0"><i class="fa fa-thumbs-up"></i></td><td class=" not_printable"><div class="addToGL" data-soscuisine-aisle="16" data-soscuisine-sip="3944223"><i class="fa fa-cart-plus" title="Add to My Grocery List"></i><div></div></div></td><td><img class="storeItemImage" itemprop="image" alt="pears" src="/media/images/store_item/76.jpg"></td><td>pears</td><td class="not_printable sorting_1">fruits</td><td><img style="width:50%;" src="/media/images/logos/marchands/70.png" alt="FreshCo"></td><td><span itemprop="price">$1.25</span><span itemprop="eligibleQuantity" itemscope="" itemtype="http://schema.org/QuantitativeValue">/<span itemprop="unitText">lb</span></span></td><td>$2.76/kg</td><td style="display: none;">2020-02-26</td><td style="display: none;">South Africa</td><td style="display: none;"></td><td style="display: none;"></td><td style="display: none;">Bartlett</td><td style="display: none;"></td><td style="display: none;"></td><td style="display: none;"></td><td style="display: none;"><a class="recipeLink" href="/recipe_ingredient_search_results.php?query=(_QU5E__1__________76__[]_1_1)">Recipes with pears</a></td></tr><tr role="row" class="even"><td tabindex="0"><i class="fa fa-thumbs-up"></i></td><td class=" not_printable"><div class="addToGL" data-soscuisine-aisle="16" data-soscuisine-sip="3944477"><i class="fa fa-cart-plus" title="Add to My Grocery List"></i><div></div></div></td><td><img class="storeItemImage" itemprop="image" alt="pears" src="/media/images/store_item/76.jpg"></td><td>pears</td><td class="not_printable sorting_1">fruits</td><td><img style="width:50%;" src="/media/images/logos/marchands/17.png" alt="Price Chopper"></td><td><span itemprop="price">$1.25</span><span itemprop="eligibleQuantity" itemscope="" itemtype="http://schema.org/QuantitativeValue">/<span itemprop="unitText">lb</span></span></td><td>$2.76/kg</td><td style="display: none;">2020-02-26</td><td style="display: none;">South Africa</td><td style="display: none;"></td><td style="display: none;"></td><td style="display: none;">Bartlett</td><td style="display: none;"></td><td style="display: none;"></td><td style="display: none;"></td><td style="display: none;"><a class="recipeLink" href="/recipe_ingredient_search_results.php?query=(_QU5E__1__________76__[]_1_1)">Recipes with pears</a></td></tr><tr role="row" class="odd"><td tabindex="0"><i class="fas fa-hand-rock"></i></td><td class=" not_printable"><div class="addToGL" data-soscuisine-aisle="16" data-soscuisine-sip="3943461"><i class="fa fa-cart-plus" title="Add to My Grocery List"></i><div></div></div></td><td><img class="storeItemImage" itemprop="image" alt="pears" src="/media/images/store_item/76.jpg"></td><td>pears</td><td class="not_printable sorting_1">fruits</td><td><img style="width:50%;" src="/media/images/logos/marchands/15.png" alt="Sobeys"></td><td><span itemprop="price">$1.99</span><span itemprop="eligibleQuantity" itemscope="" itemtype="http://schema.org/QuantitativeValue">/<span itemprop="unitText">lb</span></span></td><td>$4.39/kg</td><td style="display: none;">2020-02-26</td><td style="display: none;">South Africa</td><td style="display: none;"></td><td style="display: none;"></td><td style="display: none;">Bartlett</td><td style="display: none;"></td><td style="display: none;"></td><td style="display: none;"></td><td style="display: none;"><a class="recipeLink" href="/recipe_ingredient_search_results.php?query=(_QU5E__1__________76__[]_1_1)">Recipes with pears</a></td></tr><tr role="row" class="even"><td tabindex="0"><i class="fas fa-hand-rock"></i></td><td class=" not_printable"><div class="addToGL" data-soscuisine-aisle="16" data-soscuisine-sip="3945051"><i class="fa fa-cart-plus" title="Add to My Grocery List"></i><div></div></div></td><td><img class="storeItemImage" itemprop="image" alt="pineapples" src="/media/images/store_item/62.jpg"></td><td>pineapples</td><td class="not_printable sorting_1">fruits</td><td><img style="width:50%;" src="/media/images/logos/marchands/38.png" alt="Farm Boy"></td><td><span itemprop="price">$3.99</span><span itemprop="eligibleQuantity" itemscope="" itemtype="http://schema.org/QuantitativeValue"> ea.</span></td><td>$2.00/kg</td><td style="display: none;">2020-02-26</td><td style="display: none;">Costa Rica</td><td style="display: none;"></td><td style="display: none;">standard</td><td style="display: none;"></td><td style="display: none;"></td><td style="display: none;"></td><td style="display: none;"></td><td style="display: none;"><a class="recipeLink" href="/recipe_ingredient_search_results.php?query=(_QU5E__1__________62__[]_1_1)">Recipes with pineapples</a></td></tr><tr role="row" class="odd"><td tabindex="0"><i class="fas fa-hand-rock"></i></td><td class=" not_printable"><div class="addToGL" data-soscuisine-aisle="16" data-soscuisine-sip="3945701"><i class="fa fa-cart-plus" title="Add to My Grocery List"></i><div></div></div></td><td><img class="storeItemImage" itemprop="image" alt="pineapples" src="/media/images/store_item/62.jpg"></td><td>pineapples</td><td class="not_printable sorting_1">fruits</td><td><img style="width:50%;" src="/media/images/logos/marchands/20.png" alt="Metro"></td><td><span itemprop="price">$2.99</span><span itemprop="eligibleQuantity" itemscope="" itemtype="http://schema.org/QuantitativeValue"> ea.</span></td><td>$1.50/kg</td><td style="display: none;">2020-02-26</td><td style="display: none;">Costa Rica</td><td style="display: none;"></td><td style="display: none;">standard</td><td style="display: none;">Gold</td><td style="display: none;"></td><td style="display: none;"></td><td style="display: none;"></td><td style="display: none;"><a class="recipeLink" href="/recipe_ingredient_search_results.php?query=(_QU5E__1__________62__[]_1_1)">Recipes with pineapples</a></td></tr><tr role="row" class="even"><td tabindex="0"><i class="fa fa-thumbs-up"></i><i class="fa fa-thumbs-up"></i></td><td class=" not_printable"><div class="addToGL" data-soscuisine-aisle="16" data-soscuisine-sip="3944773"><i class="fa fa-cart-plus" title="Add to My Grocery List"></i><div></div></div></td><td><img class="storeItemImage" itemprop="image" alt="pineapples" src="/media/images/store_item/62.jpg"></td><td>pineapples</td><td class="not_printable sorting_1">fruits</td><td><img style="width:50%;" src="/media/images/logos/marchands/52.png" alt="Real Canadian Superstore"></td><td><span itemprop="price">$1.44</span><span itemprop="eligibleQuantity" itemscope="" itemtype="http://schema.org/QuantitativeValue"> ea.</span></td><td>$0.72/kg</td><td style="display: none;">2020-02-26</td><td style="display: none;">Costa Rica</td><td style="display: none;"></td><td style="display: none;">standard</td><td style="display: none;"></td><td style="display: none;"></td><td style="display: none;"></td><td style="display: none;"></td><td style="display: none;"><a class="recipeLink" href="/recipe_ingredient_search_results.php?query=(_QU5E__1__________62__[]_1_1)">Recipes with pineapples</a></td></tr><tr role="row" class="odd"><td tabindex="0"><i class="fas fa-exclamation"></i></td><td class=" not_printable"><div class="addToGL" data-soscuisine-aisle="16" data-soscuisine-sip="3941715"><i class="fa fa-cart-plus" title="Add to My Grocery List"></i><div></div></div></td><td><img class="storeItemImage" itemprop="image" alt="plumcots/pluots" src="/media/images/store_item/862.jpg"></td><td>plumcots/pluots</td><td class="not_printable sorting_1">fruits</td><td><img style="width:50%;" src="/media/images/logos/marchands/19.png" alt="Loblaws"></td><td><span itemprop="price">$3.99</span><span itemprop="eligibleQuantity" itemscope="" itemtype="http://schema.org/QuantitativeValue">/<span itemprop="unitText">lb</span></span></td><td>$8.80/kg</td><td style="display: none;">2020-02-26</td><td style="display: none;">Chile</td><td style="display: none;"></td><td style="display: none;"></td><td style="display: none;"></td><td style="display: none;"></td><td style="display: none;"></td><td style="display: none;"></td><td style="display: none;"><a class="recipeLink" href="/recipe_ingredient_search_results.php?query=(_QU5E__1__________862__[]_1_1)">Recipes with plumcots/pluots</a></td></tr><tr role="row" class="even"><td tabindex="0"><i class="fas fa-hand-rock"></i></td><td class=" not_printable"><div class="addToGL" data-soscuisine-aisle="16" data-soscuisine-sip="3944243"><i class="fa fa-cart-plus" title="Add to My Grocery List"></i><div></div></div></td><td><img class="storeItemImage" itemprop="image" alt="plums, red or black" src="/media/images/store_item/79.jpg"></td><td>plums, red or black</td><td class="not_printable sorting_1">fruits</td><td><img style="width:50%;" src="/media/images/logos/marchands/70.png" alt="FreshCo"></td><td><span itemprop="price">$2.00</span><span itemprop="eligibleQuantity" itemscope="" itemtype="http://schema.org/QuantitativeValue">/<span itemprop="unitText">lb</span></span></td><td>$4.41/kg</td><td style="display: none;">2020-02-26</td><td style="display: none;">Chile</td><td style="display: none;"></td><td style="display: none;"></td><td style="display: none;"></td><td style="display: none;"></td><td style="display: none;"></td><td style="display: none;"></td><td style="display: none;"><a class="recipeLink" href="/recipe_ingredient_search_results.php?query=(_QU5E__1__________79__[]_1_1)">Recipes with plums, red or black</a></td></tr><tr role="row" class="odd"><td tabindex="0"><i class="fas fa-hand-rock"></i></td><td class=" not_printable"><div class="addToGL" data-soscuisine-aisle="16" data-soscuisine-sip="3944487"><i class="fa fa-cart-plus" title="Add to My Grocery List"></i><div></div></div></td><td><img class="storeItemImage" itemprop="image" alt="plums, red or black" src="/media/images/store_item/79.jpg"></td><td>plums, red or black</td><td class="not_printable sorting_1">fruits</td><td><img style="width:50%;" src="/media/images/logos/marchands/17.png" alt="Price Chopper"></td><td><span itemprop="price">$2.00</span><span itemprop="eligibleQuantity" itemscope="" itemtype="http://schema.org/QuantitativeValue">/<span itemprop="unitText">lb</span></span></td><td>$4.41/kg</td><td style="display: none;">2020-02-26</td><td style="display: none;">Chile</td><td style="display: none;"></td><td style="display: none;"></td><td style="display: none;"></td><td style="display: none;"></td><td style="display: none;"></td><td style="display: none;"></td><td style="display: none;"><a class="recipeLink" href="/recipe_ingredient_search_results.php?query=(_QU5E__1__________79__[]_1_1)">Recipes with plums, red or black</a></td></tr><tr role="row" class="even"><td tabindex="0"><i class="fas fa-hand-rock"></i></td><td class=" not_printable"><div class="addToGL" data-soscuisine-aisle="16" data-soscuisine-sip="3944869"><i class="fa fa-cart-plus" title="Add to My Grocery List"></i><div></div></div></td><td><img class="storeItemImage" itemprop="image" alt="strawberries" src="/media/images/store_item/83.jpg"></td><td>strawberries</td><td class="not_printable sorting_1">fruits</td><td><img style="width:50%;" src="/media/images/logos/marchands/38.png" alt="Farm Boy"></td><td><span itemprop="price">$2.99</span><span itemprop="eligibleQuantity" itemscope="" itemtype="http://schema.org/QuantitativeValue">/<span itemprop="unitText">454g (1lb)</span></span></td><td>$6.59/kg</td><td style="display: none;">2020-02-26</td><td style="display: none;">Mexico</td><td style="display: none;"></td><td style="display: none;"></td><td style="display: none;"></td><td style="display: none;"></td><td style="display: none;"></td><td style="display: none;">or USA</td><td style="display: none;"><a class="recipeLink" href="/recipe_ingredient_search_results.php?query=(_QU5E__1__________83__[]_1_1)">Recipes with strawberries</a></td></tr><tr role="row" class="odd"><td tabindex="0"><i class="fa fa-thumbs-up"></i><i class="fa fa-thumbs-up"></i></td><td class=" not_printable"><div class="addToGL" data-soscuisine-aisle="16" data-soscuisine-sip="3945475"><i class="fa fa-cart-plus" title="Add to My Grocery List"></i><div></div></div></td><td><img class="storeItemImage" itemprop="image" alt="strawberries" src="/media/images/store_item/83.jpg"></td><td>strawberries</td><td class="not_printable sorting_1">fruits</td><td><img style="width:50%;" src="/media/images/logos/marchands/18.png" alt="Food Basics"></td><td><span itemprop="price">$1.67</span><span itemprop="eligibleQuantity" itemscope="" itemtype="http://schema.org/QuantitativeValue">/<span itemprop="unitText">454g (1lb)</span></span></td><td>$3.68/kg</td><td style="display: none;">2020-02-26</td><td style="display: none;">USA</td><td style="display: none;"></td><td style="display: none;"></td><td style="display: none;"></td><td style="display: none;">No.1 grade</td><td style="display: none;"></td><td style="display: none;"></td><td style="display: none;"><a class="recipeLink" href="/recipe_ingredient_search_results.php?query=(_QU5E__1__________83__[]_1_1)">Recipes with strawberries</a></td></tr><tr role="row" class="even"><td tabindex="0"><i class="fa fa-thumbs-up"></i><i class="fa fa-thumbs-up"></i></td><td class=" not_printable"><div class="addToGL" data-soscuisine-aisle="16" data-soscuisine-sip="3944197"><i class="fa fa-cart-plus" title="Add to My Grocery List"></i><div></div></div></td><td><img class="storeItemImage" itemprop="image" alt="strawberries" src="/media/images/store_item/83.jpg"></td><td>strawberries</td><td class="not_printable sorting_1">fruits</td><td><img style="width:50%;" src="/media/images/logos/marchands/70.png" alt="FreshCo"></td><td><span itemprop="price">$1.75</span><span itemprop="eligibleQuantity" itemscope="" itemtype="http://schema.org/QuantitativeValue">/<span itemprop="unitText">454g (1lb)</span></span></td><td>$3.86/kg</td><td style="display: none;">2020-02-26</td><td style="display: none;">USA</td><td style="display: none;"></td><td style="display: none;"></td><td style="display: none;"></td><td style="display: none;"></td><td style="display: none;"></td><td style="display: none;">or Mexico</td><td style="display: none;"><a class="recipeLink" href="/recipe_ingredient_search_results.php?query=(_QU5E__1__________83__[]_1_1)">Recipes with strawberries</a></td></tr><tr role="row" class="odd"><td tabindex="0"><i class="fas fa-hand-rock"></i></td><td class=" not_printable"><div class="addToGL" data-soscuisine-aisle="16" data-soscuisine-sip="3945745"><i class="fa fa-cart-plus" title="Add to My Grocery List"></i><div></div></div></td><td><img class="storeItemImage" itemprop="image" alt="strawberries" src="/media/images/store_item/83.jpg"></td><td>strawberries</td><td class="not_printable sorting_1">fruits</td><td><img style="width:50%;" src="/media/images/logos/marchands/20.png" alt="Metro"></td><td><span itemprop="price">$2.99</span><span itemprop="eligibleQuantity" itemscope="" itemtype="http://schema.org/QuantitativeValue">/<span itemprop="unitText">454g (1lb)</span></span></td><td>$6.59/kg</td><td style="display: none;">2020-02-26</td><td style="display: none;">USA</td><td style="display: none;"></td><td style="display: none;"></td><td style="display: none;"></td><td style="display: none;"></td><td style="display: none;"></td><td style="display: none;"></td><td style="display: none;"><a class="recipeLink" href="/recipe_ingredient_search_results.php?query=(_QU5E__1__________83__[]_1_1)">Recipes with strawberries</a></td></tr><tr role="row" class="even"><td tabindex="0"><i class="fa fa-thumbs-down"></i></td><td class=" not_printable"><div class="addToGL" data-soscuisine-aisle="16" data-soscuisine-sip="3945753"><i class="fa fa-cart-plus" title="Add to My Grocery List"></i><div></div></div></td><td><img class="storeItemImage" itemprop="image" alt="strawberries" src="/media/images/store_item/83.jpg"></td><td>strawberries</td><td class="not_printable sorting_1">fruits</td><td><img style="width:50%;" src="/media/images/logos/marchands/20.png" alt="Metro"></td><td><span itemprop="price">$4.99</span><span itemprop="eligibleQuantity" itemscope="" itemtype="http://schema.org/QuantitativeValue">/<span itemprop="unitText">340g</span></span></td><td>$14.68/kg</td><td style="display: none;">2020-02-26</td><td style="display: none;">Ontario</td><td style="display: none;"></td><td style="display: none;"></td><td style="display: none;">greenhouse</td><td style="display: none;"></td><td style="display: none;"></td><td style="display: none;"></td><td style="display: none;"><a class="recipeLink" href="/recipe_ingredient_search_results.php?query=(_QU5E__1__________83__[]_1_1)">Recipes with strawberries</a></td></tr><tr role="row" class="odd"><td tabindex="0"><i class="fa fa-thumbs-up"></i><i class="fa fa-thumbs-up"></i></td><td class=" not_printable"><div class="addToGL" data-soscuisine-aisle="16" data-soscuisine-sip="3941975"><i class="fa fa-cart-plus" title="Add to My Grocery List"></i><div></div></div></td><td><img class="storeItemImage" itemprop="image" alt="tangerines/mandarines" src="/media/images/store_item/71.jpg"></td><td>tangerines/mandarines</td><td class="not_printable sorting_1">fruits</td><td><img style="width:50%;" src="/media/images/logos/marchands/16.png" alt="Foodland"></td><td><span itemprop="price">$3.97</span><span itemprop="eligibleQuantity" itemscope="" itemtype="http://schema.org/QuantitativeValue">/<span itemprop="unitText">4lb (1,81kg)</span></span></td><td>$2.19/kg</td><td style="display: none;">2020-02-26</td><td style="display: none;">Morocco</td><td style="display: none;"></td><td style="display: none;"></td><td style="display: none;"></td><td style="display: none;"></td><td style="display: none;"></td><td style="display: none;"></td><td style="display: none;"><a class="recipeLink" href="/recipe_ingredient_search_results.php?query=(_QU5E__1__________71__[]_1_1)">Recipes with tangerines/mandarines</a></td></tr><tr role="row" class="even"><td tabindex="0"><i class="fa fa-thumbs-up"></i><i class="fa fa-thumbs-up"></i></td><td class=" not_printable"><div class="addToGL" data-soscuisine-aisle="16" data-soscuisine-sip="3944221"><i class="fa fa-cart-plus" title="Add to My Grocery List"></i><div></div></div></td><td><img class="storeItemImage" itemprop="image" alt="tangerines/mandarines" src="/media/images/store_item/71.jpg"></td><td>tangerines/mandarines</td><td class="not_printable sorting_1">fruits</td><td><img style="width:50%;" src="/media/images/logos/marchands/70.png" alt="FreshCo"></td><td><span itemprop="price">$1.25</span><span itemprop="eligibleQuantity" itemscope="" itemtype="http://schema.org/QuantitativeValue">/<span itemprop="unitText">lb</span></span></td><td>$2.76/kg</td><td style="display: none;">2020-02-26</td><td style="display: none;"></td><td style="display: none;"></td><td style="display: none;"></td><td style="display: none;"></td><td style="display: none;"></td><td style="display: none;"></td><td style="display: none;">kinnow, Pakistan</td><td style="display: none;"><a class="recipeLink" href="/recipe_ingredient_search_results.php?query=(_QU5E__1__________71__[]_1_1)">Recipes with tangerines/mandarines</a></td></tr><tr role="row" class="odd"><td tabindex="0"><i class="fa fa-thumbs-down"></i></td><td class=" not_printable"><div class="addToGL" data-soscuisine-aisle="16" data-soscuisine-sip="3941545"><i class="fa fa-cart-plus" title="Add to My Grocery List"></i><div></div></div></td><td><img class="storeItemImage" itemprop="image" alt="tangerines/mandarines" src="/media/images/store_item/71.jpg"></td><td>tangerines/mandarines</td><td class="not_printable sorting_1">fruits</td><td><img style="width:50%;" src="/media/images/logos/marchands/19.png" alt="Loblaws"></td><td><span itemprop="price">$5.99</span><span itemprop="eligibleQuantity" itemscope="" itemtype="http://schema.org/QuantitativeValue">/<span itemprop="unitText">2lb (907g)</span></span></td><td>$6.60/kg</td><td style="display: none;">2020-02-26</td><td style="display: none;">USA</td><td style="display: none;">house brand</td><td style="display: none;"></td><td style="display: none;">Orri</td><td style="display: none;"></td><td style="display: none;"></td><td style="display: none;">or Israel</td><td style="display: none;"><a class="recipeLink" href="/recipe_ingredient_search_results.php?query=(_QU5E__1__________71__[]_1_1)">Recipes with tangerines/mandarines</a></td></tr><tr role="row" class="even"><td tabindex="0"><i class="fa fa-thumbs-up"></i><i class="fa fa-thumbs-up"></i></td><td class=" not_printable"><div class="addToGL" data-soscuisine-aisle="16" data-soscuisine-sip="3944475"><i class="fa fa-cart-plus" title="Add to My Grocery List"></i><div></div></div></td><td><img class="storeItemImage" itemprop="image" alt="tangerines/mandarines" src="/media/images/store_item/71.jpg"></td><td>tangerines/mandarines</td><td class="not_printable sorting_1">fruits</td><td><img style="width:50%;" src="/media/images/logos/marchands/17.png" alt="Price Chopper"></td><td><span itemprop="price">$1.25</span><span itemprop="eligibleQuantity" itemscope="" itemtype="http://schema.org/QuantitativeValue">/<span itemprop="unitText">lb</span></span></td><td>$2.76/kg</td><td style="display: none;">2020-02-26</td><td style="display: none;"></td><td style="display: none;"></td><td style="display: none;"></td><td style="display: none;"></td><td style="display: none;"></td><td style="display: none;"></td><td style="display: none;">kinnow, Pakistan</td><td style="display: none;"><a class="recipeLink" href="/recipe_ingredient_search_results.php?query=(_QU5E__1__________71__[]_1_1)">Recipes with tangerines/mandarines</a></td></tr><tr role="row" class="odd"><td tabindex="0"><i class="fa fa-thumbs-up"></i></td><td class=" not_printable"><div class="addToGL" data-soscuisine-aisle="16" data-soscuisine-sip="3943373"><i class="fa fa-cart-plus" title="Add to My Grocery List"></i><div></div></div></td><td><img class="storeItemImage" itemprop="image" alt="tangerines/mandarines" src="/media/images/store_item/71.jpg"></td><td>tangerines/mandarines</td><td class="not_printable sorting_1">fruits</td><td><img style="width:50%;" src="/media/images/logos/marchands/15.png" alt="Sobeys"></td><td><span itemprop="price">$6.00</span><span itemprop="eligibleQuantity" itemscope="" itemtype="http://schema.org/QuantitativeValue">/<span itemprop="value">2</span>x<span itemprop="unitText">2lb (907g)</span></span></td><td>$3.31/kg</td><td style="display: none;">2020-02-26</td><td style="display: none;">USA</td><td style="display: none;">Halos</td><td style="display: none;"></td><td style="display: none;"></td><td style="display: none;"></td><td style="display: none;"></td><td style="display: none;"></td><td style="display: none;"><a class="recipeLink" href="/recipe_ingredient_search_results.php?query=(_QU5E__1__________71__[]_1_1)">Recipes with tangerines/mandarines</a></td></tr><tr role="row" class="even"><td tabindex="0"><i class="fa fa-thumbs-down"></i></td><td class=" not_printable"><div class="addToGL" data-soscuisine-aisle="16" data-soscuisine-sip="3943335"><i class="fa fa-cart-plus" title="Add to My Grocery List"></i><div></div></div></td><td><img class="storeItemImage" itemprop="image" alt="tangerines/mandarines" src="/media/images/store_item/71.jpg"></td><td>tangerines/mandarines</td><td class="not_printable sorting_1">fruits</td><td><img style="width:50%;" src="/media/images/logos/marchands/39.png" alt="Your Independent Grocer"></td><td><span itemprop="price">$5.99</span><span itemprop="eligibleQuantity" itemscope="" itemtype="http://schema.org/QuantitativeValue">/<span itemprop="unitText">2lb (907g)</span></span></td><td>$6.60/kg</td><td style="display: none;">2020-02-26</td><td style="display: none;">USA</td><td style="display: none;">house brand</td><td style="display: none;"></td><td style="display: none;"></td><td style="display: none;"></td><td style="display: none;"></td><td style="display: none;">or Israel</td><td style="display: none;"><a class="recipeLink" href="/recipe_ingredient_search_results.php?query=(_QU5E__1__________71__[]_1_1)">Recipes with tangerines/mandarines</a></td></tr><tr role="row" class="odd"><td tabindex="0"><i class="fa fa-thumbs-down"></i></td><td class=" not_printable"><div class="addToGL" data-soscuisine-aisle="16" data-soscuisine-sip="3945651"><i class="fa fa-cart-plus" title="Add to My Grocery List"></i><div></div></div></td><td><img class="storeItemImage" itemprop="image" alt="watermelons" src="/media/images/store_item/75.jpg"></td><td>watermelons</td><td class="not_printable sorting_1">fruits</td><td><img style="width:50%;" src="/media/images/logos/marchands/18.png" alt="Food Basics"></td><td><span itemprop="price">$3.88</span><span itemprop="eligibleQuantity" itemscope="" itemtype="http://schema.org/QuantitativeValue"> ea.</span></td><td>$2.59/kg</td><td style="display: none;">2020-02-26</td><td style="display: none;">Guatemala</td><td style="display: none;"></td><td style="display: none;">miniature</td><td style="display: none;">seedless</td><td style="display: none;"></td><td style="display: none;"></td><td style="display: none;"></td><td style="display: none;"><a class="recipeLink" href="/recipe_ingredient_search_results.php?query=(_QU5E__1__________75__[]_1_1)">Recipes with watermelons</a></td></tr><tr role="row" class="even"><td tabindex="0"><i class="fas fa-hand-rock"></i></td><td class=" not_printable"><div class="addToGL" data-soscuisine-aisle="16" data-soscuisine-sip="3941455"><i class="fa fa-cart-plus" title="Add to My Grocery List"></i><div></div></div></td><td><img class="storeItemImage" itemprop="image" alt="watermelons" src="/media/images/store_item/75.jpg"></td><td>watermelons</td><td class="not_printable sorting_1">fruits</td><td><img style="width:50%;" src="/media/images/logos/marchands/19.png" alt="Loblaws"></td><td><span itemprop="price">$2.99</span><span itemprop="eligibleQuantity" itemscope="" itemtype="http://schema.org/QuantitativeValue"> ea.</span></td><td>$1.99/kg</td><td style="display: none;">2020-02-26</td><td style="display: none;">Guatemala</td><td style="display: none;"></td><td style="display: none;">miniature</td><td style="display: none;">seedless</td><td style="display: none;"></td><td style="display: none;"></td><td style="display: none;">or Mexico</td><td style="display: none;"><a class="recipeLink" href="/recipe_ingredient_search_results.php?query=(_QU5E__1__________75__[]_1_1)">Recipes with watermelons</a></td></tr><tr role="row" class="odd"><td tabindex="0"><i class="fa fa-thumbs-down"></i></td><td class=" not_printable"><div class="addToGL" data-soscuisine-aisle="16" data-soscuisine-sip="3944727"><i class="fa fa-cart-plus" title="Add to My Grocery List"></i><div></div></div></td><td><img class="storeItemImage" itemprop="image" alt="watermelons" src="/media/images/store_item/75.jpg"></td><td>watermelons</td><td class="not_printable sorting_1">fruits</td><td><img style="width:50%;" src="/media/images/logos/marchands/52.png" alt="Real Canadian Superstore"></td><td><span itemprop="price">$3.98</span><span itemprop="eligibleQuantity" itemscope="" itemtype="http://schema.org/QuantitativeValue"> ea.</span></td><td>$2.65/kg</td><td style="display: none;">2020-02-26</td><td style="display: none;">Guatemala</td><td style="display: none;"></td><td style="display: none;">miniature</td><td style="display: none;">seedless</td><td style="display: none;"></td><td style="display: none;"></td><td style="display: none;">or Mexico</td><td style="display: none;"><a class="recipeLink" href="/recipe_ingredient_search_results.php?query=(_QU5E__1__________75__[]_1_1)">Recipes with watermelons</a></td></tr><tr role="row" class="even"><td tabindex="0"><i class="fa fa-thumbs-down"></i></td><td class=" not_printable"><div class="addToGL" data-soscuisine-aisle="16" data-soscuisine-sip="3943759"><i class="fa fa-cart-plus" title="Add to My Grocery List"></i><div></div></div></td><td><img class="storeItemImage" itemprop="image" alt="watermelons" src="/media/images/store_item/75.jpg"></td><td>watermelons</td><td class="not_printable sorting_1">fruits</td><td><img style="width:50%;" src="/media/images/logos/marchands/39.png" alt="Your Independent Grocer"></td><td><span itemprop="price">$3.99</span><span itemprop="eligibleQuantity" itemscope="" itemtype="http://schema.org/QuantitativeValue"> ea.</span></td><td>$2.66/kg</td><td style="display: none;">2020-02-26</td><td style="display: none;">Guatemala</td><td style="display: none;"></td><td style="display: none;">miniature</td><td style="display: none;">seedless</td><td style="display: none;"></td><td style="display: none;"></td><td style="display: none;">Mexico or Honduras</td><td style="display: none;"><a class="recipeLink" href="/recipe_ingredient_search_results.php?query=(_QU5E__1__________75__[]_1_1)">Recipes with watermelons</a></td></tr><tr role="row" class="odd"><td tabindex="0"><i class="fas fa-exclamation"></i></td><td class=" not_printable"><div class="addToGL" data-soscuisine-aisle="17" data-soscuisine-sip="3945811"><i class="fa fa-cart-plus" title="Add to My Grocery List"></i><div></div></div></td><td><img class="storeItemImage" alt="artichokes" src="/media/images/store_item/blank.jpg"></td><td>artichokes</td><td class="not_printable sorting_1">vegetables</td><td><img style="width:50%;" src="/media/images/logos/marchands/20.png" alt="Metro"></td><td><span itemprop="price">$5.00</span><span itemprop="eligibleQuantity" itemscope="" itemtype="http://schema.org/QuantitativeValue">/<span itemprop="value">3</span></span></td><td>$6.67/kg</td><td style="display: none;">2020-02-26</td><td style="display: none;">USA</td><td style="display: none;"></td><td style="display: none;">standard</td><td style="display: none;"></td><td style="display: none;"></td><td style="display: none;"></td><td style="display: none;"></td><td style="display: none;"><a class="recipeLink" href="/recipe_ingredient_search_results.php?query=(_QU5E__1__________99__[]_1_1)">Recipes with artichokes</a></td></tr><tr role="row" class="even"><td tabindex="0"><i class="fas fa-hand-rock"></i></td><td class=" not_printable"><div class="addToGL" data-soscuisine-aisle="17" data-soscuisine-sip="3944865"><i class="fa fa-cart-plus" title="Add to My Grocery List"></i><div></div></div></td><td><img class="storeItemImage" itemprop="image" alt="asparagus" src="/media/images/store_item/223.jpg"></td><td>asparagus</td><td class="not_printable sorting_1">vegetables</td><td><img style="width:50%;" src="/media/images/logos/marchands/38.png" alt="Farm Boy"></td><td><span itemprop="price">$2.99</span><span itemprop="eligibleQuantity" itemscope="" itemtype="http://schema.org/QuantitativeValue">/<span itemprop="unitText">lb</span></span></td><td>$6.59/kg</td><td style="display: none;">2020-02-26</td><td style="display: none;">Mexico</td><td style="display: none;"></td><td style="display: none;"></td><td style="display: none;"></td><td style="display: none;"></td><td style="display: none;"></td><td style="display: none;"></td><td style="display: none;"><a class="recipeLink" href="/recipe_ingredient_search_results.php?query=(_QU5E__1__________223__[]_1_1)">Recipes with asparagus</a></td></tr><tr role="row" class="odd"><td tabindex="0"><i class="fa fa-thumbs-up"></i><i class="fa fa-thumbs-up"></i></td><td class=" not_printable"><div class="addToGL" data-soscuisine-aisle="17" data-soscuisine-sip="3945471"><i class="fa fa-cart-plus" title="Add to My Grocery List"></i><div></div></div></td><td><img class="storeItemImage" itemprop="image" alt="asparagus" src="/media/images/store_item/223.jpg"></td><td>asparagus</td><td class="not_printable sorting_1">vegetables</td><td><img style="width:50%;" src="/media/images/logos/marchands/18.png" alt="Food Basics"></td><td><span itemprop="price">$1.67</span><span itemprop="eligibleQuantity" itemscope="" itemtype="http://schema.org/QuantitativeValue">/<span itemprop="unitText">325g</span></span></td><td>$5.14/kg</td><td style="display: none;">2020-02-26</td><td style="display: none;">Mexico</td><td style="display: none;"></td><td style="display: none;"></td><td style="display: none;"></td><td style="display: none;"></td><td style="display: none;"></td><td style="display: none;"></td><td style="display: none;"><a class="recipeLink" href="/recipe_ingredient_search_results.php?query=(_QU5E__1__________223__[]_1_1)">Recipes with asparagus</a></td></tr><tr role="row" class="even"><td tabindex="0"><i class="fa fa-thumbs-up"></i></td><td class=" not_printable"><div class="addToGL" data-soscuisine-aisle="17" data-soscuisine-sip="3941969"><i class="fa fa-cart-plus" title="Add to My Grocery List"></i><div></div></div></td><td><img class="storeItemImage" itemprop="image" alt="asparagus" src="/media/images/store_item/223.jpg"></td><td>asparagus</td><td class="not_printable sorting_1">vegetables</td><td><img style="width:50%;" src="/media/images/logos/marchands/16.png" alt="Foodland"></td><td><span itemprop="price">$2.77</span><span itemprop="eligibleQuantity" itemscope="" itemtype="http://schema.org/QuantitativeValue">/<span itemprop="unitText">lb</span></span></td><td>$6.11/kg</td><td style="display: none;">2020-02-26</td><td style="display: none;">Mexico</td><td style="display: none;"></td><td style="display: none;"></td><td style="display: none;"></td><td style="display: none;"></td><td style="display: none;"></td><td style="display: none;"></td><td style="display: none;"><a class="recipeLink" href="/recipe_ingredient_search_results.php?query=(_QU5E__1__________223__[]_1_1)">Recipes with asparagus</a></td></tr><tr role="row" class="odd"><td tabindex="0"><i class="fas fa-hand-rock"></i></td><td class=" not_printable"><div class="addToGL" data-soscuisine-aisle="17" data-soscuisine-sip="3944253"><i class="fa fa-cart-plus" title="Add to My Grocery List"></i><div></div></div></td><td><img class="storeItemImage" itemprop="image" alt="asparagus" src="/media/images/store_item/223.jpg"></td><td>asparagus</td><td class="not_printable sorting_1">vegetables</td><td><img style="width:50%;" src="/media/images/logos/marchands/70.png" alt="FreshCo"></td><td><span itemprop="price">$3.00</span><span itemprop="eligibleQuantity" itemscope="" itemtype="http://schema.org/QuantitativeValue">/<span itemprop="unitText">lb</span></span></td><td>$6.61/kg</td><td style="display: none;">2020-02-26</td><td style="display: none;">Mexico</td><td style="display: none;"></td><td style="display: none;"></td><td style="display: none;"></td><td style="display: none;"></td><td style="display: none;"></td><td style="display: none;"></td><td style="display: none;"><a class="recipeLink" href="/recipe_ingredient_search_results.php?query=(_QU5E__1__________223__[]_1_1)">Recipes with asparagus</a></td></tr><tr role="row" class="even"><td tabindex="0"><i class="fa fa-thumbs-up"></i><i class="fa fa-thumbs-up"></i></td><td class=" not_printable"><div class="addToGL" data-soscuisine-aisle="17" data-soscuisine-sip="3941451"><i class="fa fa-cart-plus" title="Add to My Grocery List"></i><div></div></div></td><td><img class="storeItemImage" itemprop="image" alt="asparagus" src="/media/images/store_item/223.jpg"></td><td>asparagus</td><td class="not_printable sorting_1">vegetables</td><td><img style="width:50%;" src="/media/images/logos/marchands/19.png" alt="Loblaws"></td><td><span itemprop="price">$2.49</span><span itemprop="eligibleQuantity" itemscope="" itemtype="http://schema.org/QuantitativeValue">/<span itemprop="unitText">lb</span></span></td><td>$5.49/kg</td><td style="display: none;">2020-02-26</td><td style="display: none;">Mexico</td><td style="display: none;"></td><td style="display: none;"></td><td style="display: none;"></td><td style="display: none;"></td><td style="display: none;"></td><td style="display: none;"></td><td style="display: none;"><a class="recipeLink" href="/recipe_ingredient_search_results.php?query=(_QU5E__1__________223__[]_1_1)">Recipes with asparagus</a></td></tr><tr role="row" class="odd"><td tabindex="0"><i class="fas fa-hand-rock"></i></td><td class=" not_printable"><div class="addToGL" data-soscuisine-aisle="17" data-soscuisine-sip="3945781"><i class="fa fa-cart-plus" title="Add to My Grocery List"></i><div></div></div></td><td><img class="storeItemImage" itemprop="image" alt="asparagus" src="/media/images/store_item/223.jpg"></td><td>asparagus</td><td class="not_printable sorting_1">vegetables</td><td><img style="width:50%;" src="/media/images/logos/marchands/20.png" alt="Metro"></td><td><span itemprop="price">$3.99</span><span itemprop="eligibleQuantity" itemscope="" itemtype="http://schema.org/QuantitativeValue">/<span itemprop="unitText">lb</span></span></td><td>$8.80/kg</td><td style="display: none;">2020-02-26</td><td style="display: none;">Mexico</td><td style="display: none;"></td><td style="display: none;"></td><td style="display: none;"></td><td style="display: none;"></td><td style="display: none;"></td><td style="display: none;"></td><td style="display: none;"><a class="recipeLink" href="/recipe_ingredient_search_results.php?query=(_QU5E__1__________223__[]_1_1)">Recipes with asparagus</a></td></tr><tr role="row" class="even"><td tabindex="0"><i class="fa fa-thumbs-up"></i><i class="fa fa-thumbs-up"></i></td><td class=" not_printable"><div class="addToGL" data-soscuisine-aisle="17" data-soscuisine-sip="3945333"><i class="fa fa-cart-plus" title="Add to My Grocery List"></i><div></div></div></td><td><img class="storeItemImage" itemprop="image" alt="asparagus" src="/media/images/store_item/223.jpg"></td><td>asparagus</td><td class="not_printable sorting_1">vegetables</td><td><img style="width:50%;" src="/media/images/logos/marchands/14.png" alt="No Frills"></td><td><span itemprop="price">$1.50</span><span itemprop="eligibleQuantity" itemscope="" itemtype="http://schema.org/QuantitativeValue">/<span itemprop="unitText">lb</span></span></td><td>$3.31/kg</td><td style="display: none;">2020-02-26</td><td style="display: none;">Mexico</td><td style="display: none;"></td><td style="display: none;"></td><td style="display: none;"></td><td style="display: none;"></td><td style="display: none;"></td><td style="display: none;"></td><td style="display: none;"><a class="recipeLink" href="/recipe_ingredient_search_results.php?query=(_QU5E__1__________223__[]_1_1)">Recipes with asparagus</a></td></tr><tr role="row" class="odd"><td tabindex="0"><i class="fas fa-hand-rock"></i></td><td class=" not_printable"><div class="addToGL" data-soscuisine-aisle="17" data-soscuisine-sip="3944491"><i class="fa fa-cart-plus" title="Add to My Grocery List"></i><div></div></div></td><td><img class="storeItemImage" itemprop="image" alt="asparagus" src="/media/images/store_item/223.jpg"></td><td>asparagus</td><td class="not_printable sorting_1">vegetables</td><td><img style="width:50%;" src="/media/images/logos/marchands/17.png" alt="Price Chopper"></td><td><span itemprop="price">$3.00</span><span itemprop="eligibleQuantity" itemscope="" itemtype="http://schema.org/QuantitativeValue">/<span itemprop="unitText">lb</span></span></td><td>$6.61/kg</td><td style="display: none;">2020-02-26</td><td style="display: none;">Mexico</td><td style="display: none;"></td><td style="display: none;"></td><td style="display: none;"></td><td style="display: none;"></td><td style="display: none;"></td><td style="display: none;"></td><td style="display: none;"><a class="recipeLink" href="/recipe_ingredient_search_results.php?query=(_QU5E__1__________223__[]_1_1)">Recipes with asparagus</a></td></tr><tr role="row" class="even"><td tabindex="0"><i class="fa fa-thumbs-down"></i></td><td class=" not_printable"><div class="addToGL" data-soscuisine-aisle="17" data-soscuisine-sip="3943313"><i class="fa fa-cart-plus" title="Add to My Grocery List"></i><div></div></div></td><td><img class="storeItemImage" itemprop="image" alt="asparagus" src="/media/images/store_item/223.jpg"></td><td>asparagus</td><td class="not_printable sorting_1">vegetables</td><td><img style="width:50%;" src="/media/images/logos/marchands/39.png" alt="Your Independent Grocer"></td><td><span itemprop="price">$4.99</span><span itemprop="eligibleQuantity" itemscope="" itemtype="http://schema.org/QuantitativeValue">/<span itemprop="unitText">lb</span></span></td><td>$11.00/kg</td><td style="display: none;">2020-02-26</td><td style="display: none;">Mexico</td><td style="display: none;"></td><td style="display: none;"></td><td style="display: none;"></td><td style="display: none;"></td><td style="display: none;"></td><td style="display: none;"></td><td style="display: none;"><a class="recipeLink" href="/recipe_ingredient_search_results.php?query=(_QU5E__1__________223__[]_1_1)">Recipes with asparagus</a></td></tr><tr role="row" class="odd"><td tabindex="0"><i class="fa fa-thumbs-down"></i></td><td class=" not_printable"><div class="addToGL" data-soscuisine-aisle="17" data-soscuisine-sip="3944939"><i class="fa fa-cart-plus" title="Add to My Grocery List"></i><div></div></div></td><td><img class="storeItemImage" alt="aubergines/eggplants, Asian" src="/media/images/store_item/blank.jpg"></td><td>aubergines/eggplants, Asian</td><td class="not_printable sorting_1">vegetables</td><td><img style="width:50%;" src="/media/images/logos/marchands/52.png" alt="Real Canadian Superstore"></td><td><span itemprop="price">$1.48</span><span itemprop="eligibleQuantity" itemscope="" itemtype="http://schema.org/QuantitativeValue">/<span itemprop="unitText">lb</span></span></td><td>$3.26/kg</td><td style="display: none;">2020-02-26</td><td style="display: none;">Dominican Rep.</td><td style="display: none;"></td><td style="display: none;"></td><td style="display: none;"></td><td style="display: none;"></td><td style="display: none;"></td><td style="display: none;">or USA, selected stores only</td><td style="display: none;"><a class="recipeLink" href="/recipe_ingredient_search_results.php?query=(_QU5E__1__________381__[]_1_1)">Recipes with aubergines/eggplants, Asian</a></td></tr><tr role="row" class="even"><td tabindex="0"><i class="fa fa-thumbs-down"></i></td><td class=" not_printable"><div class="addToGL" data-soscuisine-aisle="17" data-soscuisine-sip="3945047"><i class="fa fa-cart-plus" title="Add to My Grocery List"></i><div></div></div></td><td><img class="storeItemImage" itemprop="image" alt="avocados" src="/media/images/store_item/60.jpg"></td><td>avocados</td><td class="not_printable sorting_1">vegetables</td><td><img style="width:50%;" src="/media/images/logos/marchands/38.png" alt="Farm Boy"></td><td><span itemprop="price">$5.00</span><span itemprop="eligibleQuantity" itemscope="" itemtype="http://schema.org/QuantitativeValue">/<span itemprop="value">3</span></span></td><td>$9.80/kg</td><td style="display: none;">2020-02-26</td><td style="display: none;">Mexico</td><td style="display: none;"></td><td style="display: none;">standard</td><td style="display: none;">Hass</td><td style="display: none;"></td><td style="display: none;"></td><td style="display: none;"></td><td style="display: none;"><a class="recipeLink" href="/recipe_ingredient_search_results.php?query=(_QU5E__1__________60__[]_1_1)">Recipes with avocados</a></td></tr><tr role="row" class="odd"><td tabindex="0"><i class="fa fa-thumbs-up"></i><i class="fa fa-thumbs-up"></i></td><td class=" not_printable"><div class="addToGL" data-soscuisine-aisle="17" data-soscuisine-sip="3945491"><i class="fa fa-cart-plus" title="Add to My Grocery List"></i><div></div></div></td><td><img class="storeItemImage" itemprop="image" alt="avocados" src="/media/images/store_item/60.jpg"></td><td>avocados</td><td class="not_printable sorting_1">vegetables</td><td><img style="width:50%;" src="/media/images/logos/marchands/18.png" alt="Food Basics"></td><td><span itemprop="price">$5.00</span><span itemprop="eligibleQuantity" itemscope="" itemtype="http://schema.org/QuantitativeValue">/<span itemprop="value">2</span>x<span itemprop="unitText">5-6 pack</span></span></td><td>$2.67/kg</td><td style="display: none;">2020-02-26</td><td style="display: none;">Mexico</td><td style="display: none;"></td><td style="display: none;">standard</td><td style="display: none;"></td><td style="display: none;"></td><td style="display: none;"></td><td style="display: none;"></td><td style="display: none;"><a class="recipeLink" href="/recipe_ingredient_search_results.php?query=(_QU5E__1__________60__[]_1_1)">Recipes with avocados</a></td></tr><tr role="row" class="even"><td tabindex="0"><i class="fas fa-hand-rock"></i></td><td class=" not_printable"><div class="addToGL" data-soscuisine-aisle="17" data-soscuisine-sip="3944211"><i class="fa fa-cart-plus" title="Add to My Grocery List"></i><div></div></div></td><td><img class="storeItemImage" itemprop="image" alt="avocados" src="/media/images/store_item/60.jpg"></td><td>avocados</td><td class="not_printable sorting_1">vegetables</td><td><img style="width:50%;" src="/media/images/logos/marchands/70.png" alt="FreshCo"></td><td><span itemprop="price">$1.00</span><span itemprop="eligibleQuantity" itemscope="" itemtype="http://schema.org/QuantitativeValue"> ea.</span></td><td>$5.88/kg</td><td style="display: none;">2020-02-26</td><td style="display: none;">Mexico</td><td style="display: none;"></td><td style="display: none;">standard</td><td style="display: none;"></td><td style="display: none;"></td><td style="display: none;"></td><td style="display: none;"></td><td style="display: none;"><a class="recipeLink" href="/recipe_ingredient_search_results.php?query=(_QU5E__1__________60__[]_1_1)">Recipes with avocados</a></td></tr><tr role="row" class="odd"><td tabindex="0"><i class="fas fa-hand-rock"></i></td><td class=" not_printable"><div class="addToGL" data-soscuisine-aisle="17" data-soscuisine-sip="3941709"><i class="fa fa-cart-plus" title="Add to My Grocery List"></i><div></div></div></td><td><img class="storeItemImage" itemprop="image" alt="avocados" src="/media/images/store_item/60.jpg"></td><td>avocados</td><td class="not_printable sorting_1">vegetables</td><td><img style="width:50%;" src="/media/images/logos/marchands/19.png" alt="Loblaws"></td><td><span itemprop="price">$4.98</span><span itemprop="eligibleQuantity" itemscope="" itemtype="http://schema.org/QuantitativeValue">/<span itemprop="value">3</span></span></td><td>$9.76/kg</td><td style="display: none;">2020-02-26</td><td style="display: none;">Mexico</td><td style="display: none;"></td><td style="display: none;">standard</td><td style="display: none;"></td><td style="display: none;"></td><td style="display: none;"></td><td style="display: none;"></td><td style="display: none;"><a class="recipeLink" href="/recipe_ingredient_search_results.php?query=(_QU5E__1__________60__[]_1_1)">Recipes with avocados</a></td></tr><tr role="row" class="even"><td tabindex="0"><i class="fa fa-thumbs-down"></i></td><td class=" not_printable"><div class="addToGL" data-soscuisine-aisle="17" data-soscuisine-sip="3941707"><i class="fa fa-cart-plus" title="Add to My Grocery List"></i><div></div></div></td><td><img class="storeItemImage" itemprop="image" alt="avocados" src="/media/images/store_item/60.jpg"></td><td>avocados</td><td class="not_printable sorting_1">vegetables</td><td><img style="width:50%;" src="/media/images/logos/marchands/19.png" alt="Loblaws"></td><td><span itemprop="price">$1.99</span><span itemprop="eligibleQuantity" itemscope="" itemtype="http://schema.org/QuantitativeValue"> ea.</span></td><td>$11.71/kg</td><td style="display: none;">2020-02-26</td><td style="display: none;">Mexico</td><td style="display: none;"></td><td style="display: none;">standard</td><td style="display: none;"></td><td style="display: none;"></td><td style="display: none;"></td><td style="display: none;"></td><td style="display: none;"><a class="recipeLink" href="/recipe_ingredient_search_results.php?query=(_QU5E__1__________60__[]_1_1)">Recipes with avocados</a></td></tr><tr role="row" class="odd"><td tabindex="0"><i class="fa fa-thumbs-up"></i><i class="fa fa-thumbs-up"></i></td><td class=" not_printable"><div class="addToGL" data-soscuisine-aisle="17" data-soscuisine-sip="3945703"><i class="fa fa-cart-plus" title="Add to My Grocery List"></i><div></div></div></td><td><img class="storeItemImage" itemprop="image" alt="avocados" src="/media/images/store_item/60.jpg"></td><td>avocados</td><td class="not_printable sorting_1">vegetables</td><td><img style="width:50%;" src="/media/images/logos/marchands/20.png" alt="Metro"></td><td><span itemprop="price">$2.99</span><span itemprop="eligibleQuantity" itemscope="" itemtype="http://schema.org/QuantitativeValue">/<span itemprop="unitText">5-pack</span></span></td><td>$3.52/kg</td><td style="display: none;">2020-02-26</td><td style="display: none;">Mexico</td><td style="display: none;"></td><td style="display: none;">standard</td><td style="display: none;"></td><td style="display: none;"></td><td style="display: none;"></td><td style="display: none;"></td><td style="display: none;"><a class="recipeLink" href="/recipe_ingredient_search_results.php?query=(_QU5E__1__________60__[]_1_1)">Recipes with avocados</a></td></tr><tr role="row" class="even"><td tabindex="0"><i class="fas fa-hand-rock"></i></td><td class=" not_printable"><div class="addToGL" data-soscuisine-aisle="17" data-soscuisine-sip="3945335"><i class="fa fa-cart-plus" title="Add to My Grocery List"></i><div></div></div></td><td><img class="storeItemImage" itemprop="image" alt="avocados" src="/media/images/store_item/60.jpg"></td><td>avocados</td><td class="not_printable sorting_1">vegetables</td><td><img style="width:50%;" src="/media/images/logos/marchands/14.png" alt="No Frills"></td><td><span itemprop="price">$1.00</span><span itemprop="eligibleQuantity" itemscope="" itemtype="http://schema.org/QuantitativeValue"> ea.</span></td><td>$5.88/kg</td><td style="display: none;">2020-02-26</td><td style="display: none;">Mexico</td><td style="display: none;"></td><td style="display: none;">standard</td><td style="display: none;"></td><td style="display: none;"></td><td style="display: none;"></td><td style="display: none;"></td><td style="display: none;"><a class="recipeLink" href="/recipe_ingredient_search_results.php?query=(_QU5E__1__________60__[]_1_1)">Recipes with avocados</a></td></tr><tr role="row" class="odd"><td tabindex="0"><i class="fas fa-hand-rock"></i></td><td class=" not_printable"><div class="addToGL" data-soscuisine-aisle="17" data-soscuisine-sip="3944467"><i class="fa fa-cart-plus" title="Add to My Grocery List"></i><div></div></div></td><td><img class="storeItemImage" itemprop="image" alt="avocados" src="/media/images/store_item/60.jpg"></td><td>avocados</td><td class="not_printable sorting_1">vegetables</td><td><img style="width:50%;" src="/media/images/logos/marchands/17.png" alt="Price Chopper"></td><td><span itemprop="price">$1.00</span><span itemprop="eligibleQuantity" itemscope="" itemtype="http://schema.org/QuantitativeValue"> ea.</span></td><td>$5.88/kg</td><td style="display: none;">2020-02-26</td><td style="display: none;">Mexico</td><td style="display: none;"></td><td style="display: none;">standard</td><td style="display: none;"></td><td style="display: none;"></td><td style="display: none;"></td><td style="display: none;"></td><td style="display: none;"><a class="recipeLink" href="/recipe_ingredient_search_results.php?query=(_QU5E__1__________60__[]_1_1)">Recipes with avocados</a></td></tr><tr role="row" class="even"><td tabindex="0"><i class="fa fa-thumbs-up"></i><i class="fa fa-thumbs-up"></i></td><td class=" not_printable"><div class="addToGL" data-soscuisine-aisle="17" data-soscuisine-sip="3944719"><i class="fa fa-cart-plus" title="Add to My Grocery List"></i><div></div></div></td><td><img class="storeItemImage" itemprop="image" alt="avocados" src="/media/images/store_item/60.jpg"></td><td>avocados</td><td class="not_printable sorting_1">vegetables</td><td><img style="width:50%;" src="/media/images/logos/marchands/52.png" alt="Real Canadian Superstore"></td><td><span itemprop="price">$2.98</span><span itemprop="eligibleQuantity" itemscope="" itemtype="http://schema.org/QuantitativeValue">/<span itemprop="unitText">6-pack</span></span></td><td>$2.92/kg</td><td style="display: none;">2020-02-26</td><td style="display: none;">Mexico</td><td style="display: none;"></td><td style="display: none;">standard</td><td style="display: none;"></td><td style="display: none;"></td><td style="display: none;"></td><td style="display: none;"></td><td style="display: none;"><a class="recipeLink" href="/recipe_ingredient_search_results.php?query=(_QU5E__1__________60__[]_1_1)">Recipes with avocados</a></td></tr><tr role="row" class="odd"><td tabindex="0"><i class="fas fa-hand-rock"></i></td><td class=" not_printable"><div class="addToGL" data-soscuisine-aisle="17" data-soscuisine-sip="3941305"><i class="fa fa-cart-plus" title="Add to My Grocery List"></i><div></div></div></td><td><img class="storeItemImage" itemprop="image" alt="avocados" src="/media/images/store_item/60.jpg"></td><td>avocados</td><td class="not_printable sorting_1">vegetables</td><td><img style="width:50%;" src="/media/images/logos/marchands/74.png" alt="Walmart"></td><td><span itemprop="price">$0.97</span><span itemprop="eligibleQuantity" itemscope="" itemtype="http://schema.org/QuantitativeValue"> ea.</span></td><td>$5.71/kg</td><td style="display: none;">2020-02-26</td><td style="display: none;">Mexico</td><td style="display: none;"></td><td style="display: none;">standard</td><td style="display: none;"></td><td style="display: none;"></td><td style="display: none;"></td><td style="display: none;">supercentres only</td><td style="display: none;"><a class="recipeLink" href="/recipe_ingredient_search_results.php?query=(_QU5E__1__________60__[]_1_1)">Recipes with avocados</a></td></tr><tr role="row" class="even"><td tabindex="0"><i class="fa fa-thumbs-up"></i></td><td class=" not_printable"><div class="addToGL" data-soscuisine-aisle="17" data-soscuisine-sip="3941873"><i class="fa fa-cart-plus" title="Add to My Grocery List"></i><div></div></div></td><td><img class="storeItemImage" itemprop="image" alt="avocados ORGANIC" src="/media/images/store_item/687.jpg"></td><td>avocados ORGANIC</td><td class="not_printable sorting_1">vegetables</td><td><img style="width:50%;" src="/media/images/logos/marchands/19.png" alt="Loblaws"></td><td><span itemprop="price">$5.99</span><span itemprop="eligibleQuantity" itemscope="" itemtype="http://schema.org/QuantitativeValue">/<span itemprop="unitText">4-pack</span></span></td><td>$8.81/kg</td><td style="display: none;">2020-02-26</td><td style="display: none;">Mexico</td><td style="display: none;"></td><td style="display: none;">standard</td><td style="display: none;"></td><td style="display: none;"></td><td style="display: none;"></td><td style="display: none;"></td><td style="display: none;"><a class="recipeLink" href="/recipe_ingredient_search_results.php?query=(_QU5E__1__________687__[]_1_1)">Recipes with avocados ORGANIC</a></td></tr><tr role="row" class="odd"><td tabindex="0"><i class="fa fa-thumbs-up"></i></td><td class=" not_printable"><div class="addToGL" data-soscuisine-aisle="17" data-soscuisine-sip="3943763"><i class="fa fa-cart-plus" title="Add to My Grocery List"></i><div></div></div></td><td><img class="storeItemImage" itemprop="image" alt="avocados ORGANIC" src="/media/images/store_item/687.jpg"></td><td>avocados ORGANIC</td><td class="not_printable sorting_1">vegetables</td><td><img style="width:50%;" src="/media/images/logos/marchands/39.png" alt="Your Independent Grocer"></td><td><span itemprop="price">$5.99</span><span itemprop="eligibleQuantity" itemscope="" itemtype="http://schema.org/QuantitativeValue">/<span itemprop="unitText">4-pack</span></span></td><td>$8.81/kg</td><td style="display: none;">2020-02-26</td><td style="display: none;">Mexico</td><td style="display: none;"></td><td style="display: none;">standard</td><td style="display: none;"></td><td style="display: none;"></td><td style="display: none;"></td><td style="display: none;"></td><td style="display: none;"><a class="recipeLink" href="/recipe_ingredient_search_results.php?query=(_QU5E__1__________687__[]_1_1)">Recipes with avocados ORGANIC</a></td></tr><tr role="row" class="even"><td tabindex="0"><i class="fa fa-thumbs-up"></i><i class="fa fa-thumbs-up"></i></td><td class=" not_printable"><div class="addToGL" data-soscuisine-aisle="17" data-soscuisine-sip="3941313"><i class="fa fa-cart-plus" title="Add to My Grocery List"></i><div></div></div></td><td><img class="storeItemImage" itemprop="image" alt="baby spinach" src="/media/images/store_item/312.jpg"></td><td>baby spinach</td><td class="not_printable sorting_1">vegetables</td><td><img style="width:50%;" src="/media/images/logos/marchands/74.png" alt="Walmart"></td><td><span itemprop="price">$5.97</span><span itemprop="eligibleQuantity" itemscope="" itemtype="http://schema.org/QuantitativeValue">/<span itemprop="unitText">454g (1lb)</span></span></td><td>$1.32/100g</td><td style="display: none;">2020-02-26</td><td style="display: none;">USA</td><td style="display: none;">Attitude</td><td style="display: none;"></td><td style="display: none;"></td><td style="display: none;"></td><td style="display: none;"></td><td style="display: none;">supercentres only</td><td style="display: none;"><a class="recipeLink" href="/recipe_ingredient_search_results.php?query=(_QU5E__1__________312__[]_1_1)">Recipes with baby spinach</a></td></tr><tr role="row" class="odd"><td tabindex="0"><i class="fa fa-thumbs-up"></i></td><td class=" not_printable"><div class="addToGL" data-soscuisine-aisle="17" data-soscuisine-sip="3942007"><i class="fa fa-cart-plus" title="Add to My Grocery List"></i><div></div></div></td><td><img class="storeItemImage" itemprop="image" alt="baby spinach ORGANIC" src="/media/images/store_item/700.jpg"></td><td>baby spinach ORGANIC</td><td class="not_printable sorting_1">vegetables</td><td><img style="width:50%;" src="/media/images/logos/marchands/16.png" alt="Foodland"></td><td><span itemprop="price">$5.99</span><span itemprop="eligibleQuantity" itemscope="" itemtype="http://schema.org/QuantitativeValue">/<span itemprop="unitText">11oz (312g)</span></span></td><td>$1.92/100g</td><td style="display: none;">2020-02-26</td><td style="display: none;">USA</td><td style="display: none;">house brand</td><td style="display: none;"></td><td style="display: none;"></td><td style="display: none;"></td><td style="display: none;"></td><td style="display: none;"></td><td style="display: none;"><a class="recipeLink" href="/recipe_ingredient_search_results.php?query=(_QU5E__1__________700__[]_1_1)">Recipes with baby spinach ORGANIC</a></td></tr><tr role="row" class="even"><td tabindex="0"><i class="fas fa-hand-rock"></i></td><td class=" not_printable"><div class="addToGL" data-soscuisine-aisle="17" data-soscuisine-sip="3941723"><i class="fa fa-cart-plus" title="Add to My Grocery List"></i><div></div></div></td><td><img class="storeItemImage" itemprop="image" alt="baby spinach ORGANIC" src="/media/images/store_item/700.jpg"></td><td>baby spinach ORGANIC</td><td class="not_printable sorting_1">vegetables</td><td><img style="width:50%;" src="/media/images/logos/marchands/19.png" alt="Loblaws"></td><td><span itemprop="price">$10.00</span><span itemprop="eligibleQuantity" itemscope="" itemtype="http://schema.org/QuantitativeValue">/<span itemprop="value">2</span>x<span itemprop="unitText">5oz (142g)</span></span></td><td>$3.52/100g</td><td style="display: none;">2020-02-26</td><td style="display: none;">USA</td><td style="display: none;">house brand</td><td style="display: none;"></td><td style="display: none;"></td><td style="display: none;"></td><td style="display: none;"></td><td style="display: none;"></td><td style="display: none;"><a class="recipeLink" href="/recipe_ingredient_search_results.php?query=(_QU5E__1__________700__[]_1_1)">Recipes with baby spinach ORGANIC</a></td></tr><tr role="row" class="odd"><td tabindex="0"><i class="fa fa-thumbs-down"></i></td><td class=" not_printable"><div class="addToGL" data-soscuisine-aisle="17" data-soscuisine-sip="3941721"><i class="fa fa-cart-plus" title="Add to My Grocery List"></i><div></div></div></td><td><img class="storeItemImage" itemprop="image" alt="baby spinach ORGANIC" src="/media/images/store_item/700.jpg"></td><td>baby spinach ORGANIC</td><td class="not_printable sorting_1">vegetables</td><td><img style="width:50%;" src="/media/images/logos/marchands/19.png" alt="Loblaws"></td><td><span itemprop="price">$5.49</span><span itemprop="eligibleQuantity" itemscope="" itemtype="http://schema.org/QuantitativeValue">/<span itemprop="unitText">5oz (142g)</span></span></td><td>$3.87/100g</td><td style="display: none;">2020-02-26</td><td style="display: none;">USA</td><td style="display: none;">house brand</td><td style="display: none;"></td><td style="display: none;"></td><td style="display: none;"></td><td style="display: none;"></td><td style="display: none;"></td><td style="display: none;"><a class="recipeLink" href="/recipe_ingredient_search_results.php?query=(_QU5E__1__________700__[]_1_1)">Recipes with baby spinach ORGANIC</a></td></tr><tr role="row" class="even"><td tabindex="0"><i class="fas fa-hand-rock"></i></td><td class=" not_printable"><div class="addToGL" data-soscuisine-aisle="17" data-soscuisine-sip="3945769"><i class="fa fa-cart-plus" title="Add to My Grocery List"></i><div></div></div></td><td><img class="storeItemImage" itemprop="image" alt="baby spinach ORGANIC" src="/media/images/store_item/700.jpg"></td><td>baby spinach ORGANIC</td><td class="not_printable sorting_1">vegetables</td><td><img style="width:50%;" src="/media/images/logos/marchands/20.png" alt="Metro"></td><td><span itemprop="price">$4.99</span><span itemprop="eligibleQuantity" itemscope="" itemtype="http://schema.org/QuantitativeValue">/<span itemprop="unitText">5oz (142g)</span></span></td><td>$3.51/100g</td><td style="display: none;">2020-02-26</td><td style="display: none;">USA</td><td style="display: none;">Attitude</td><td style="display: none;"></td><td style="display: none;"></td><td style="display: none;"></td><td style="display: none;"></td><td style="display: none;"></td><td style="display: none;"><a class="recipeLink" href="/recipe_ingredient_search_results.php?query=(_QU5E__1__________700__[]_1_1)">Recipes with baby spinach ORGANIC</a></td></tr><tr role="row" class="odd"><td tabindex="0"><i class="fas fa-hand-rock"></i></td><td class=" not_printable"><div class="addToGL" data-soscuisine-aisle="17" data-soscuisine-sip="3943367"><i class="fa fa-cart-plus" title="Add to My Grocery List"></i><div></div></div></td><td><img class="storeItemImage" itemprop="image" alt="baby spinach ORGANIC" src="/media/images/store_item/700.jpg"></td><td>baby spinach ORGANIC</td><td class="not_printable sorting_1">vegetables</td><td><img style="width:50%;" src="/media/images/logos/marchands/39.png" alt="Your Independent Grocer"></td><td><span itemprop="price">$10.00</span><span itemprop="eligibleQuantity" itemscope="" itemtype="http://schema.org/QuantitativeValue">/<span itemprop="value">2</span>x<span itemprop="unitText">5oz (142g)</span></span></td><td>$3.52/100g</td><td style="display: none;">2020-02-26</td><td style="display: none;">USA</td><td style="display: none;">house brand</td><td style="display: none;"></td><td style="display: none;"></td><td style="display: none;"></td><td style="display: none;"></td><td style="display: none;"></td><td style="display: none;"><a class="recipeLink" href="/recipe_ingredient_search_results.php?query=(_QU5E__1__________700__[]_1_1)">Recipes with baby spinach ORGANIC</a></td></tr><tr role="row" class="even"><td tabindex="0"><i class="fa fa-thumbs-down"></i></td><td class=" not_printable"><div class="addToGL" data-soscuisine-aisle="17" data-soscuisine-sip="3943365"><i class="fa fa-cart-plus" title="Add to My Grocery List"></i><div></div></div></td><td><img class="storeItemImage" itemprop="image" alt="baby spinach ORGANIC" src="/media/images/store_item/700.jpg"></td><td>baby spinach ORGANIC</td><td class="not_printable sorting_1">vegetables</td><td><img style="width:50%;" src="/media/images/logos/marchands/39.png" alt="Your Independent Grocer"></td><td><span itemprop="price">$5.49</span><span itemprop="eligibleQuantity" itemscope="" itemtype="http://schema.org/QuantitativeValue">/<span itemprop="unitText">5oz (142g)</span></span></td><td>$3.87/100g</td><td style="display: none;">2020-02-26</td><td style="display: none;">USA</td><td style="display: none;">house brand</td><td style="display: none;"></td><td style="display: none;"></td><td style="display: none;"></td><td style="display: none;"></td><td style="display: none;"></td><td style="display: none;"><a class="recipeLink" href="/recipe_ingredient_search_results.php?query=(_QU5E__1__________700__[]_1_1)">Recipes with baby spinach ORGANIC</a></td></tr><tr role="row" class="odd"><td tabindex="0"><i class="fa fa-thumbs-up"></i></td><td class=" not_printable"><div class="addToGL" data-soscuisine-aisle="17" data-soscuisine-sip="3944697"><i class="fa fa-cart-plus" title="Add to My Grocery List"></i><div></div></div></td><td><img class="storeItemImage" itemprop="image" alt="beetroots" src="/media/images/store_item/228.jpg"></td><td>beetroots</td><td class="not_printable sorting_1">vegetables</td><td><img style="width:50%;" src="/media/images/logos/marchands/52.png" alt="Real Canadian Superstore"></td><td><span itemprop="price">$1.98</span><span itemprop="eligibleQuantity" itemscope="" itemtype="http://schema.org/QuantitativeValue">/<span itemprop="unitText">5lb (2,3kg)</span></span></td><td>$0.87/kg</td><td style="display: none;">2020-02-26</td><td style="display: none;">Canada</td><td style="display: none;"></td><td style="display: none;"></td><td style="display: none;"></td><td style="display: none;"></td><td style="display: none;"></td><td style="display: none;"></td><td style="display: none;"><a class="recipeLink" href="/recipe_ingredient_search_results.php?query=(_QU5E__1__________228__[]_1_1)">Recipes with beetroots</a></td></tr><tr role="row" class="even"><td tabindex="0"><i class="fa fa-thumbs-up"></i></td><td class=" not_printable"><div class="addToGL" data-soscuisine-aisle="17" data-soscuisine-sip="3945569"><i class="fa fa-cart-plus" title="Add to My Grocery List"></i><div></div></div></td><td><img class="storeItemImage" itemprop="image" alt="broccoli" src="/media/images/store_item/125.jpg"></td><td>broccoli</td><td class="not_printable sorting_1">vegetables</td><td><img style="width:50%;" src="/media/images/logos/marchands/18.png" alt="Food Basics"></td><td><span itemprop="price">$5.00</span><span itemprop="eligibleQuantity" itemscope="" itemtype="http://schema.org/QuantitativeValue">/<span itemprop="value">3</span></span></td><td>$3.70/kg</td><td style="display: none;">2020-02-26</td><td style="display: none;">USA</td><td style="display: none;"></td><td style="display: none;">standard</td><td style="display: none;"></td><td style="display: none;"></td><td style="display: none;">crowns</td><td style="display: none;"></td><td style="display: none;"><a class="recipeLink" href="/recipe_ingredient_search_results.php?query=(_QU5E__1__________125__[]_1_1)">Recipes with broccoli</a></td></tr><tr role="row" class="odd"><td tabindex="0"><i class="fa fa-thumbs-up"></i></td><td class=" not_printable"><div class="addToGL" data-soscuisine-aisle="17" data-soscuisine-sip="3944217"><i class="fa fa-cart-plus" title="Add to My Grocery List"></i><div></div></div></td><td><img class="storeItemImage" itemprop="image" alt="broccoli" src="/media/images/store_item/125.jpg"></td><td>broccoli</td><td class="not_printable sorting_1">vegetables</td><td><img style="width:50%;" src="/media/images/logos/marchands/70.png" alt="FreshCo"></td><td><span itemprop="price">$1.50</span><span itemprop="eligibleQuantity" itemscope="" itemtype="http://schema.org/QuantitativeValue">/<span itemprop="unitText">lb</span></span></td><td>$3.31/kg</td><td style="display: none;">2020-02-26</td><td style="display: none;">USA</td><td style="display: none;"></td><td style="display: none;"></td><td style="display: none;"></td><td style="display: none;"></td><td style="display: none;">crowns</td><td style="display: none;"></td><td style="display: none;"><a class="recipeLink" href="/recipe_ingredient_search_results.php?query=(_QU5E__1__________125__[]_1_1)">Recipes with broccoli</a></td></tr><tr role="row" class="even"><td tabindex="0"><i class="fa fa-thumbs-down"></i></td><td class=" not_printable"><div class="addToGL" data-soscuisine-aisle="17" data-soscuisine-sip="3941621"><i class="fa fa-cart-plus" title="Add to My Grocery List"></i><div></div></div></td><td><img class="storeItemImage" itemprop="image" alt="broccoli" src="/media/images/store_item/125.jpg"></td><td>broccoli</td><td class="not_printable sorting_1">vegetables</td><td><img style="width:50%;" src="/media/images/logos/marchands/19.png" alt="Loblaws"></td><td><span itemprop="price">$7.00</span><span itemprop="eligibleQuantity" itemscope="" itemtype="http://schema.org/QuantitativeValue">/<span itemprop="value">2</span></span></td><td>$7.78/kg</td><td style="display: none;">2020-02-26</td><td style="display: none;">USA</td><td style="display: none;"></td><td style="display: none;">standard</td><td style="display: none;"></td><td style="display: none;"></td><td style="display: none;"></td><td style="display: none;">or Mexico, large</td><td style="display: none;"><a class="recipeLink" href="/recipe_ingredient_search_results.php?query=(_QU5E__1__________125__[]_1_1)">Recipes with broccoli</a></td></tr><tr role="row" class="odd"><td tabindex="0"><i class="fa fa-thumbs-down"></i></td><td class=" not_printable"><div class="addToGL" data-soscuisine-aisle="17" data-soscuisine-sip="3941619"><i class="fa fa-cart-plus" title="Add to My Grocery List"></i><div></div></div></td><td><img class="storeItemImage" itemprop="image" alt="broccoli" src="/media/images/store_item/125.jpg"></td><td>broccoli</td><td class="not_printable sorting_1">vegetables</td><td><img style="width:50%;" src="/media/images/logos/marchands/19.png" alt="Loblaws"></td><td><span itemprop="price">$3.99</span><span itemprop="eligibleQuantity" itemscope="" itemtype="http://schema.org/QuantitativeValue"> ea.</span></td><td>$8.87/kg</td><td style="display: none;">2020-02-26</td><td style="display: none;">USA</td><td style="display: none;"></td><td style="display: none;">standard</td><td style="display: none;"></td><td style="display: none;"></td><td style="display: none;"></td><td style="display: none;">or Mexico, large</td><td style="display: none;"><a class="recipeLink" href="/recipe_ingredient_search_results.php?query=(_QU5E__1__________125__[]_1_1)">Recipes with broccoli</a></td></tr><tr role="row" class="even"><td tabindex="0"><i class="fas fa-circle"></i></td><td class=" not_printable"><div class="addToGL" data-soscuisine-aisle="17" data-soscuisine-sip="3945801"><i class="fa fa-cart-plus" title="Add to My Grocery List"></i><div></div></div></td><td><img class="storeItemImage" itemprop="image" alt="broccoli" src="/media/images/store_item/125.jpg"></td><td>broccoli</td><td class="not_printable sorting_1">vegetables</td><td><img style="width:50%;" src="/media/images/logos/marchands/20.png" alt="Metro"></td><td><span itemprop="price">$2.49</span><span itemprop="eligibleQuantity" itemscope="" itemtype="http://schema.org/QuantitativeValue">/<span itemprop="unitText">bunch</span></span></td><td>N/A</td><td style="display: none;">2020-02-26</td><td style="display: none;">USA</td><td style="display: none;"></td><td style="display: none;">standard</td><td style="display: none;"></td><td style="display: none;"></td><td style="display: none;"></td><td style="display: none;"></td><td style="display: none;"><a class="recipeLink" href="/recipe_ingredient_search_results.php?query=(_QU5E__1__________125__[]_1_1)">Recipes with broccoli</a></td></tr><tr role="row" class="odd"><td tabindex="0"><i class="fa fa-thumbs-up"></i><i class="fa fa-thumbs-up"></i></td><td class=" not_printable"><div class="addToGL" data-soscuisine-aisle="17" data-soscuisine-sip="3945435"><i class="fa fa-cart-plus" title="Add to My Grocery List"></i><div></div></div></td><td><img class="storeItemImage" itemprop="image" alt="broccoli" src="/media/images/store_item/125.jpg"></td><td>broccoli</td><td class="not_printable sorting_1">vegetables</td><td><img style="width:50%;" src="/media/images/logos/marchands/14.png" alt="No Frills"></td><td><span itemprop="price">$1.00</span><span itemprop="eligibleQuantity" itemscope="" itemtype="http://schema.org/QuantitativeValue"> ea.</span></td><td>$2.22/kg</td><td style="display: none;">2020-02-26</td><td style="display: none;">USA</td><td style="display: none;"></td><td style="display: none;">standard</td><td style="display: none;"></td><td style="display: none;"></td><td style="display: none;">crowns</td><td style="display: none;">or Mexico</td><td style="display: none;"><a class="recipeLink" href="/recipe_ingredient_search_results.php?query=(_QU5E__1__________125__[]_1_1)">Recipes with broccoli</a></td></tr><tr role="row" class="even"><td tabindex="0"><i class="fa fa-thumbs-up"></i></td><td class=" not_printable"><div class="addToGL" data-soscuisine-aisle="17" data-soscuisine-sip="3944473"><i class="fa fa-cart-plus" title="Add to My Grocery List"></i><div></div></div></td><td><img class="storeItemImage" itemprop="image" alt="broccoli" src="/media/images/store_item/125.jpg"></td><td>broccoli</td><td class="not_printable sorting_1">vegetables</td><td><img style="width:50%;" src="/media/images/logos/marchands/17.png" alt="Price Chopper"></td><td><span itemprop="price">$1.50</span><span itemprop="eligibleQuantity" itemscope="" itemtype="http://schema.org/QuantitativeValue">/<span itemprop="unitText">lb</span></span></td><td>$3.31/kg</td><td style="display: none;">2020-02-26</td><td style="display: none;">USA</td><td style="display: none;"></td><td style="display: none;"></td><td style="display: none;"></td><td style="display: none;"></td><td style="display: none;">crowns</td><td style="display: none;"></td><td style="display: none;"><a class="recipeLink" href="/recipe_ingredient_search_results.php?query=(_QU5E__1__________125__[]_1_1)">Recipes with broccoli</a></td></tr><tr role="row" class="odd"><td tabindex="0"><i class="fas fa-hand-rock"></i></td><td class=" not_printable"><div class="addToGL" data-soscuisine-aisle="17" data-soscuisine-sip="3944737"><i class="fa fa-cart-plus" title="Add to My Grocery List"></i><div></div></div></td><td><img class="storeItemImage" itemprop="image" alt="broccoli" src="/media/images/store_item/125.jpg"></td><td>broccoli</td><td class="not_printable sorting_1">vegetables</td><td><img style="width:50%;" src="/media/images/logos/marchands/52.png" alt="Real Canadian Superstore"></td><td><span itemprop="price">$1.98</span><span itemprop="eligibleQuantity" itemscope="" itemtype="http://schema.org/QuantitativeValue">/<span itemprop="unitText">lb</span></span></td><td>$4.37/kg</td><td style="display: none;">2020-02-26</td><td style="display: none;">USA</td><td style="display: none;"></td><td style="display: none;"></td><td style="display: none;"></td><td style="display: none;"></td><td style="display: none;">crowns</td><td style="display: none;">or Mexico</td><td style="display: none;"><a class="recipeLink" href="/recipe_ingredient_search_results.php?query=(_QU5E__1__________125__[]_1_1)">Recipes with broccoli</a></td></tr><tr role="row" class="even"><td tabindex="0"><i class="fas fa-hand-rock"></i></td><td class=" not_printable"><div class="addToGL" data-soscuisine-aisle="17" data-soscuisine-sip="3943389"><i class="fa fa-cart-plus" title="Add to My Grocery List"></i><div></div></div></td><td><img class="storeItemImage" itemprop="image" alt="broccoli" src="/media/images/store_item/125.jpg"></td><td>broccoli</td><td class="not_printable sorting_1">vegetables</td><td><img style="width:50%;" src="/media/images/logos/marchands/15.png" alt="Sobeys"></td><td><span itemprop="price">$1.99</span><span itemprop="eligibleQuantity" itemscope="" itemtype="http://schema.org/QuantitativeValue">/<span itemprop="unitText">lb</span></span></td><td>$4.39/kg</td><td style="display: none;">2020-02-26</td><td style="display: none;">Mexico</td><td style="display: none;"></td><td style="display: none;"></td><td style="display: none;"></td><td style="display: none;"></td><td style="display: none;"></td><td style="display: none;"></td><td style="display: none;"><a class="recipeLink" href="/recipe_ingredient_search_results.php?query=(_QU5E__1__________125__[]_1_1)">Recipes with broccoli</a></td></tr><tr role="row" class="odd"><td tabindex="0"><i class="fas fa-circle"></i></td><td class=" not_printable"><div class="addToGL" data-soscuisine-aisle="17" data-soscuisine-sip="3943393"><i class="fa fa-cart-plus" title="Add to My Grocery List"></i><div></div></div></td><td><img class="storeItemImage" itemprop="image" alt="broccoli" src="/media/images/store_item/125.jpg"></td><td>broccoli</td><td class="not_printable sorting_1">vegetables</td><td><img style="width:50%;" src="/media/images/logos/marchands/15.png" alt="Sobeys"></td><td><span itemprop="price">$1.99</span><span itemprop="eligibleQuantity" itemscope="" itemtype="http://schema.org/QuantitativeValue">/<span itemprop="unitText">bunch</span></span></td><td>N/A</td><td style="display: none;">2020-02-26</td><td style="display: none;">Mexico</td><td style="display: none;"></td><td style="display: none;">standard</td><td style="display: none;"></td><td style="display: none;"></td><td style="display: none;">crowns</td><td style="display: none;"></td><td style="display: none;"><a class="recipeLink" href="/recipe_ingredient_search_results.php?query=(_QU5E__1__________125__[]_1_1)">Recipes with broccoli</a></td></tr><tr role="row" class="even"><td tabindex="0"><i class="fas fa-circle"></i></td><td class=" not_printable"><div class="addToGL" data-soscuisine-aisle="17" data-soscuisine-sip="3945763"><i class="fa fa-cart-plus" title="Add to My Grocery List"></i><div></div></div></td><td><img class="storeItemImage" itemprop="image" alt="broccoli ORGANIC" src="/media/images/store_item/678.jpg"></td><td>broccoli ORGANIC</td><td class="not_printable sorting_1">vegetables</td><td><img style="width:50%;" src="/media/images/logos/marchands/20.png" alt="Metro"></td><td><span itemprop="price">$3.49</span><span itemprop="eligibleQuantity" itemscope="" itemtype="http://schema.org/QuantitativeValue">/<span itemprop="unitText">bunch</span></span></td><td>N/A</td><td style="display: none;">2020-02-26</td><td style="display: none;">USA</td><td style="display: none;"></td><td style="display: none;">standard</td><td style="display: none;"></td><td style="display: none;"></td><td style="display: none;"></td><td style="display: none;"></td><td style="display: none;"><a class="recipeLink" href="/recipe_ingredient_search_results.php?query=(_QU5E__1__________678__[]_1_1)">Recipes with broccoli ORGANIC</a></td></tr><tr role="row" class="odd"><td tabindex="0"><i class="fa fa-thumbs-up"></i><i class="fa fa-thumbs-up"></i></td><td class=" not_printable"><div class="addToGL" data-soscuisine-aisle="17" data-soscuisine-sip="3945073"><i class="fa fa-cart-plus" title="Add to My Grocery List"></i><div></div></div></td><td><img class="storeItemImage" itemprop="image" alt="Brussels sprouts" src="/media/images/store_item/122.jpg"></td><td>Brussels sprouts</td><td class="not_printable sorting_1">vegetables</td><td><img style="width:50%;" src="/media/images/logos/marchands/38.png" alt="Farm Boy"></td><td><span itemprop="price">$1.99</span><span itemprop="eligibleQuantity" itemscope="" itemtype="http://schema.org/QuantitativeValue">/<span itemprop="unitText">lb</span></span></td><td>$4.39/kg</td><td style="display: none;">2020-02-26</td><td style="display: none;">Mexico</td><td style="display: none;"></td><td style="display: none;"></td><td style="display: none;"></td><td style="display: none;"></td><td style="display: none;"></td><td style="display: none;">or USA</td><td style="display: none;"><a class="recipeLink" href="/recipe_ingredient_search_results.php?query=(_QU5E__1__________122__[]_1_1)">Recipes with Brussels sprouts</a></td></tr><tr role="row" class="even"><td tabindex="0"><i class="fas fa-hand-rock"></i></td><td class=" not_printable"><div class="addToGL" data-soscuisine-aisle="17" data-soscuisine-sip="3945565"><i class="fa fa-cart-plus" title="Add to My Grocery List"></i><div></div></div></td><td><img class="storeItemImage" itemprop="image" alt="carrots" src="/media/images/store_item/92.jpg"></td><td>carrots</td><td class="not_printable sorting_1">vegetables</td><td><img style="width:50%;" src="/media/images/logos/marchands/18.png" alt="Food Basics"></td><td><span itemprop="price">$5.00</span><span itemprop="eligibleQuantity" itemscope="" itemtype="http://schema.org/QuantitativeValue">/<span itemprop="value">3</span>x<span itemprop="unitText">2lb (907g)</span></span></td><td>$1.84/kg</td><td style="display: none;">2020-02-26</td><td style="display: none;">Ontario</td><td style="display: none;"></td><td style="display: none;"></td><td style="display: none;"></td><td style="display: none;"></td><td style="display: none;"></td><td style="display: none;"></td><td style="display: none;"><a class="recipeLink" href="/recipe_ingredient_search_results.php?query=(_QU5E__1__________92__[]_1_1)">Recipes with carrots</a></td></tr><tr role="row" class="odd"><td tabindex="0"><i class="fas fa-hand-rock"></i></td><td class=" not_printable"><div class="addToGL" data-soscuisine-aisle="17" data-soscuisine-sip="3941997"><i class="fa fa-cart-plus" title="Add to My Grocery List"></i><div></div></div></td><td><img class="storeItemImage" itemprop="image" alt="carrots" src="/media/images/store_item/92.jpg"></td><td>carrots</td><td class="not_printable sorting_1">vegetables</td><td><img style="width:50%;" src="/media/images/logos/marchands/16.png" alt="Foodland"></td><td><span itemprop="price">$3.49</span><span itemprop="eligibleQuantity" itemscope="" itemtype="http://schema.org/QuantitativeValue">/<span itemprop="unitText">5lb (2,3kg)</span></span></td><td>$1.54/kg</td><td style="display: none;">2020-02-26</td><td style="display: none;">Canada</td><td style="display: none;"></td><td style="display: none;"></td><td style="display: none;"></td><td style="display: none;"></td><td style="display: none;"></td><td style="display: none;"></td><td style="display: none;"><a class="recipeLink" href="/recipe_ingredient_search_results.php?query=(_QU5E__1__________92__[]_1_1)">Recipes with carrots</a></td></tr><tr role="row" class="even"><td tabindex="0"><i class="fa fa-thumbs-down"></i></td><td class=" not_printable"><div class="addToGL" data-soscuisine-aisle="17" data-soscuisine-sip="3944395"><i class="fa fa-cart-plus" title="Add to My Grocery List"></i><div></div></div></td><td><img class="storeItemImage" itemprop="image" alt="carrots" src="/media/images/store_item/92.jpg"></td><td>carrots</td><td class="not_printable sorting_1">vegetables</td><td><img style="width:50%;" src="/media/images/logos/marchands/70.png" alt="FreshCo"></td><td><span itemprop="price">$2.50</span><span itemprop="eligibleQuantity" itemscope="" itemtype="http://schema.org/QuantitativeValue">/<span itemprop="unitText">lb</span></span></td><td>$5.51/kg</td><td style="display: none;">2020-02-26</td><td style="display: none;"></td><td style="display: none;"></td><td style="display: none;"></td><td style="display: none;"></td><td style="display: none;"></td><td style="display: none;"></td><td style="display: none;">participating stores</td><td style="display: none;"><a class="recipeLink" href="/recipe_ingredient_search_results.php?query=(_QU5E__1__________92__[]_1_1)">Recipes with carrots</a></td></tr><tr role="row" class="odd"><td tabindex="0"><i class="fa fa-thumbs-down"></i></td><td class=" not_printable"><div class="addToGL" data-soscuisine-aisle="17" data-soscuisine-sip="3945807"><i class="fa fa-cart-plus" title="Add to My Grocery List"></i><div></div></div></td><td><img class="storeItemImage" itemprop="image" alt="carrots" src="/media/images/store_item/92.jpg"></td><td>carrots</td><td class="not_printable sorting_1">vegetables</td><td><img style="width:50%;" src="/media/images/logos/marchands/20.png" alt="Metro"></td><td><span itemprop="price">$1.69</span><span itemprop="eligibleQuantity" itemscope="" itemtype="http://schema.org/QuantitativeValue">/<span itemprop="unitText">2lb (907g)</span></span></td><td>$1.86/kg</td><td style="display: none;">2020-02-26</td><td style="display: none;">Ontario</td><td style="display: none;"></td><td style="display: none;"></td><td style="display: none;"></td><td style="display: none;"></td><td style="display: none;"></td><td style="display: none;"></td><td style="display: none;"><a class="recipeLink" href="/recipe_ingredient_search_results.php?query=(_QU5E__1__________92__[]_1_1)">Recipes with carrots</a></td></tr><tr role="row" class="even"><td tabindex="0"><i class="fa fa-thumbs-up"></i><i class="fa fa-thumbs-up"></i></td><td class=" not_printable"><div class="addToGL" data-soscuisine-aisle="17" data-soscuisine-sip="3944703"><i class="fa fa-cart-plus" title="Add to My Grocery List"></i><div></div></div></td><td><img class="storeItemImage" itemprop="image" alt="carrots" src="/media/images/store_item/92.jpg"></td><td>carrots</td><td class="not_printable sorting_1">vegetables</td><td><img style="width:50%;" src="/media/images/logos/marchands/52.png" alt="Real Canadian Superstore"></td><td><span itemprop="price">$1.98</span><span itemprop="eligibleQuantity" itemscope="" itemtype="http://schema.org/QuantitativeValue">/<span itemprop="unitText">5lb (2,3kg)</span></span></td><td>$0.87/kg</td><td style="display: none;">2020-02-26</td><td style="display: none;">Canada</td><td style="display: none;">house brand</td><td style="display: none;"></td><td style="display: none;"></td><td style="display: none;"></td><td style="display: none;"></td><td style="display: none;">Naturally Imperfect</td><td style="display: none;"><a class="recipeLink" href="/recipe_ingredient_search_results.php?query=(_QU5E__1__________92__[]_1_1)">Recipes with carrots</a></td></tr><tr role="row" class="odd"><td tabindex="0"><i class="fas fa-hand-rock"></i></td><td class=" not_printable"><div class="addToGL" data-soscuisine-aisle="17" data-soscuisine-sip="3941697"><i class="fa fa-cart-plus" title="Add to My Grocery List"></i><div></div></div></td><td><img class="storeItemImage" itemprop="image" alt="carrots ORGANIC" src="/media/images/store_item/685.jpg"></td><td>carrots ORGANIC</td><td class="not_printable sorting_1">vegetables</td><td><img style="width:50%;" src="/media/images/logos/marchands/19.png" alt="Loblaws"></td><td><span itemprop="price">$7.00</span><span itemprop="eligibleQuantity" itemscope="" itemtype="http://schema.org/QuantitativeValue">/<span itemprop="value">2</span>x<span itemprop="unitText">2lb (907g)</span></span></td><td>$3.86/kg</td><td style="display: none;">2020-02-26</td><td style="display: none;">USA</td><td style="display: none;">house brand</td><td style="display: none;"></td><td style="display: none;"></td><td style="display: none;"></td><td style="display: none;"></td><td style="display: none;"></td><td style="display: none;"><a class="recipeLink" href="/recipe_ingredient_search_results.php?query=(_QU5E__1__________685__[]_1_1)">Recipes with carrots ORGANIC</a></td></tr><tr role="row" class="even"><td tabindex="0"><i class="fas fa-hand-rock"></i></td><td class=" not_printable"><div class="addToGL" data-soscuisine-aisle="17" data-soscuisine-sip="3941695"><i class="fa fa-cart-plus" title="Add to My Grocery List"></i><div></div></div></td><td><img class="storeItemImage" itemprop="image" alt="carrots ORGANIC" src="/media/images/store_item/685.jpg"></td><td>carrots ORGANIC</td><td class="not_printable sorting_1">vegetables</td><td><img style="width:50%;" src="/media/images/logos/marchands/19.png" alt="Loblaws"></td><td><span itemprop="price">$3.79</span><span itemprop="eligibleQuantity" itemscope="" itemtype="http://schema.org/QuantitativeValue">/<span itemprop="unitText">2lb (907g)</span></span></td><td>$4.18/kg</td><td style="display: none;">2020-02-26</td><td style="display: none;">USA</td><td style="display: none;">house brand</td><td style="display: none;"></td><td style="display: none;"></td><td style="display: none;"></td><td style="display: none;"></td><td style="display: none;"></td><td style="display: none;"><a class="recipeLink" href="/recipe_ingredient_search_results.php?query=(_QU5E__1__________685__[]_1_1)">Recipes with carrots ORGANIC</a></td></tr><tr role="row" class="odd"><td tabindex="0"><i class="fas fa-hand-rock"></i></td><td class=" not_printable"><div class="addToGL" data-soscuisine-aisle="17" data-soscuisine-sip="3943353"><i class="fa fa-cart-plus" title="Add to My Grocery List"></i><div></div></div></td><td><img class="storeItemImage" itemprop="image" alt="carrots ORGANIC" src="/media/images/store_item/685.jpg"></td><td>carrots ORGANIC</td><td class="not_printable sorting_1">vegetables</td><td><img style="width:50%;" src="/media/images/logos/marchands/39.png" alt="Your Independent Grocer"></td><td><span itemprop="price">$7.00</span><span itemprop="eligibleQuantity" itemscope="" itemtype="http://schema.org/QuantitativeValue">/<span itemprop="value">2</span>x<span itemprop="unitText">2lb (907g)</span></span></td><td>$3.86/kg</td><td style="display: none;">2020-02-26</td><td style="display: none;">USA</td><td style="display: none;">house brand</td><td style="display: none;"></td><td style="display: none;"></td><td style="display: none;"></td><td style="display: none;"></td><td style="display: none;"></td><td style="display: none;"><a class="recipeLink" href="/recipe_ingredient_search_results.php?query=(_QU5E__1__________685__[]_1_1)">Recipes with carrots ORGANIC</a></td></tr><tr role="row" class="even"><td tabindex="0"><i class="fa fa-thumbs-down"></i></td><td class=" not_printable"><div class="addToGL" data-soscuisine-aisle="17" data-soscuisine-sip="3943351"><i class="fa fa-cart-plus" title="Add to My Grocery List"></i><div></div></div></td><td><img class="storeItemImage" itemprop="image" alt="carrots ORGANIC" src="/media/images/store_item/685.jpg"></td><td>carrots ORGANIC</td><td class="not_printable sorting_1">vegetables</td><td><img style="width:50%;" src="/media/images/logos/marchands/39.png" alt="Your Independent Grocer"></td><td><span itemprop="price">$3.99</span><span itemprop="eligibleQuantity" itemscope="" itemtype="http://schema.org/QuantitativeValue">/<span itemprop="unitText">2lb (907g)</span></span></td><td>$4.40/kg</td><td style="display: none;">2020-02-26</td><td style="display: none;">USA</td><td style="display: none;">house brand</td><td style="display: none;"></td><td style="display: none;"></td><td style="display: none;"></td><td style="display: none;"></td><td style="display: none;"></td><td style="display: none;"><a class="recipeLink" href="/recipe_ingredient_search_results.php?query=(_QU5E__1__________685__[]_1_1)">Recipes with carrots ORGANIC</a></td></tr><tr role="row" class="odd"><td tabindex="0"><i class="fa fa-thumbs-down"></i></td><td class=" not_printable"><div class="addToGL" data-soscuisine-aisle="17" data-soscuisine-sip="3941691"><i class="fa fa-cart-plus" title="Add to My Grocery List"></i><div></div></div></td><td><img class="storeItemImage" itemprop="image" alt="carrots, baby-cut" src="/media/images/store_item/756.jpg"></td><td>carrots, baby-cut</td><td class="not_printable sorting_1">vegetables</td><td><img style="width:50%;" src="/media/images/logos/marchands/19.png" alt="Loblaws"></td><td><span itemprop="price">$4.79</span><span itemprop="eligibleQuantity" itemscope="" itemtype="http://schema.org/QuantitativeValue">/<span itemprop="unitText">2lb (907g)</span></span></td><td>$5.28/kg</td><td style="display: none;">2020-02-26</td><td style="display: none;">USA</td><td style="display: none;">house brand</td><td style="display: none;"></td><td style="display: none;"></td><td style="display: none;"></td><td style="display: none;"></td><td style="display: none;"></td><td style="display: none;"></td></tr><tr role="row" class="even"><td tabindex="0"><i class="fa fa-thumbs-up"></i><i class="fa fa-thumbs-up"></i></td><td class=" not_printable"><div class="addToGL" data-soscuisine-aisle="17" data-soscuisine-sip="3945343"><i class="fa fa-cart-plus" title="Add to My Grocery List"></i><div></div></div></td><td><img class="storeItemImage" itemprop="image" alt="carrots, baby-cut" src="/media/images/store_item/756.jpg"></td><td>carrots, baby-cut</td><td class="not_printable sorting_1">vegetables</td><td><img style="width:50%;" src="/media/images/logos/marchands/14.png" alt="No Frills"></td><td><span itemprop="price">$1.00</span><span itemprop="eligibleQuantity" itemscope="" itemtype="http://schema.org/QuantitativeValue">/<span itemprop="unitText">12oz (340g)</span></span></td><td>$2.94/kg</td><td style="display: none;">2020-02-26</td><td style="display: none;">USA</td><td style="display: none;">house brand</td><td style="display: none;"></td><td style="display: none;"></td><td style="display: none;"></td><td style="display: none;"></td><td style="display: none;"></td><td style="display: none;"></td></tr><tr role="row" class="odd"><td tabindex="0"><i class="fa fa-thumbs-down"></i></td><td class=" not_printable"><div class="addToGL" data-soscuisine-aisle="17" data-soscuisine-sip="3943339"><i class="fa fa-cart-plus" title="Add to My Grocery List"></i><div></div></div></td><td><img class="storeItemImage" itemprop="image" alt="carrots, baby-cut" src="/media/images/store_item/756.jpg"></td><td>carrots, baby-cut</td><td class="not_printable sorting_1">vegetables</td><td><img style="width:50%;" src="/media/images/logos/marchands/39.png" alt="Your Independent Grocer"></td><td><span itemprop="price">$4.99</span><span itemprop="eligibleQuantity" itemscope="" itemtype="http://schema.org/QuantitativeValue">/<span itemprop="unitText">2lb (907g)</span></span></td><td>$5.50/kg</td><td style="display: none;">2020-02-26</td><td style="display: none;">USA</td><td style="display: none;">house brand</td><td style="display: none;"></td><td style="display: none;"></td><td style="display: none;"></td><td style="display: none;"></td><td style="display: none;"></td><td style="display: none;"></td></tr><tr role="row" class="even"><td tabindex="0"><i class="fa fa-thumbs-up"></i></td><td class=" not_printable"><div class="addToGL" data-soscuisine-aisle="17" data-soscuisine-sip="3942005"><i class="fa fa-cart-plus" title="Add to My Grocery List"></i><div></div></div></td><td><img class="storeItemImage" itemprop="image" alt="carrots, baby-cut ORGANIC" src="/media/images/store_item/757.jpg"></td><td>carrots, baby-cut ORGANIC</td><td class="not_printable sorting_1">vegetables</td><td><img style="width:50%;" src="/media/images/logos/marchands/16.png" alt="Foodland"></td><td><span itemprop="price">$2.49</span><span itemprop="eligibleQuantity" itemscope="" itemtype="http://schema.org/QuantitativeValue">/<span itemprop="unitText">454g (1lb)</span></span></td><td>$5.49/kg</td><td style="display: none;">2020-02-26</td><td style="display: none;">USA</td><td style="display: none;">house brand</td><td style="display: none;"></td><td style="display: none;"></td><td style="display: none;"></td><td style="display: none;"></td><td style="display: none;"></td><td style="display: none;"></td></tr><tr role="row" class="odd"><td tabindex="0"><i class="fas fa-hand-rock"></i></td><td class=" not_printable"><div class="addToGL" data-soscuisine-aisle="17" data-soscuisine-sip="3943397"><i class="fa fa-cart-plus" title="Add to My Grocery List"></i><div></div></div></td><td><img class="storeItemImage" alt="carrots, Nantes-style" src="/media/images/store_item/blank.jpg"></td><td>carrots, Nantes-style</td><td class="not_printable sorting_1">vegetables</td><td><img style="width:50%;" src="/media/images/logos/marchands/15.png" alt="Sobeys"></td><td><span itemprop="price">$1.99</span><span itemprop="eligibleQuantity" itemscope="" itemtype="http://schema.org/QuantitativeValue">/<span itemprop="unitText">454g (1lb)</span></span></td><td>$4.39/kg</td><td style="display: none;">2020-02-26</td><td style="display: none;">Mexico</td><td style="display: none;"></td><td style="display: none;"></td><td style="display: none;"></td><td style="display: none;"></td><td style="display: none;"></td><td style="display: none;"></td><td style="display: none;"><a class="recipeLink" href="/recipe_ingredient_search_results.php?query=(_QU5E__1__________1058__[]_1_1)">Recipes with carrots, Nantes-style</a></td></tr><tr role="row" class="even"><td tabindex="0"><i class="fa fa-thumbs-down"></i></td><td class=" not_printable"><div class="addToGL" data-soscuisine-aisle="17" data-soscuisine-sip="3945055"><i class="fa fa-cart-plus" title="Add to My Grocery List"></i><div></div></div></td><td><img class="storeItemImage" itemprop="image" alt="cauliflower" src="/media/images/store_item/123.jpg"></td><td>cauliflower</td><td class="not_printable sorting_1">vegetables</td><td><img style="width:50%;" src="/media/images/logos/marchands/38.png" alt="Farm Boy"></td><td><span itemprop="price">$6.00</span><span itemprop="eligibleQuantity" itemscope="" itemtype="http://schema.org/QuantitativeValue">/<span itemprop="value">2</span></span></td><td>$3.00/kg</td><td style="display: none;">2020-02-26</td><td style="display: none;">USA</td><td style="display: none;"></td><td style="display: none;">standard</td><td style="display: none;"></td><td style="display: none;"></td><td style="display: none;"></td><td style="display: none;"></td><td style="display: none;"><a class="recipeLink" href="/recipe_ingredient_search_results.php?query=(_QU5E__1__________123__[]_1_1)">Recipes with cauliflower</a></td></tr><tr role="row" class="odd"><td tabindex="0"><i class="fas fa-hand-rock"></i></td><td class=" not_printable"><div class="addToGL" data-soscuisine-aisle="17" data-soscuisine-sip="3945571"><i class="fa fa-cart-plus" title="Add to My Grocery List"></i><div></div></div></td><td><img class="storeItemImage" itemprop="image" alt="cauliflower" src="/media/images/store_item/123.jpg"></td><td>cauliflower</td><td class="not_printable sorting_1">vegetables</td><td><img style="width:50%;" src="/media/images/logos/marchands/18.png" alt="Food Basics"></td><td><span itemprop="price">$2.88</span><span itemprop="eligibleQuantity" itemscope="" itemtype="http://schema.org/QuantitativeValue"> ea.</span></td><td>$2.88/kg</td><td style="display: none;">2020-02-26</td><td style="display: none;">USA</td><td style="display: none;"></td><td style="display: none;">standard</td><td style="display: none;"></td><td style="display: none;"></td><td style="display: none;"></td><td style="display: none;"></td><td style="display: none;"><a class="recipeLink" href="/recipe_ingredient_search_results.php?query=(_QU5E__1__________123__[]_1_1)">Recipes with cauliflower</a></td></tr><tr role="row" class="even"><td tabindex="0"><i class="fa fa-thumbs-up"></i></td><td class=" not_printable"><div class="addToGL" data-soscuisine-aisle="17" data-soscuisine-sip="3945697"><i class="fa fa-cart-plus" title="Add to My Grocery List"></i><div></div></div></td><td><img class="storeItemImage" itemprop="image" alt="cauliflower" src="/media/images/store_item/123.jpg"></td><td>cauliflower</td><td class="not_printable sorting_1">vegetables</td><td><img style="width:50%;" src="/media/images/logos/marchands/20.png" alt="Metro"></td><td><span itemprop="price">$5.00</span><span itemprop="eligibleQuantity" itemscope="" itemtype="http://schema.org/QuantitativeValue">/<span itemprop="value">2</span></span></td><td>$2.50/kg</td><td style="display: none;">2020-02-26</td><td style="display: none;">USA</td><td style="display: none;"></td><td style="display: none;">standard</td><td style="display: none;"></td><td style="display: none;"></td><td style="display: none;"></td><td style="display: none;"></td><td style="display: none;"><a class="recipeLink" href="/recipe_ingredient_search_results.php?query=(_QU5E__1__________123__[]_1_1)">Recipes with cauliflower</a></td></tr><tr role="row" class="odd"><td tabindex="0"><i class="fa fa-thumbs-up"></i></td><td class=" not_printable"><div class="addToGL" data-soscuisine-aisle="17" data-soscuisine-sip="3944225"><i class="fa fa-cart-plus" title="Add to My Grocery List"></i><div></div></div></td><td><img class="storeItemImage" itemprop="image" alt="celery" src="/media/images/store_item/96.jpg"></td><td>celery</td><td class="not_printable sorting_1">vegetables</td><td><img style="width:50%;" src="/media/images/logos/marchands/70.png" alt="FreshCo"></td><td><span itemprop="price">$1.50</span><span itemprop="eligibleQuantity" itemscope="" itemtype="http://schema.org/QuantitativeValue"> ea.</span></td><td>$1.79/kg</td><td style="display: none;">2020-02-26</td><td style="display: none;">USA</td><td style="display: none;"></td><td style="display: none;">standard</td><td style="display: none;"></td><td style="display: none;"></td><td style="display: none;"></td><td style="display: none;"></td><td style="display: none;"><a class="recipeLink" href="/recipe_ingredient_search_results.php?query=(_QU5E__1__________96__[]_1_1)">Recipes with celery</a></td></tr><tr role="row" class="even"><td tabindex="0"><i class="fa fa-thumbs-up"></i></td><td class=" not_printable"><div class="addToGL" data-soscuisine-aisle="17" data-soscuisine-sip="3944479"><i class="fa fa-cart-plus" title="Add to My Grocery List"></i><div></div></div></td><td><img class="storeItemImage" itemprop="image" alt="celery" src="/media/images/store_item/96.jpg"></td><td>celery</td><td class="not_printable sorting_1">vegetables</td><td><img style="width:50%;" src="/media/images/logos/marchands/17.png" alt="Price Chopper"></td><td><span itemprop="price">$1.50</span><span itemprop="eligibleQuantity" itemscope="" itemtype="http://schema.org/QuantitativeValue"> ea.</span></td><td>$1.79/kg</td><td style="display: none;">2020-02-26</td><td style="display: none;">USA</td><td style="display: none;"></td><td style="display: none;">standard</td><td style="display: none;"></td><td style="display: none;"></td><td style="display: none;"></td><td style="display: none;"></td><td style="display: none;"><a class="recipeLink" href="/recipe_ingredient_search_results.php?query=(_QU5E__1__________96__[]_1_1)">Recipes with celery</a></td></tr><tr role="row" class="odd"><td tabindex="0"><i class="fas fa-exclamation"></i></td><td class=" not_printable"><div class="addToGL" data-soscuisine-aisle="17" data-soscuisine-sip="3945075"><i class="fa fa-cart-plus" title="Add to My Grocery List"></i><div></div></div></td><td><img class="storeItemImage" itemprop="image" alt="celery ORGANIC" src="/media/images/store_item/689.jpg"></td><td>celery ORGANIC</td><td class="not_printable sorting_1">vegetables</td><td><img style="width:50%;" src="/media/images/logos/marchands/38.png" alt="Farm Boy"></td><td><span itemprop="price">$5.00</span><span itemprop="eligibleQuantity" itemscope="" itemtype="http://schema.org/QuantitativeValue">/<span itemprop="value">2</span></span></td><td>$2.98/kg</td><td style="display: none;">2020-02-26</td><td style="display: none;">Mexico</td><td style="display: none;"></td><td style="display: none;">standard</td><td style="display: none;"></td><td style="display: none;"></td><td style="display: none;"></td><td style="display: none;">or USA</td><td style="display: none;"><a class="recipeLink" href="/recipe_ingredient_search_results.php?query=(_QU5E__1__________689__[]_1_1)">Recipes with celery ORGANIC</a></td></tr><tr role="row" class="even"><td tabindex="0"><i class="fas fa-exclamation"></i></td><td class=" not_printable"><div class="addToGL" data-soscuisine-aisle="17" data-soscuisine-sip="3945605"><i class="fa fa-cart-plus" title="Add to My Grocery List"></i><div></div></div></td><td><img class="storeItemImage" itemprop="image" alt="corn, ears" src="/media/images/store_item/421.jpg"></td><td>corn, ears</td><td class="not_printable sorting_1">vegetables</td><td><img style="width:50%;" src="/media/images/logos/marchands/18.png" alt="Food Basics"></td><td><span itemprop="price">$3.88</span><span itemprop="eligibleQuantity" itemscope="" itemtype="http://schema.org/QuantitativeValue">/<span itemprop="unitText">4-pack</span></span></td><td>$3.23/kg</td><td style="display: none;">2020-02-26</td><td style="display: none;">USA</td><td style="display: none;"></td><td style="display: none;">standard</td><td style="display: none;"></td><td style="display: none;"></td><td style="display: none;"></td><td style="display: none;"></td><td style="display: none;"><a class="recipeLink" href="/recipe_ingredient_search_results.php?query=(_QU5E__1__________421__[]_1_1)">Recipes with corn, ears</a></td></tr><tr role="row" class="odd"><td tabindex="0"><i class="fas fa-exclamation"></i></td><td class=" not_printable"><div class="addToGL" data-soscuisine-aisle="17" data-soscuisine-sip="3945787"><i class="fa fa-cart-plus" title="Add to My Grocery List"></i><div></div></div></td><td><img class="storeItemImage" itemprop="image" alt="corn, ears" src="/media/images/store_item/421.jpg"></td><td>corn, ears</td><td class="not_printable sorting_1">vegetables</td><td><img style="width:50%;" src="/media/images/logos/marchands/20.png" alt="Metro"></td><td><span itemprop="price">$3.99</span><span itemprop="eligibleQuantity" itemscope="" itemtype="http://schema.org/QuantitativeValue">/<span itemprop="unitText">4-pack</span></span></td><td>$3.33/kg</td><td style="display: none;">2020-02-26</td><td style="display: none;">USA</td><td style="display: none;"></td><td style="display: none;">standard</td><td style="display: none;"></td><td style="display: none;"></td><td style="display: none;"></td><td style="display: none;"></td><td style="display: none;"><a class="recipeLink" href="/recipe_ingredient_search_results.php?query=(_QU5E__1__________421__[]_1_1)">Recipes with corn, ears</a></td></tr><tr role="row" class="even"><td tabindex="0"><i class="fas fa-hand-rock"></i></td><td class=" not_printable"><div class="addToGL" data-soscuisine-aisle="17" data-soscuisine-sip="3944215"><i class="fa fa-cart-plus" title="Add to My Grocery List"></i><div></div></div></td><td><img class="storeItemImage" itemprop="image" alt="cucumbers" src="/media/images/store_item/104.jpg"></td><td>cucumbers</td><td class="not_printable sorting_1">vegetables</td><td><img style="width:50%;" src="/media/images/logos/marchands/70.png" alt="FreshCo"></td><td><span itemprop="price">$1.50</span><span itemprop="eligibleQuantity" itemscope="" itemtype="http://schema.org/QuantitativeValue"> ea.</span></td><td>$6.00/kg</td><td style="display: none;">2020-02-26</td><td style="display: none;">Mexico</td><td style="display: none;"></td><td style="display: none;">standard</td><td style="display: none;">seedless</td><td style="display: none;"></td><td style="display: none;"></td><td style="display: none;"></td><td style="display: none;"><a class="recipeLink" href="/recipe_ingredient_search_results.php?query=(_QU5E__1__________104__[]_1_1)">Recipes with cucumbers</a></td></tr><tr role="row" class="odd"><td tabindex="0"><i class="fas fa-hand-rock"></i></td><td class=" not_printable"><div class="addToGL" data-soscuisine-aisle="17" data-soscuisine-sip="3941711"><i class="fa fa-cart-plus" title="Add to My Grocery List"></i><div></div></div></td><td><img class="storeItemImage" itemprop="image" alt="cucumbers" src="/media/images/store_item/104.jpg"></td><td>cucumbers</td><td class="not_printable sorting_1">vegetables</td><td><img style="width:50%;" src="/media/images/logos/marchands/19.png" alt="Loblaws"></td><td><span itemprop="price">$3.99</span><span itemprop="eligibleQuantity" itemscope="" itemtype="http://schema.org/QuantitativeValue">/<span itemprop="unitText">3-pack</span></span></td><td>$4.43/kg</td><td style="display: none;">2020-02-26</td><td style="display: none;">Canada</td><td style="display: none;">house brand</td><td style="display: none;">English</td><td style="display: none;"></td><td style="display: none;"></td><td style="display: none;"></td><td style="display: none;"></td><td style="display: none;"><a class="recipeLink" href="/recipe_ingredient_search_results.php?query=(_QU5E__1__________104__[]_1_1)">Recipes with cucumbers</a></td></tr><tr role="row" class="even"><td tabindex="0"><i class="fa fa-thumbs-down"></i></td><td class=" not_printable"><div class="addToGL" data-soscuisine-aisle="17" data-soscuisine-sip="3945805"><i class="fa fa-cart-plus" title="Add to My Grocery List"></i><div></div></div></td><td><img class="storeItemImage" itemprop="image" alt="cucumbers" src="/media/images/store_item/104.jpg"></td><td>cucumbers</td><td class="not_printable sorting_1">vegetables</td><td><img style="width:50%;" src="/media/images/logos/marchands/20.png" alt="Metro"></td><td><span itemprop="price">$1.99</span><span itemprop="eligibleQuantity" itemscope="" itemtype="http://schema.org/QuantitativeValue"> ea.</span></td><td>$7.96/kg</td><td style="display: none;">2020-02-26</td><td style="display: none;">Ontario</td><td style="display: none;"></td><td style="display: none;">standard</td><td style="display: none;">seedless</td><td style="display: none;"></td><td style="display: none;"></td><td style="display: none;"></td><td style="display: none;"><a class="recipeLink" href="/recipe_ingredient_search_results.php?query=(_QU5E__1__________104__[]_1_1)">Recipes with cucumbers</a></td></tr><tr role="row" class="odd"><td tabindex="0"><i class="fa fa-thumbs-up"></i><i class="fa fa-thumbs-up"></i></td><td class=" not_printable"><div class="addToGL" data-soscuisine-aisle="17" data-soscuisine-sip="3945431"><i class="fa fa-cart-plus" title="Add to My Grocery List"></i><div></div></div></td><td><img class="storeItemImage" itemprop="image" alt="cucumbers" src="/media/images/store_item/104.jpg"></td><td>cucumbers</td><td class="not_printable sorting_1">vegetables</td><td><img style="width:50%;" src="/media/images/logos/marchands/14.png" alt="No Frills"></td><td><span itemprop="price">$1.00</span><span itemprop="eligibleQuantity" itemscope="" itemtype="http://schema.org/QuantitativeValue"> ea.</span></td><td>$3.33/kg</td><td style="display: none;">2020-02-26</td><td style="display: none;">Canada</td><td style="display: none;"></td><td style="display: none;">English</td><td style="display: none;"></td><td style="display: none;"></td><td style="display: none;"></td><td style="display: none;">or Mexico</td><td style="display: none;"><a class="recipeLink" href="/recipe_ingredient_search_results.php?query=(_QU5E__1__________104__[]_1_1)">Recipes with cucumbers</a></td></tr><tr role="row" class="even"><td tabindex="0"><i class="fas fa-hand-rock"></i></td><td class=" not_printable"><div class="addToGL" data-soscuisine-aisle="17" data-soscuisine-sip="3944471"><i class="fa fa-cart-plus" title="Add to My Grocery List"></i><div></div></div></td><td><img class="storeItemImage" itemprop="image" alt="cucumbers" src="/media/images/store_item/104.jpg"></td><td>cucumbers</td><td class="not_printable sorting_1">vegetables</td><td><img style="width:50%;" src="/media/images/logos/marchands/17.png" alt="Price Chopper"></td><td><span itemprop="price">$1.50</span><span itemprop="eligibleQuantity" itemscope="" itemtype="http://schema.org/QuantitativeValue"> ea.</span></td><td>$6.00/kg</td><td style="display: none;">2020-02-26</td><td style="display: none;">Mexico</td><td style="display: none;"></td><td style="display: none;">standard</td><td style="display: none;">seedless</td><td style="display: none;"></td><td style="display: none;"></td><td style="display: none;"></td><td style="display: none;"><a class="recipeLink" href="/recipe_ingredient_search_results.php?query=(_QU5E__1__________104__[]_1_1)">Recipes with cucumbers</a></td></tr><tr role="row" class="odd"><td tabindex="0"><i class="fas fa-hand-rock"></i></td><td class=" not_printable"><div class="addToGL" data-soscuisine-aisle="17" data-soscuisine-sip="3944859"><i class="fa fa-cart-plus" title="Add to My Grocery List"></i><div></div></div></td><td><img class="storeItemImage" itemprop="image" alt="cucumbers" src="/media/images/store_item/104.jpg"></td><td>cucumbers</td><td class="not_printable sorting_1">vegetables</td><td><img style="width:50%;" src="/media/images/logos/marchands/52.png" alt="Real Canadian Superstore"></td><td><span itemprop="price">$3.98</span><span itemprop="eligibleQuantity" itemscope="" itemtype="http://schema.org/QuantitativeValue">/<span itemprop="unitText">3-pack</span></span></td><td>$4.42/kg</td><td style="display: none;">2020-02-26</td><td style="display: none;">Canada</td><td style="display: none;">house brand</td><td style="display: none;">English</td><td style="display: none;"></td><td style="display: none;"></td><td style="display: none;"></td><td style="display: none;">or Mexico</td><td style="display: none;"><a class="recipeLink" href="/recipe_ingredient_search_results.php?query=(_QU5E__1__________104__[]_1_1)">Recipes with cucumbers</a></td></tr><tr role="row" class="even"><td tabindex="0"><i class="fas fa-hand-rock"></i></td><td class=" not_printable"><div class="addToGL" data-soscuisine-aisle="17" data-soscuisine-sip="3943349"><i class="fa fa-cart-plus" title="Add to My Grocery List"></i><div></div></div></td><td><img class="storeItemImage" itemprop="image" alt="cucumbers" src="/media/images/store_item/104.jpg"></td><td>cucumbers</td><td class="not_printable sorting_1">vegetables</td><td><img style="width:50%;" src="/media/images/logos/marchands/39.png" alt="Your Independent Grocer"></td><td><span itemprop="price">$3.99</span><span itemprop="eligibleQuantity" itemscope="" itemtype="http://schema.org/QuantitativeValue">/<span itemprop="unitText">3-pack</span></span></td><td>$4.43/kg</td><td style="display: none;">2020-02-26</td><td style="display: none;">Canada</td><td style="display: none;">house brand</td><td style="display: none;">English</td><td style="display: none;"></td><td style="display: none;"></td><td style="display: none;"></td><td style="display: none;"></td><td style="display: none;"><a class="recipeLink" href="/recipe_ingredient_search_results.php?query=(_QU5E__1__________104__[]_1_1)">Recipes with cucumbers</a></td></tr><tr role="row" class="odd"><td tabindex="0"><i class="fa fa-thumbs-up"></i><i class="fa fa-thumbs-up"></i></td><td class=" not_printable"><div class="addToGL" data-soscuisine-aisle="17" data-soscuisine-sip="3944381"><i class="fa fa-cart-plus" title="Add to My Grocery List"></i><div></div></div></td><td><img class="storeItemImage" itemprop="image" alt="garlic" src="/media/images/store_item/97.jpg"></td><td>garlic</td><td class="not_printable sorting_1">vegetables</td><td><img style="width:50%;" src="/media/images/logos/marchands/70.png" alt="FreshCo"></td><td><span itemprop="price">$0.75</span><span itemprop="eligibleQuantity" itemscope="" itemtype="http://schema.org/QuantitativeValue">/<span itemprop="unitText">5 heads</span></span></td><td>$3.57/kg</td><td style="display: none;">2020-02-26</td><td style="display: none;">China</td><td style="display: none;"></td><td style="display: none;">standard</td><td style="display: none;"></td><td style="display: none;"></td><td style="display: none;"></td><td style="display: none;">participating stores</td><td style="display: none;"><a class="recipeLink" href="/recipe_ingredient_search_results.php?query=(_QU5E__1__________97__[]_1_1)">Recipes with garlic</a></td></tr><tr role="row" class="even"><td tabindex="0"><i class="fa fa-thumbs-up"></i></td><td class=" not_printable"><div class="addToGL" data-soscuisine-aisle="17" data-soscuisine-sip="3945061"><i class="fa fa-cart-plus" title="Add to My Grocery List"></i><div></div></div></td><td><img class="storeItemImage" itemprop="image" alt="green beans" src="/media/images/store_item/106.jpg"></td><td>green beans</td><td class="not_printable sorting_1">vegetables</td><td><img style="width:50%;" src="/media/images/logos/marchands/38.png" alt="Farm Boy"></td><td><span itemprop="price">$2.49</span><span itemprop="eligibleQuantity" itemscope="" itemtype="http://schema.org/QuantitativeValue">/<span itemprop="unitText">lb</span></span></td><td>$5.49/kg</td><td style="display: none;">2020-02-26</td><td style="display: none;">Mexico</td><td style="display: none;"></td><td style="display: none;"></td><td style="display: none;"></td><td style="display: none;"></td><td style="display: none;"></td><td style="display: none;"></td><td style="display: none;"><a class="recipeLink" href="/recipe_ingredient_search_results.php?query=(_QU5E__1__________106__[]_1_1)">Recipes with green beans</a></td></tr><tr role="row" class="odd"><td tabindex="0"><i class="fas fa-hand-rock"></i></td><td class=" not_printable"><div class="addToGL" data-soscuisine-aisle="17" data-soscuisine-sip="3945593"><i class="fa fa-cart-plus" title="Add to My Grocery List"></i><div></div></div></td><td><img class="storeItemImage" itemprop="image" alt="green beans" src="/media/images/store_item/106.jpg"></td><td>green beans</td><td class="not_printable sorting_1">vegetables</td><td><img style="width:50%;" src="/media/images/logos/marchands/18.png" alt="Food Basics"></td><td><span itemprop="price">$2.98</span><span itemprop="eligibleQuantity" itemscope="" itemtype="http://schema.org/QuantitativeValue">/<span itemprop="unitText">12oz (340g)</span></span></td><td>$8.76/kg</td><td style="display: none;">2020-02-26</td><td style="display: none;">USA</td><td style="display: none;"></td><td style="display: none;"></td><td style="display: none;"></td><td style="display: none;"></td><td style="display: none;"></td><td style="display: none;"></td><td style="display: none;"><a class="recipeLink" href="/recipe_ingredient_search_results.php?query=(_QU5E__1__________106__[]_1_1)">Recipes with green beans</a></td></tr><tr role="row" class="even"><td tabindex="0"><i class="fas fa-hand-rock"></i></td><td class=" not_printable"><div class="addToGL" data-soscuisine-aisle="17" data-soscuisine-sip="3945705"><i class="fa fa-cart-plus" title="Add to My Grocery List"></i><div></div></div></td><td><img class="storeItemImage" itemprop="image" alt="green beans" src="/media/images/store_item/106.jpg"></td><td>green beans</td><td class="not_printable sorting_1">vegetables</td><td><img style="width:50%;" src="/media/images/logos/marchands/20.png" alt="Metro"></td><td><span itemprop="price">$2.99</span><span itemprop="eligibleQuantity" itemscope="" itemtype="http://schema.org/QuantitativeValue">/<span itemprop="unitText">12oz (340g)</span></span></td><td>$8.79/kg</td><td style="display: none;">2020-02-26</td><td style="display: none;">USA</td><td style="display: none;"></td><td style="display: none;"></td><td style="display: none;"></td><td style="display: none;"></td><td style="display: none;"></td><td style="display: none;"></td><td style="display: none;"><a class="recipeLink" href="/recipe_ingredient_search_results.php?query=(_QU5E__1__________106__[]_1_1)">Recipes with green beans</a></td></tr><tr role="row" class="odd"><td tabindex="0"><i class="fas fa-hand-rock"></i></td><td class=" not_printable"><div class="addToGL" data-soscuisine-aisle="17" data-soscuisine-sip="3943457"><i class="fa fa-cart-plus" title="Add to My Grocery List"></i><div></div></div></td><td><img class="storeItemImage" itemprop="image" alt="green onions/scallions" src="/media/images/store_item/118.jpg"></td><td>green onions/scallions</td><td class="not_printable sorting_1">vegetables</td><td><img style="width:50%;" src="/media/images/logos/marchands/15.png" alt="Sobeys"></td><td><span itemprop="price">$2.00</span><span itemprop="eligibleQuantity" itemscope="" itemtype="http://schema.org/QuantitativeValue">/<span itemprop="value">2</span> bunches</span></td><td>$8.33/kg</td><td style="display: none;">2020-02-26</td><td style="display: none;">Mexico</td><td style="display: none;"></td><td style="display: none;">standard</td><td style="display: none;"></td><td style="display: none;"></td><td style="display: none;"></td><td style="display: none;"></td><td style="display: none;"><a class="recipeLink" href="/recipe_ingredient_search_results.php?query=(_QU5E__1__________118__[]_1_1)">Recipes with green onions/scallions</a></td></tr><tr role="row" class="even"><td tabindex="0"><i class="fa fa-thumbs-down"></i></td><td class=" not_printable"><div class="addToGL" data-soscuisine-aisle="17" data-soscuisine-sip="3943459"><i class="fa fa-cart-plus" title="Add to My Grocery List"></i><div></div></div></td><td><img class="storeItemImage" itemprop="image" alt="green onions/scallions" src="/media/images/store_item/118.jpg"></td><td>green onions/scallions</td><td class="not_printable sorting_1">vegetables</td><td><img style="width:50%;" src="/media/images/logos/marchands/15.png" alt="Sobeys"></td><td><span itemprop="price">$1.29</span><span itemprop="eligibleQuantity" itemscope="" itemtype="http://schema.org/QuantitativeValue">/bunch</span></td><td>$10.75/kg</td><td style="display: none;">2020-02-26</td><td style="display: none;">Mexico</td><td style="display: none;"></td><td style="display: none;">standard</td><td style="display: none;"></td><td style="display: none;"></td><td style="display: none;"></td><td style="display: none;"></td><td style="display: none;"><a class="recipeLink" href="/recipe_ingredient_search_results.php?query=(_QU5E__1__________118__[]_1_1)">Recipes with green onions/scallions</a></td></tr><tr role="row" class="odd"><td tabindex="0"><i class="fa fa-thumbs-up"></i><i class="fa fa-thumbs-up"></i></td><td class=" not_printable"><div class="addToGL" data-soscuisine-aisle="17" data-soscuisine-sip="3945301"><i class="fa fa-cart-plus" title="Add to My Grocery List"></i><div></div></div></td><td><img class="storeItemImage" itemprop="image" alt="head lettuce (iceberg)" src="/media/images/store_item/690.jpg"></td><td>head lettuce (iceberg)</td><td class="not_printable sorting_1">vegetables</td><td><img style="width:50%;" src="/media/images/logos/marchands/14.png" alt="No Frills"></td><td><span itemprop="price">$1.00</span><span itemprop="eligibleQuantity" itemscope="" itemtype="http://schema.org/QuantitativeValue"> ea.</span></td><td>$1.32/kg</td><td style="display: none;">2020-02-26</td><td style="display: none;">USA</td><td style="display: none;"></td><td style="display: none;">standard</td><td style="display: none;"></td><td style="display: none;"></td><td style="display: none;"></td><td style="display: none;">or Mexico</td><td style="display: none;"></td></tr><tr role="row" class="even"><td tabindex="0"><i class="fas fa-hand-rock"></i></td><td class=" not_printable"><div class="addToGL" data-soscuisine-aisle="17" data-soscuisine-sip="3945579"><i class="fa fa-cart-plus" title="Add to My Grocery List"></i><div></div></div></td><td><img class="storeItemImage" alt="lettuces, Romaine, hearts" src="/media/images/store_item/blank.jpg"></td><td>lettuces, Romaine, hearts</td><td class="not_printable sorting_1">vegetables</td><td><img style="width:50%;" src="/media/images/logos/marchands/18.png" alt="Food Basics"></td><td><span itemprop="price">$2.98</span><span itemprop="eligibleQuantity" itemscope="" itemtype="http://schema.org/QuantitativeValue">/<span itemprop="unitText">3-pack</span></span></td><td>$8.79/kg</td><td style="display: none;">2020-02-26</td><td style="display: none;">USA</td><td style="display: none;">Andy Boy</td><td style="display: none;">standard</td><td style="display: none;"></td><td style="display: none;"></td><td style="display: none;"></td><td style="display: none;"></td><td style="display: none;"><a class="recipeLink" href="/recipe_ingredient_search_results.php?query=(_QU5E__1__________1020__[]_1_1)">Recipes with lettuces, Romaine, hearts</a></td></tr><tr role="row" class="odd"><td tabindex="0"><i class="fa fa-thumbs-down"></i></td><td class=" not_printable"><div class="addToGL" data-soscuisine-aisle="17" data-soscuisine-sip="3945783"><i class="fa fa-cart-plus" title="Add to My Grocery List"></i><div></div></div></td><td><img class="storeItemImage" alt="lettuces, Romaine, hearts" src="/media/images/store_item/blank.jpg"></td><td>lettuces, Romaine, hearts</td><td class="not_printable sorting_1">vegetables</td><td><img style="width:50%;" src="/media/images/logos/marchands/20.png" alt="Metro"></td><td><span itemprop="price">$3.99</span><span itemprop="eligibleQuantity" itemscope="" itemtype="http://schema.org/QuantitativeValue">/<span itemprop="unitText">3-pack</span></span></td><td>$11.77/kg</td><td style="display: none;">2020-02-26</td><td style="display: none;">USA</td><td style="display: none;">Andy Boy</td><td style="display: none;">standard</td><td style="display: none;"></td><td style="display: none;"></td><td style="display: none;"></td><td style="display: none;"></td><td style="display: none;"><a class="recipeLink" href="/recipe_ingredient_search_results.php?query=(_QU5E__1__________1020__[]_1_1)">Recipes with lettuces, Romaine, hearts</a></td></tr><tr role="row" class="even"><td tabindex="0"><i class="fa fa-thumbs-down"></i></td><td class=" not_printable"><div class="addToGL" data-soscuisine-aisle="17" data-soscuisine-sip="3943359"><i class="fa fa-cart-plus" title="Add to My Grocery List"></i><div></div></div></td><td><img class="storeItemImage" alt="lettuces, Romaine, hearts" src="/media/images/store_item/blank.jpg"></td><td>lettuces, Romaine, hearts</td><td class="not_printable sorting_1">vegetables</td><td><img style="width:50%;" src="/media/images/logos/marchands/39.png" alt="Your Independent Grocer"></td><td><span itemprop="price">$3.99</span><span itemprop="eligibleQuantity" itemscope="" itemtype="http://schema.org/QuantitativeValue">/<span itemprop="unitText">3-pack</span></span></td><td>$11.77/kg</td><td style="display: none;">2020-02-26</td><td style="display: none;">USA</td><td style="display: none;">Andy Boy</td><td style="display: none;">standard</td><td style="display: none;"></td><td style="display: none;"></td><td style="display: none;"></td><td style="display: none;">or Mexico</td><td style="display: none;"><a class="recipeLink" href="/recipe_ingredient_search_results.php?query=(_QU5E__1__________1020__[]_1_1)">Recipes with lettuces, Romaine, hearts</a></td></tr><tr role="row" class="odd"><td tabindex="0"><i class="fas fa-hand-rock"></i></td><td class=" not_printable"><div class="addToGL" data-soscuisine-aisle="17" data-soscuisine-sip="3942003"><i class="fa fa-cart-plus" title="Add to My Grocery List"></i><div></div></div></td><td><img class="storeItemImage" itemprop="image" alt="lettuces, Romaine, hearts, ORGANIC" src="/media/images/store_item/1022.jpg"></td><td>lettuces, Romaine, hearts, ORGANIC</td><td class="not_printable sorting_1">vegetables</td><td><img style="width:50%;" src="/media/images/logos/marchands/16.png" alt="Foodland"></td><td><span itemprop="price">$4.99</span><span itemprop="eligibleQuantity" itemscope="" itemtype="http://schema.org/QuantitativeValue">/<span itemprop="unitText">3-pack</span></span></td><td>$14.72/kg</td><td style="display: none;">2020-02-26</td><td style="display: none;">USA</td><td style="display: none;"></td><td style="display: none;">standard</td><td style="display: none;"></td><td style="display: none;"></td><td style="display: none;"></td><td style="display: none;"></td><td style="display: none;"><a class="recipeLink" href="/recipe_ingredient_search_results.php?query=(_QU5E__1__________1022__[]_1_1)">Recipes with lettuces, Romaine, hearts, ORGANIC</a></td></tr><tr role="row" class="even"><td tabindex="0"><i class="fa fa-thumbs-up"></i><i class="fa fa-thumbs-up"></i></td><td class=" not_printable"><div class="addToGL" data-soscuisine-aisle="17" data-soscuisine-sip="3941461"><i class="fa fa-cart-plus" title="Add to My Grocery List"></i><div></div></div></td><td><img class="storeItemImage" itemprop="image" alt="lettuces, Romaine, hearts, ORGANIC" src="/media/images/store_item/1022.jpg"></td><td>lettuces, Romaine, hearts, ORGANIC</td><td class="not_printable sorting_1">vegetables</td><td><img style="width:50%;" src="/media/images/logos/marchands/19.png" alt="Loblaws"></td><td><span itemprop="price">$2.99</span><span itemprop="eligibleQuantity" itemscope="" itemtype="http://schema.org/QuantitativeValue">/<span itemprop="unitText">3-pack</span></span></td><td>$8.82/kg</td><td style="display: none;">2020-02-26</td><td style="display: none;">USA</td><td style="display: none;">house brand</td><td style="display: none;">standard</td><td style="display: none;"></td><td style="display: none;"></td><td style="display: none;"></td><td style="display: none;">or Mexico</td><td style="display: none;"><a class="recipeLink" href="/recipe_ingredient_search_results.php?query=(_QU5E__1__________1022__[]_1_1)">Recipes with lettuces, Romaine, hearts, ORGANIC</a></td></tr><tr role="row" class="odd"><td tabindex="0"><i class="fa fa-thumbs-up"></i></td><td class=" not_printable"><div class="addToGL" data-soscuisine-aisle="17" data-soscuisine-sip="3944779"><i class="fa fa-cart-plus" title="Add to My Grocery List"></i><div></div></div></td><td><img class="storeItemImage" itemprop="image" alt="lettuces, Romaine, hearts, ORGANIC" src="/media/images/store_item/1022.jpg"></td><td>lettuces, Romaine, hearts, ORGANIC</td><td class="not_printable sorting_1">vegetables</td><td><img style="width:50%;" src="/media/images/logos/marchands/52.png" alt="Real Canadian Superstore"></td><td><span itemprop="price">$3.98</span><span itemprop="eligibleQuantity" itemscope="" itemtype="http://schema.org/QuantitativeValue">/<span itemprop="unitText">3-pack</span></span></td><td>$11.74/kg</td><td style="display: none;">2020-02-26</td><td style="display: none;">USA</td><td style="display: none;">house brand</td><td style="display: none;">standard</td><td style="display: none;"></td><td style="display: none;"></td><td style="display: none;"></td><td style="display: none;">or Mexico</td><td style="display: none;"><a class="recipeLink" href="/recipe_ingredient_search_results.php?query=(_QU5E__1__________1022__[]_1_1)">Recipes with lettuces, Romaine, hearts, ORGANIC</a></td></tr><tr role="row" class="even"><td tabindex="0"><i class="fas fa-hand-rock"></i></td><td class=" not_printable"><div class="addToGL" data-soscuisine-aisle="17" data-soscuisine-sip="3944249"><i class="fa fa-cart-plus" title="Add to My Grocery List"></i><div></div></div></td><td><img class="storeItemImage" itemprop="image" alt="mini-peppers" src="/media/images/store_item/768.jpg"></td><td>mini-peppers</td><td class="not_printable sorting_1">vegetables</td><td><img style="width:50%;" src="/media/images/logos/marchands/70.png" alt="FreshCo"></td><td><span itemprop="price">$3.00</span><span itemprop="eligibleQuantity" itemscope="" itemtype="http://schema.org/QuantitativeValue">/<span itemprop="unitText">1lb (454g)</span></span></td><td>$6.61/kg</td><td style="display: none;">2020-02-26</td><td style="display: none;">Mexico</td><td style="display: none;"></td><td style="display: none;"></td><td style="display: none;"></td><td style="display: none;"></td><td style="display: none;"></td><td style="display: none;"></td><td style="display: none;"></td></tr><tr role="row" class="odd"><td tabindex="0"><i class="fas fa-hand-rock"></i></td><td class=" not_printable"><div class="addToGL" data-soscuisine-aisle="17" data-soscuisine-sip="3944489"><i class="fa fa-cart-plus" title="Add to My Grocery List"></i><div></div></div></td><td><img class="storeItemImage" itemprop="image" alt="mini-peppers" src="/media/images/store_item/768.jpg"></td><td>mini-peppers</td><td class="not_printable sorting_1">vegetables</td><td><img style="width:50%;" src="/media/images/logos/marchands/17.png" alt="Price Chopper"></td><td><span itemprop="price">$3.00</span><span itemprop="eligibleQuantity" itemscope="" itemtype="http://schema.org/QuantitativeValue">/<span itemprop="unitText">1lb (454g)</span></span></td><td>$6.61/kg</td><td style="display: none;">2020-02-26</td><td style="display: none;">Mexico</td><td style="display: none;"></td><td style="display: none;"></td><td style="display: none;"></td><td style="display: none;"></td><td style="display: none;"></td><td style="display: none;"></td><td style="display: none;"></td></tr><tr role="row" class="even"><td tabindex="0"><i class="fa fa-thumbs-down"></i></td><td class=" not_printable"><div class="addToGL" data-soscuisine-aisle="17" data-soscuisine-sip="3945597"><i class="fa fa-cart-plus" title="Add to My Grocery List"></i><div></div></div></td><td><img class="storeItemImage" itemprop="image" alt="mini-tomatoes (cherry, miniature or grape)" src="/media/images/store_item/318.jpg"></td><td>mini-tomatoes (cherry, miniature or grape)</td><td class="not_printable sorting_1">vegetables</td><td><img style="width:50%;" src="/media/images/logos/marchands/18.png" alt="Food Basics"></td><td><span itemprop="price">$5.00</span><span itemprop="eligibleQuantity" itemscope="" itemtype="http://schema.org/QuantitativeValue">/<span itemprop="value">2</span>x<span itemprop="unitText">8oz (227g)</span></span></td><td>$11.01/kg</td><td style="display: none;">2020-02-26</td><td style="display: none;">USA</td><td style="display: none;"></td><td style="display: none;">grape</td><td style="display: none;"></td><td style="display: none;"></td><td style="display: none;"></td><td style="display: none;"></td><td style="display: none;"><a class="recipeLink" href="/recipe_ingredient_search_results.php?query=(_QU5E__1__________318__[]_1_1)">Recipes with mini-tomatoes (cherry, miniature or grape)</a></td></tr><tr role="row" class="odd"><td tabindex="0"><i class="fa fa-thumbs-up"></i></td><td class=" not_printable"><div class="addToGL" data-soscuisine-aisle="17" data-soscuisine-sip="3944237"><i class="fa fa-cart-plus" title="Add to My Grocery List"></i><div></div></div></td><td><img class="storeItemImage" itemprop="image" alt="mini-tomatoes (cherry, miniature or grape)" src="/media/images/store_item/318.jpg"></td><td>mini-tomatoes (cherry, miniature or grape)</td><td class="not_printable sorting_1">vegetables</td><td><img style="width:50%;" src="/media/images/logos/marchands/70.png" alt="FreshCo"></td><td><span itemprop="price">$1.75</span><span itemprop="eligibleQuantity" itemscope="" itemtype="http://schema.org/QuantitativeValue">/<span itemprop="unitText">pint (US dry)</span></span></td><td>$5.68/kg</td><td style="display: none;">2020-02-26</td><td style="display: none;">Mexico</td><td style="display: none;"></td><td style="display: none;">grape</td><td style="display: none;"></td><td style="display: none;"></td><td style="display: none;"></td><td style="display: none;"></td><td style="display: none;"><a class="recipeLink" href="/recipe_ingredient_search_results.php?query=(_QU5E__1__________318__[]_1_1)">Recipes with mini-tomatoes (cherry, miniature or grape)</a></td></tr><tr role="row" class="even"><td tabindex="0"><i class="fa fa-thumbs-down"></i></td><td class=" not_printable"><div class="addToGL" data-soscuisine-aisle="17" data-soscuisine-sip="3945797"><i class="fa fa-cart-plus" title="Add to My Grocery List"></i><div></div></div></td><td><img class="storeItemImage" itemprop="image" alt="mini-tomatoes (cherry, miniature or grape)" src="/media/images/store_item/318.jpg"></td><td>mini-tomatoes (cherry, miniature or grape)</td><td class="not_printable sorting_1">vegetables</td><td><img style="width:50%;" src="/media/images/logos/marchands/20.png" alt="Metro"></td><td><span itemprop="price">$2.99</span><span itemprop="eligibleQuantity" itemscope="" itemtype="http://schema.org/QuantitativeValue">/<span itemprop="unitText">10oz (283g)</span></span></td><td>$10.57/kg</td><td style="display: none;">2020-02-26</td><td style="display: none;">USA</td><td style="display: none;"></td><td style="display: none;">grape</td><td style="display: none;"></td><td style="display: none;"></td><td style="display: none;"></td><td style="display: none;"></td><td style="display: none;"><a class="recipeLink" href="/recipe_ingredient_search_results.php?query=(_QU5E__1__________318__[]_1_1)">Recipes with mini-tomatoes (cherry, miniature or grape)</a></td></tr><tr role="row" class="odd"><td tabindex="0"><i class="fa fa-thumbs-down"></i></td><td class=" not_printable"><div class="addToGL" data-soscuisine-aisle="17" data-soscuisine-sip="3945793"><i class="fa fa-cart-plus" title="Add to My Grocery List"></i><div></div></div></td><td><img class="storeItemImage" itemprop="image" alt="mini-tomatoes (cherry, miniature or grape)" src="/media/images/store_item/318.jpg"></td><td>mini-tomatoes (cherry, miniature or grape)</td><td class="not_printable sorting_1">vegetables</td><td><img style="width:50%;" src="/media/images/logos/marchands/20.png" alt="Metro"></td><td><span itemprop="price">$3.99</span><span itemprop="eligibleQuantity" itemscope="" itemtype="http://schema.org/QuantitativeValue">/<span itemprop="unitText">9oz (255g)</span></span></td><td>$15.65/kg</td><td style="display: none;">2020-02-26</td><td style="display: none;">Ontario</td><td style="display: none;"></td><td style="display: none;">cherry</td><td style="display: none;"></td><td style="display: none;"></td><td style="display: none;"></td><td style="display: none;"></td><td style="display: none;"><a class="recipeLink" href="/recipe_ingredient_search_results.php?query=(_QU5E__1__________318__[]_1_1)">Recipes with mini-tomatoes (cherry, miniature or grape)</a></td></tr><tr role="row" class="even"><td tabindex="0"><i class="fa fa-thumbs-up"></i><i class="fa fa-thumbs-up"></i></td><td class=" not_printable"><div class="addToGL" data-soscuisine-aisle="17" data-soscuisine-sip="3945299"><i class="fa fa-cart-plus" title="Add to My Grocery List"></i><div></div></div></td><td><img class="storeItemImage" itemprop="image" alt="mini-tomatoes (cherry, miniature or grape)" src="/media/images/store_item/318.jpg"></td><td>mini-tomatoes (cherry, miniature or grape)</td><td class="not_printable sorting_1">vegetables</td><td><img style="width:50%;" src="/media/images/logos/marchands/14.png" alt="No Frills"></td><td><span itemprop="price">$1.00</span><span itemprop="eligibleQuantity" itemscope="" itemtype="http://schema.org/QuantitativeValue">/<span itemprop="unitText">9oz (255g)</span></span></td><td>$3.92/kg</td><td style="display: none;">2020-02-26</td><td style="display: none;">USA</td><td style="display: none;">house brand</td><td style="display: none;">grape</td><td style="display: none;"></td><td style="display: none;"></td><td style="display: none;"></td><td style="display: none;">or Mexico</td><td style="display: none;"><a class="recipeLink" href="/recipe_ingredient_search_results.php?query=(_QU5E__1__________318__[]_1_1)">Recipes with mini-tomatoes (cherry, miniature or grape)</a></td></tr><tr role="row" class="odd"><td tabindex="0"><i class="fa fa-thumbs-up"></i></td><td class=" not_printable"><div class="addToGL" data-soscuisine-aisle="17" data-soscuisine-sip="3944483"><i class="fa fa-cart-plus" title="Add to My Grocery List"></i><div></div></div></td><td><img class="storeItemImage" itemprop="image" alt="mini-tomatoes (cherry, miniature or grape)" src="/media/images/store_item/318.jpg"></td><td>mini-tomatoes (cherry, miniature or grape)</td><td class="not_printable sorting_1">vegetables</td><td><img style="width:50%;" src="/media/images/logos/marchands/17.png" alt="Price Chopper"></td><td><span itemprop="price">$1.75</span><span itemprop="eligibleQuantity" itemscope="" itemtype="http://schema.org/QuantitativeValue">/<span itemprop="unitText">pint (US dry)</span></span></td><td>$5.68/kg</td><td style="display: none;">2020-02-26</td><td style="display: none;">Mexico</td><td style="display: none;"></td><td style="display: none;">grape</td><td style="display: none;"></td><td style="display: none;"></td><td style="display: none;"></td><td style="display: none;"></td><td style="display: none;"><a class="recipeLink" href="/recipe_ingredient_search_results.php?query=(_QU5E__1__________318__[]_1_1)">Recipes with mini-tomatoes (cherry, miniature or grape)</a></td></tr><tr role="row" class="even"><td tabindex="0"><i class="fas fa-hand-rock"></i></td><td class=" not_printable"><div class="addToGL" data-soscuisine-aisle="17" data-soscuisine-sip="3945581"><i class="fa fa-cart-plus" title="Add to My Grocery List"></i><div></div></div></td><td><img class="storeItemImage" itemprop="image" alt="mixed greens" src="/media/images/store_item/235.jpg"></td><td>mixed greens</td><td class="not_printable sorting_1">vegetables</td><td><img style="width:50%;" src="/media/images/logos/marchands/18.png" alt="Food Basics"></td><td><span itemprop="price">$2.98</span><span itemprop="eligibleQuantity" itemscope="" itemtype="http://schema.org/QuantitativeValue">/<span itemprop="unitText">4.5oz (128g)</span></span></td><td>$2.33/100g</td><td style="display: none;">2020-02-26</td><td style="display: none;">USA</td><td style="display: none;">Attitude</td><td style="display: none;"></td><td style="display: none;"></td><td style="display: none;"></td><td style="display: none;"></td><td style="display: none;"></td><td style="display: none;"><a class="recipeLink" href="/recipe_ingredient_search_results.php?query=(_QU5E__1__________235__[]_1_1)">Recipes with mixed greens</a></td></tr><tr role="row" class="odd"><td tabindex="0"><i class="fas fa-hand-rock"></i></td><td class=" not_printable"><div class="addToGL" data-soscuisine-aisle="17" data-soscuisine-sip="3941719"><i class="fa fa-cart-plus" title="Add to My Grocery List"></i><div></div></div></td><td><img class="storeItemImage" itemprop="image" alt="mixed greens ORGANIC" src="/media/images/store_item/699.jpg"></td><td>mixed greens ORGANIC</td><td class="not_printable sorting_1">vegetables</td><td><img style="width:50%;" src="/media/images/logos/marchands/19.png" alt="Loblaws"></td><td><span itemprop="price">$10.00</span><span itemprop="eligibleQuantity" itemscope="" itemtype="http://schema.org/QuantitativeValue">/<span itemprop="value">2</span>x<span itemprop="unitText">5oz (142g)</span></span></td><td>$3.52/100g</td><td style="display: none;">2020-02-26</td><td style="display: none;">USA</td><td style="display: none;">house brand</td><td style="display: none;"></td><td style="display: none;"></td><td style="display: none;"></td><td style="display: none;"></td><td style="display: none;"></td><td style="display: none;"><a class="recipeLink" href="/recipe_ingredient_search_results.php?query=(_QU5E__1__________699__[]_1_1)">Recipes with mixed greens ORGANIC</a></td></tr><tr role="row" class="even"><td tabindex="0"><i class="fa fa-thumbs-down"></i></td><td class=" not_printable"><div class="addToGL" data-soscuisine-aisle="17" data-soscuisine-sip="3941717"><i class="fa fa-cart-plus" title="Add to My Grocery List"></i><div></div></div></td><td><img class="storeItemImage" itemprop="image" alt="mixed greens ORGANIC" src="/media/images/store_item/699.jpg"></td><td>mixed greens ORGANIC</td><td class="not_printable sorting_1">vegetables</td><td><img style="width:50%;" src="/media/images/logos/marchands/19.png" alt="Loblaws"></td><td><span itemprop="price">$5.49</span><span itemprop="eligibleQuantity" itemscope="" itemtype="http://schema.org/QuantitativeValue">/<span itemprop="unitText">5oz (142g)</span></span></td><td>$3.87/100g</td><td style="display: none;">2020-02-26</td><td style="display: none;">USA</td><td style="display: none;">house brand</td><td style="display: none;"></td><td style="display: none;"></td><td style="display: none;"></td><td style="display: none;"></td><td style="display: none;"></td><td style="display: none;"><a class="recipeLink" href="/recipe_ingredient_search_results.php?query=(_QU5E__1__________699__[]_1_1)">Recipes with mixed greens ORGANIC</a></td></tr><tr role="row" class="odd"><td tabindex="0"><i class="fas fa-hand-rock"></i></td><td class=" not_printable"><div class="addToGL" data-soscuisine-aisle="17" data-soscuisine-sip="3943473"><i class="fa fa-cart-plus" title="Add to My Grocery List"></i><div></div></div></td><td><img class="storeItemImage" itemprop="image" alt="mixed greens ORGANIC" src="/media/images/store_item/699.jpg"></td><td>mixed greens ORGANIC</td><td class="not_printable sorting_1">vegetables</td><td><img style="width:50%;" src="/media/images/logos/marchands/15.png" alt="Sobeys"></td><td><span itemprop="price">$8.98</span><span itemprop="eligibleQuantity" itemscope="" itemtype="http://schema.org/QuantitativeValue">/<span itemprop="value">2</span>x<span itemprop="unitText">5oz (142g)</span></span></td><td>$3.16/100g</td><td style="display: none;">2020-02-26</td><td style="display: none;">USA</td><td style="display: none;">house brand</td><td style="display: none;"></td><td style="display: none;"></td><td style="display: none;"></td><td style="display: none;"></td><td style="display: none;"></td><td style="display: none;"><a class="recipeLink" href="/recipe_ingredient_search_results.php?query=(_QU5E__1__________699__[]_1_1)">Recipes with mixed greens ORGANIC</a></td></tr><tr role="row" class="even"><td tabindex="0"><i class="fas fa-hand-rock"></i></td><td class=" not_printable"><div class="addToGL" data-soscuisine-aisle="17" data-soscuisine-sip="3943479"><i class="fa fa-cart-plus" title="Add to My Grocery List"></i><div></div></div></td><td><img class="storeItemImage" itemprop="image" alt="mixed greens ORGANIC" src="/media/images/store_item/699.jpg"></td><td>mixed greens ORGANIC</td><td class="not_printable sorting_1">vegetables</td><td><img style="width:50%;" src="/media/images/logos/marchands/15.png" alt="Sobeys"></td><td><span itemprop="price">$4.99</span><span itemprop="eligibleQuantity" itemscope="" itemtype="http://schema.org/QuantitativeValue">/<span itemprop="unitText">5oz (142g)</span></span></td><td>$3.51/100g</td><td style="display: none;">2020-02-26</td><td style="display: none;">USA</td><td style="display: none;">house brand</td><td style="display: none;"></td><td style="display: none;"></td><td style="display: none;"></td><td style="display: none;"></td><td style="display: none;"></td><td style="display: none;"><a class="recipeLink" href="/recipe_ingredient_search_results.php?query=(_QU5E__1__________699__[]_1_1)">Recipes with mixed greens ORGANIC</a></td></tr><tr role="row" class="odd"><td tabindex="0"><i class="fas fa-hand-rock"></i></td><td class=" not_printable"><div class="addToGL" data-soscuisine-aisle="17" data-soscuisine-sip="3943363"><i class="fa fa-cart-plus" title="Add to My Grocery List"></i><div></div></div></td><td><img class="storeItemImage" itemprop="image" alt="mixed greens ORGANIC" src="/media/images/store_item/699.jpg"></td><td>mixed greens ORGANIC</td><td class="not_printable sorting_1">vegetables</td><td><img style="width:50%;" src="/media/images/logos/marchands/39.png" alt="Your Independent Grocer"></td><td><span itemprop="price">$10.00</span><span itemprop="eligibleQuantity" itemscope="" itemtype="http://schema.org/QuantitativeValue">/<span itemprop="value">2</span>x<span itemprop="unitText">5oz (142g)</span></span></td><td>$3.52/100g</td><td style="display: none;">2020-02-26</td><td style="display: none;">USA</td><td style="display: none;">house brand</td><td style="display: none;"></td><td style="display: none;"></td><td style="display: none;"></td><td style="display: none;"></td><td style="display: none;"></td><td style="display: none;"><a class="recipeLink" href="/recipe_ingredient_search_results.php?query=(_QU5E__1__________699__[]_1_1)">Recipes with mixed greens ORGANIC</a></td></tr><tr role="row" class="even"><td tabindex="0"><i class="fa fa-thumbs-down"></i></td><td class=" not_printable"><div class="addToGL" data-soscuisine-aisle="17" data-soscuisine-sip="3943361"><i class="fa fa-cart-plus" title="Add to My Grocery List"></i><div></div></div></td><td><img class="storeItemImage" itemprop="image" alt="mixed greens ORGANIC" src="/media/images/store_item/699.jpg"></td><td>mixed greens ORGANIC</td><td class="not_printable sorting_1">vegetables</td><td><img style="width:50%;" src="/media/images/logos/marchands/39.png" alt="Your Independent Grocer"></td><td><span itemprop="price">$5.49</span><span itemprop="eligibleQuantity" itemscope="" itemtype="http://schema.org/QuantitativeValue">/<span itemprop="unitText">5oz (142g)</span></span></td><td>$3.87/100g</td><td style="display: none;">2020-02-26</td><td style="display: none;">USA</td><td style="display: none;">house brand</td><td style="display: none;"></td><td style="display: none;"></td><td style="display: none;"></td><td style="display: none;"></td><td style="display: none;"></td><td style="display: none;"><a class="recipeLink" href="/recipe_ingredient_search_results.php?query=(_QU5E__1__________699__[]_1_1)">Recipes with mixed greens ORGANIC</a></td></tr><tr role="row" class="odd"><td tabindex="0"><i class="fa fa-thumbs-down"></i></td><td class=" not_printable"><div class="addToGL" data-soscuisine-aisle="17" data-soscuisine-sip="3943229"><i class="fa fa-cart-plus" title="Add to My Grocery List"></i><div></div></div></td><td><img class="storeItemImage" itemprop="image" alt="mushrooms, button" src="/media/images/store_item/98.jpg"></td><td>mushrooms, button</td><td class="not_printable sorting_1">vegetables</td><td><img style="width:50%;" src="/media/images/logos/marchands/16.png" alt="Foodland"></td><td><span itemprop="price">$5.00</span><span itemprop="eligibleQuantity" itemscope="" itemtype="http://schema.org/QuantitativeValue">/<span itemprop="value">2</span>x<span itemprop="unitText">8oz (227g)</span></span></td><td>$11.01/kg</td><td style="display: none;">2020-02-26</td><td style="display: none;">Canada</td><td style="display: none;">house brand</td><td style="display: none;"></td><td style="display: none;">crimini, white</td><td style="display: none;"></td><td style="display: none;">whole</td><td style="display: none;"></td><td style="display: none;"><a class="recipeLink" href="/recipe_ingredient_search_results.php?query=(_QU5E__1__________98__[]_1_1)">Recipes with mushrooms, button</a></td></tr><tr role="row" class="even"><td tabindex="0"><i class="fa fa-thumbs-down"></i></td><td class=" not_printable"><div class="addToGL" data-soscuisine-aisle="17" data-soscuisine-sip="3943227"><i class="fa fa-cart-plus" title="Add to My Grocery List"></i><div></div></div></td><td><img class="storeItemImage" itemprop="image" alt="mushrooms, button" src="/media/images/store_item/98.jpg"></td><td>mushrooms, button</td><td class="not_printable sorting_1">vegetables</td><td><img style="width:50%;" src="/media/images/logos/marchands/16.png" alt="Foodland"></td><td><span itemprop="price">$2.79</span><span itemprop="eligibleQuantity" itemscope="" itemtype="http://schema.org/QuantitativeValue">/<span itemprop="unitText">8oz (227g)</span></span></td><td>$12.29/kg</td><td style="display: none;">2020-02-26</td><td style="display: none;">Canada</td><td style="display: none;">house brand</td><td style="display: none;"></td><td style="display: none;">crimini, white</td><td style="display: none;"></td><td style="display: none;">whole</td><td style="display: none;"></td><td style="display: none;"><a class="recipeLink" href="/recipe_ingredient_search_results.php?query=(_QU5E__1__________98__[]_1_1)">Recipes with mushrooms, button</a></td></tr><tr role="row" class="odd"><td tabindex="0"><i class="fa fa-thumbs-down"></i></td><td class=" not_printable"><div class="addToGL" data-soscuisine-aisle="17" data-soscuisine-sip="3944233"><i class="fa fa-cart-plus" title="Add to My Grocery List"></i><div></div></div></td><td><img class="storeItemImage" itemprop="image" alt="mushrooms, button" src="/media/images/store_item/98.jpg"></td><td>mushrooms, button</td><td class="not_printable sorting_1">vegetables</td><td><img style="width:50%;" src="/media/images/logos/marchands/70.png" alt="FreshCo"></td><td><span itemprop="price">$1.75</span><span itemprop="eligibleQuantity" itemscope="" itemtype="http://schema.org/QuantitativeValue">/<span itemprop="unitText">8oz (227g)</span></span></td><td>$7.71/kg</td><td style="display: none;">2020-02-26</td><td style="display: none;">Ontario</td><td style="display: none;">house brand</td><td style="display: none;"></td><td style="display: none;">white</td><td style="display: none;"></td><td style="display: none;"></td><td style="display: none;"></td><td style="display: none;"><a class="recipeLink" href="/recipe_ingredient_search_results.php?query=(_QU5E__1__________98__[]_1_1)">Recipes with mushrooms, button</a></td></tr><tr role="row" class="even"><td tabindex="0"><i class="fa fa-thumbs-up"></i><i class="fa fa-thumbs-up"></i></td><td class=" not_printable"><div class="addToGL" data-soscuisine-aisle="17" data-soscuisine-sip="3945429"><i class="fa fa-cart-plus" title="Add to My Grocery List"></i><div></div></div></td><td><img class="storeItemImage" itemprop="image" alt="mushrooms, button" src="/media/images/store_item/98.jpg"></td><td>mushrooms, button</td><td class="not_printable sorting_1">vegetables</td><td><img style="width:50%;" src="/media/images/logos/marchands/14.png" alt="No Frills"></td><td><span itemprop="price">$1.00</span><span itemprop="eligibleQuantity" itemscope="" itemtype="http://schema.org/QuantitativeValue">/<span itemprop="unitText">8oz (227g)</span></span></td><td>$4.41/kg</td><td style="display: none;">2020-02-26</td><td style="display: none;">Ontario</td><td style="display: none;">house brand</td><td style="display: none;"></td><td style="display: none;">white</td><td style="display: none;"></td><td style="display: none;">whole</td><td style="display: none;"></td><td style="display: none;"><a class="recipeLink" href="/recipe_ingredient_search_results.php?query=(_QU5E__1__________98__[]_1_1)">Recipes with mushrooms, button</a></td></tr><tr role="row" class="odd"><td tabindex="0"><i class="fa fa-thumbs-down"></i></td><td class=" not_printable"><div class="addToGL" data-soscuisine-aisle="17" data-soscuisine-sip="3944481"><i class="fa fa-cart-plus" title="Add to My Grocery List"></i><div></div></div></td><td><img class="storeItemImage" itemprop="image" alt="mushrooms, button" src="/media/images/store_item/98.jpg"></td><td>mushrooms, button</td><td class="not_printable sorting_1">vegetables</td><td><img style="width:50%;" src="/media/images/logos/marchands/17.png" alt="Price Chopper"></td><td><span itemprop="price">$1.75</span><span itemprop="eligibleQuantity" itemscope="" itemtype="http://schema.org/QuantitativeValue">/<span itemprop="unitText">8oz (227g)</span></span></td><td>$7.71/kg</td><td style="display: none;">2020-02-26</td><td style="display: none;">Ontario</td><td style="display: none;">house brand</td><td style="display: none;"></td><td style="display: none;">white</td><td style="display: none;"></td><td style="display: none;"></td><td style="display: none;"></td><td style="display: none;"><a class="recipeLink" href="/recipe_ingredient_search_results.php?query=(_QU5E__1__________98__[]_1_1)">Recipes with mushrooms, button</a></td></tr><tr role="row" class="even"><td tabindex="0"><i class="fa fa-thumbs-up"></i></td><td class=" not_printable"><div class="addToGL" data-soscuisine-aisle="17" data-soscuisine-sip="3944875"><i class="fa fa-cart-plus" title="Add to My Grocery List"></i><div></div></div></td><td><img class="storeItemImage" itemprop="image" alt="mushrooms, button" src="/media/images/store_item/98.jpg"></td><td>mushrooms, button</td><td class="not_printable sorting_1">vegetables</td><td><img style="width:50%;" src="/media/images/logos/marchands/52.png" alt="Real Canadian Superstore"></td><td><span itemprop="price">$2.98</span><span itemprop="eligibleQuantity" itemscope="" itemtype="http://schema.org/QuantitativeValue">/<span itemprop="unitText">454g (1lb)</span></span></td><td>$6.57/kg</td><td style="display: none;">2020-02-26</td><td style="display: none;">Ontario</td><td style="display: none;">house brand</td><td style="display: none;"></td><td style="display: none;">crimini, white</td><td style="display: none;"></td><td style="display: none;">whole</td><td style="display: none;"></td><td style="display: none;"><a class="recipeLink" href="/recipe_ingredient_search_results.php?query=(_QU5E__1__________98__[]_1_1)">Recipes with mushrooms, button</a></td></tr><tr role="row" class="odd"><td tabindex="0"><i class="fas fa-hand-rock"></i></td><td class=" not_printable"><div class="addToGL" data-soscuisine-aisle="17" data-soscuisine-sip="3945079"><i class="fa fa-cart-plus" title="Add to My Grocery List"></i><div></div></div></td><td><img class="storeItemImage" itemprop="image" alt="mushrooms, button ORGANIC" src="/media/images/store_item/684.jpg"></td><td>mushrooms, button ORGANIC</td><td class="not_printable sorting_1">vegetables</td><td><img style="width:50%;" src="/media/images/logos/marchands/38.png" alt="Farm Boy"></td><td><span itemprop="price">$5.00</span><span itemprop="eligibleQuantity" itemscope="" itemtype="http://schema.org/QuantitativeValue">/<span itemprop="value">2</span>x<span itemprop="unitText">8oz (227g)</span></span></td><td>$11.01/kg</td><td style="display: none;">2020-02-26</td><td style="display: none;">Canada</td><td style="display: none;"></td><td style="display: none;"></td><td style="display: none;">crimini, white</td><td style="display: none;"></td><td style="display: none;">sliced, whole</td><td style="display: none;"></td><td style="display: none;"><a class="recipeLink" href="/recipe_ingredient_search_results.php?query=(_QU5E__1__________684__[]_1_1)">Recipes with mushrooms, button ORGANIC</a></td></tr><tr role="row" class="even"><td tabindex="0"><i class="fas fa-hand-rock"></i></td><td class=" not_printable"><div class="addToGL" data-soscuisine-aisle="17" data-soscuisine-sip="3943345"><i class="fa fa-cart-plus" title="Add to My Grocery List"></i><div></div></div></td><td><img class="storeItemImage" itemprop="image" alt="mushrooms, button ORGANIC" src="/media/images/store_item/684.jpg"></td><td>mushrooms, button ORGANIC</td><td class="not_printable sorting_1">vegetables</td><td><img style="width:50%;" src="/media/images/logos/marchands/39.png" alt="Your Independent Grocer"></td><td><span itemprop="price">$5.00</span><span itemprop="eligibleQuantity" itemscope="" itemtype="http://schema.org/QuantitativeValue">/<span itemprop="value">2</span>x<span itemprop="unitText">8oz (227g)</span></span></td><td>$11.01/kg</td><td style="display: none;">2020-02-26</td><td style="display: none;">Canada</td><td style="display: none;">house brand</td><td style="display: none;"></td><td style="display: none;">crimini, white</td><td style="display: none;"></td><td style="display: none;">whole</td><td style="display: none;"></td><td style="display: none;"><a class="recipeLink" href="/recipe_ingredient_search_results.php?query=(_QU5E__1__________684__[]_1_1)">Recipes with mushrooms, button ORGANIC</a></td></tr><tr role="row" class="odd"><td tabindex="0"><i class="fa fa-thumbs-down"></i></td><td class=" not_printable"><div class="addToGL" data-soscuisine-aisle="17" data-soscuisine-sip="3943343"><i class="fa fa-cart-plus" title="Add to My Grocery List"></i><div></div></div></td><td><img class="storeItemImage" itemprop="image" alt="mushrooms, button ORGANIC" src="/media/images/store_item/684.jpg"></td><td>mushrooms, button ORGANIC</td><td class="not_printable sorting_1">vegetables</td><td><img style="width:50%;" src="/media/images/logos/marchands/39.png" alt="Your Independent Grocer"></td><td><span itemprop="price">$2.99</span><span itemprop="eligibleQuantity" itemscope="" itemtype="http://schema.org/QuantitativeValue">/<span itemprop="unitText">8oz (227g)</span></span></td><td>$13.17/kg</td><td style="display: none;">2020-02-26</td><td style="display: none;">Canada</td><td style="display: none;">house brand</td><td style="display: none;"></td><td style="display: none;">crimini, white</td><td style="display: none;"></td><td style="display: none;">whole</td><td style="display: none;"></td><td style="display: none;"><a class="recipeLink" href="/recipe_ingredient_search_results.php?query=(_QU5E__1__________684__[]_1_1)">Recipes with mushrooms, button ORGANIC</a></td></tr><tr role="row" class="even"><td tabindex="0"><i class="fas fa-exclamation"></i></td><td class=" not_printable"><div class="addToGL" data-soscuisine-aisle="17" data-soscuisine-sip="3943465"><i class="fa fa-cart-plus" title="Add to My Grocery List"></i><div></div></div></td><td><img class="storeItemImage" alt="mushrooms, shiitake ORGANIC" src="/media/images/store_item/blank.jpg"></td><td>mushrooms, shiitake ORGANIC</td><td class="not_printable sorting_1">vegetables</td><td><img style="width:50%;" src="/media/images/logos/marchands/15.png" alt="Sobeys"></td><td><span itemprop="price">$8.98</span><span itemprop="eligibleQuantity" itemscope="" itemtype="http://schema.org/QuantitativeValue">/<span itemprop="value">2</span>x<span itemprop="unitText">8oz (227g)</span></span></td><td>$19.78/kg</td><td style="display: none;">2020-02-26</td><td style="display: none;">Ontario</td><td style="display: none;">house brand</td><td style="display: none;"></td><td style="display: none;"></td><td style="display: none;"></td><td style="display: none;"></td><td style="display: none;"></td><td style="display: none;"><a class="recipeLink" href="/recipe_ingredient_search_results.php?query=(_QU5E__1__________722__[]_1_1)">Recipes with mushrooms, shiitake ORGANIC</a></td></tr><tr role="row" class="odd"><td tabindex="0"><i class="fas fa-exclamation"></i></td><td class=" not_printable"><div class="addToGL" data-soscuisine-aisle="17" data-soscuisine-sip="3943467"><i class="fa fa-cart-plus" title="Add to My Grocery List"></i><div></div></div></td><td><img class="storeItemImage" alt="mushrooms, shiitake ORGANIC" src="/media/images/store_item/blank.jpg"></td><td>mushrooms, shiitake ORGANIC</td><td class="not_printable sorting_1">vegetables</td><td><img style="width:50%;" src="/media/images/logos/marchands/15.png" alt="Sobeys"></td><td><span itemprop="price">$4.99</span><span itemprop="eligibleQuantity" itemscope="" itemtype="http://schema.org/QuantitativeValue">/<span itemprop="unitText">8oz (227g)</span></span></td><td>$21.98/kg</td><td style="display: none;">2020-02-26</td><td style="display: none;">Ontario</td><td style="display: none;">house brand</td><td style="display: none;"></td><td style="display: none;"></td><td style="display: none;"></td><td style="display: none;"></td><td style="display: none;"></td><td style="display: none;"><a class="recipeLink" href="/recipe_ingredient_search_results.php?query=(_QU5E__1__________722__[]_1_1)">Recipes with mushrooms, shiitake ORGANIC</a></td></tr><tr role="row" class="even"><td tabindex="0"><i class="fas fa-hand-rock"></i></td><td class=" not_printable"><div class="addToGL" data-soscuisine-aisle="17" data-soscuisine-sip="3945599"><i class="fa fa-cart-plus" title="Add to My Grocery List"></i><div></div></div></td><td><img class="storeItemImage" itemprop="image" alt="onions, red" src="/media/images/store_item/456.jpg"></td><td>onions, red</td><td class="not_printable sorting_1">vegetables</td><td><img style="width:50%;" src="/media/images/logos/marchands/18.png" alt="Food Basics"></td><td><span itemprop="price">$5.00</span><span itemprop="eligibleQuantity" itemscope="" itemtype="http://schema.org/QuantitativeValue">/<span itemprop="value">2</span>x<span itemprop="unitText">3lb (1,37kg)</span></span></td><td>$1.84/kg</td><td style="display: none;">2020-02-26</td><td style="display: none;">Canada</td><td style="display: none;"></td><td style="display: none;"></td><td style="display: none;"></td><td style="display: none;"></td><td style="display: none;"></td><td style="display: none;"></td><td style="display: none;"><a class="recipeLink" href="/recipe_ingredient_search_results.php?query=(_QU5E__1__________456__[]_1_1)">Recipes with onions, red</a></td></tr><tr role="row" class="odd"><td tabindex="0"><i class="fas fa-hand-rock"></i></td><td class=" not_printable"><div class="addToGL" data-soscuisine-aisle="17" data-soscuisine-sip="3945911"><i class="fa fa-cart-plus" title="Add to My Grocery List"></i><div></div></div></td><td><img class="storeItemImage" itemprop="image" alt="onions, red" src="/media/images/store_item/456.jpg"></td><td>onions, red</td><td class="not_printable sorting_1">vegetables</td><td><img style="width:50%;" src="/media/images/logos/marchands/20.png" alt="Metro"></td><td><span itemprop="price">$2.49</span><span itemprop="eligibleQuantity" itemscope="" itemtype="http://schema.org/QuantitativeValue">/<span itemprop="unitText">3lb (1,37kg)</span></span></td><td>$1.83/kg</td><td style="display: none;">2020-02-26</td><td style="display: none;">Canada</td><td style="display: none;"></td><td style="display: none;"></td><td style="display: none;"></td><td style="display: none;"></td><td style="display: none;"></td><td style="display: none;"></td><td style="display: none;"><a class="recipeLink" href="/recipe_ingredient_search_results.php?query=(_QU5E__1__________456__[]_1_1)">Recipes with onions, red</a></td></tr><tr role="row" class="even"><td tabindex="0"><i class="fa fa-thumbs-down"></i></td><td class=" not_printable"><div class="addToGL" data-soscuisine-aisle="17" data-soscuisine-sip="3945567"><i class="fa fa-cart-plus" title="Add to My Grocery List"></i><div></div></div></td><td><img class="storeItemImage" itemprop="image" alt="onions, yellow" src="/media/images/store_item/116.jpg"></td><td>onions, yellow</td><td class="not_printable sorting_1">vegetables</td><td><img style="width:50%;" src="/media/images/logos/marchands/18.png" alt="Food Basics"></td><td><span itemprop="price">$5.00</span><span itemprop="eligibleQuantity" itemscope="" itemtype="http://schema.org/QuantitativeValue">/<span itemprop="value">3</span>x<span itemprop="unitText">2lb (907g)</span></span></td><td>$1.84/kg</td><td style="display: none;">2020-02-26</td><td style="display: none;">Ontario</td><td style="display: none;"></td><td style="display: none;"></td><td style="display: none;"></td><td style="display: none;"></td><td style="display: none;"></td><td style="display: none;"></td><td style="display: none;"><a class="recipeLink" href="/recipe_ingredient_search_results.php?query=(_QU5E__1__________116__[]_1_1)">Recipes with onions, yellow</a></td></tr><tr role="row" class="odd"><td tabindex="0"><i class="fas fa-hand-rock"></i></td><td class=" not_printable"><div class="addToGL" data-soscuisine-aisle="17" data-soscuisine-sip="3941999"><i class="fa fa-cart-plus" title="Add to My Grocery List"></i><div></div></div></td><td><img class="storeItemImage" itemprop="image" alt="onions, yellow" src="/media/images/store_item/116.jpg"></td><td>onions, yellow</td><td class="not_printable sorting_1">vegetables</td><td><img style="width:50%;" src="/media/images/logos/marchands/16.png" alt="Foodland"></td><td><span itemprop="price">$3.49</span><span itemprop="eligibleQuantity" itemscope="" itemtype="http://schema.org/QuantitativeValue">/<span itemprop="unitText">5lb (2,3kg)</span></span></td><td>$1.54/kg</td><td style="display: none;">2020-02-26</td><td style="display: none;">Canada</td><td style="display: none;"></td><td style="display: none;"></td><td style="display: none;"></td><td style="display: none;"></td><td style="display: none;"></td><td style="display: none;"></td><td style="display: none;"><a class="recipeLink" href="/recipe_ingredient_search_results.php?query=(_QU5E__1__________116__[]_1_1)">Recipes with onions, yellow</a></td></tr><tr role="row" class="even"><td tabindex="0"><i class="fa fa-thumbs-down"></i></td><td class=" not_printable"><div class="addToGL" data-soscuisine-aisle="17" data-soscuisine-sip="3945809"><i class="fa fa-cart-plus" title="Add to My Grocery List"></i><div></div></div></td><td><img class="storeItemImage" itemprop="image" alt="onions, yellow" src="/media/images/store_item/116.jpg"></td><td>onions, yellow</td><td class="not_printable sorting_1">vegetables</td><td><img style="width:50%;" src="/media/images/logos/marchands/20.png" alt="Metro"></td><td><span itemprop="price">$1.69</span><span itemprop="eligibleQuantity" itemscope="" itemtype="http://schema.org/QuantitativeValue">/<span itemprop="unitText">2lb (907g)</span></span></td><td>$1.86/kg</td><td style="display: none;">2020-02-26</td><td style="display: none;">Ontario</td><td style="display: none;"></td><td style="display: none;"></td><td style="display: none;"></td><td style="display: none;"></td><td style="display: none;"></td><td style="display: none;"></td><td style="display: none;"><a class="recipeLink" href="/recipe_ingredient_search_results.php?query=(_QU5E__1__________116__[]_1_1)">Recipes with onions, yellow</a></td></tr><tr role="row" class="odd"><td tabindex="0"><i class="fa fa-thumbs-up"></i><i class="fa fa-thumbs-up"></i></td><td class=" not_printable"><div class="addToGL" data-soscuisine-aisle="17" data-soscuisine-sip="3944739"><i class="fa fa-cart-plus" title="Add to My Grocery List"></i><div></div></div></td><td><img class="storeItemImage" itemprop="image" alt="onions, yellow" src="/media/images/store_item/116.jpg"></td><td>onions, yellow</td><td class="not_printable sorting_1">vegetables</td><td><img style="width:50%;" src="/media/images/logos/marchands/52.png" alt="Real Canadian Superstore"></td><td><span itemprop="price">$2.98</span><span itemprop="eligibleQuantity" itemscope="" itemtype="http://schema.org/QuantitativeValue">/<span itemprop="unitText">10lb (4,54kg)</span></span></td><td>$0.66/kg</td><td style="display: none;">2020-02-26</td><td style="display: none;">Ontario</td><td style="display: none;">house brand</td><td style="display: none;"></td><td style="display: none;"></td><td style="display: none;"></td><td style="display: none;"></td><td style="display: none;"></td><td style="display: none;"><a class="recipeLink" href="/recipe_ingredient_search_results.php?query=(_QU5E__1__________116__[]_1_1)">Recipes with onions, yellow</a></td></tr><tr role="row" class="even"><td tabindex="0"><i class="fas fa-hand-rock"></i></td><td class=" not_printable"><div class="addToGL" data-soscuisine-aisle="17" data-soscuisine-sip="3941727"><i class="fa fa-cart-plus" title="Add to My Grocery List"></i><div></div></div></td><td><img class="storeItemImage" itemprop="image" alt="onions, yellow ORGANIC" src="/media/images/store_item/680.jpg"></td><td>onions, yellow ORGANIC</td><td class="not_printable sorting_1">vegetables</td><td><img style="width:50%;" src="/media/images/logos/marchands/19.png" alt="Loblaws"></td><td><span itemprop="price">$7.00</span><span itemprop="eligibleQuantity" itemscope="" itemtype="http://schema.org/QuantitativeValue">/<span itemprop="value">2</span>x<span itemprop="unitText">2lb (907g)</span></span></td><td>$3.86/kg</td><td style="display: none;">2020-02-26</td><td style="display: none;">Canada</td><td style="display: none;">house brand</td><td style="display: none;"></td><td style="display: none;"></td><td style="display: none;"></td><td style="display: none;"></td><td style="display: none;"></td><td style="display: none;"><a class="recipeLink" href="/recipe_ingredient_search_results.php?query=(_QU5E__1__________680__[]_1_1)">Recipes with onions, yellow ORGANIC</a></td></tr><tr role="row" class="odd"><td tabindex="0"><i class="fas fa-hand-rock"></i></td><td class=" not_printable"><div class="addToGL" data-soscuisine-aisle="17" data-soscuisine-sip="3941725"><i class="fa fa-cart-plus" title="Add to My Grocery List"></i><div></div></div></td><td><img class="storeItemImage" itemprop="image" alt="onions, yellow ORGANIC" src="/media/images/store_item/680.jpg"></td><td>onions, yellow ORGANIC</td><td class="not_printable sorting_1">vegetables</td><td><img style="width:50%;" src="/media/images/logos/marchands/19.png" alt="Loblaws"></td><td><span itemprop="price">$3.79</span><span itemprop="eligibleQuantity" itemscope="" itemtype="http://schema.org/QuantitativeValue">/<span itemprop="unitText">2lb (907g)</span></span></td><td>$4.18/kg</td><td style="display: none;">2020-02-26</td><td style="display: none;">Canada</td><td style="display: none;">house brand</td><td style="display: none;"></td><td style="display: none;"></td><td style="display: none;"></td><td style="display: none;"></td><td style="display: none;"></td><td style="display: none;"><a class="recipeLink" href="/recipe_ingredient_search_results.php?query=(_QU5E__1__________680__[]_1_1)">Recipes with onions, yellow ORGANIC</a></td></tr><tr role="row" class="even"><td tabindex="0"><i class="fas fa-hand-rock"></i></td><td class=" not_printable"><div class="addToGL" data-soscuisine-aisle="17" data-soscuisine-sip="3943357"><i class="fa fa-cart-plus" title="Add to My Grocery List"></i><div></div></div></td><td><img class="storeItemImage" itemprop="image" alt="onions, yellow ORGANIC" src="/media/images/store_item/680.jpg"></td><td>onions, yellow ORGANIC</td><td class="not_printable sorting_1">vegetables</td><td><img style="width:50%;" src="/media/images/logos/marchands/39.png" alt="Your Independent Grocer"></td><td><span itemprop="price">$7.00</span><span itemprop="eligibleQuantity" itemscope="" itemtype="http://schema.org/QuantitativeValue">/<span itemprop="value">2</span>x<span itemprop="unitText">2lb (907g)</span></span></td><td>$3.86/kg</td><td style="display: none;">2020-02-26</td><td style="display: none;">Canada</td><td style="display: none;">house brand</td><td style="display: none;"></td><td style="display: none;"></td><td style="display: none;"></td><td style="display: none;"></td><td style="display: none;"></td><td style="display: none;"><a class="recipeLink" href="/recipe_ingredient_search_results.php?query=(_QU5E__1__________680__[]_1_1)">Recipes with onions, yellow ORGANIC</a></td></tr><tr role="row" class="odd"><td tabindex="0"><i class="fas fa-hand-rock"></i></td><td class=" not_printable"><div class="addToGL" data-soscuisine-aisle="17" data-soscuisine-sip="3943355"><i class="fa fa-cart-plus" title="Add to My Grocery List"></i><div></div></div></td><td><img class="storeItemImage" itemprop="image" alt="onions, yellow ORGANIC" src="/media/images/store_item/680.jpg"></td><td>onions, yellow ORGANIC</td><td class="not_printable sorting_1">vegetables</td><td><img style="width:50%;" src="/media/images/logos/marchands/39.png" alt="Your Independent Grocer"></td><td><span itemprop="price">$3.99</span><span itemprop="eligibleQuantity" itemscope="" itemtype="http://schema.org/QuantitativeValue">/<span itemprop="unitText">2lb (907g)</span></span></td><td>$4.40/kg</td><td style="display: none;">2020-02-26</td><td style="display: none;">Canada</td><td style="display: none;">house brand</td><td style="display: none;"></td><td style="display: none;"></td><td style="display: none;"></td><td style="display: none;"></td><td style="display: none;"></td><td style="display: none;"><a class="recipeLink" href="/recipe_ingredient_search_results.php?query=(_QU5E__1__________680__[]_1_1)">Recipes with onions, yellow ORGANIC</a></td></tr><tr role="row" class="even"><td tabindex="0"><i class="fa fa-thumbs-down"></i></td><td class=" not_printable"><div class="addToGL" data-soscuisine-aisle="17" data-soscuisine-sip="3941993"><i class="fa fa-cart-plus" title="Add to My Grocery List"></i><div></div></div></td><td><img class="storeItemImage" itemprop="image" alt="potatoes" src="/media/images/store_item/65.jpg"></td><td>potatoes</td><td class="not_printable sorting_1">vegetables</td><td><img style="width:50%;" src="/media/images/logos/marchands/16.png" alt="Foodland"></td><td><span itemprop="price">$3.99</span><span itemprop="eligibleQuantity" itemscope="" itemtype="http://schema.org/QuantitativeValue">/<span itemprop="unitText">5lb (2,3kg)</span></span></td><td>$1.76/kg</td><td style="display: none;">2020-02-26</td><td style="display: none;">Canada</td><td style="display: none;">house brand</td><td style="display: none;"></td><td style="display: none;"></td><td style="display: none;"></td><td style="display: none;"></td><td style="display: none;"></td><td style="display: none;"><a class="recipeLink" href="/recipe_ingredient_search_results.php?query=(_QU5E__1__________65__[]_1_1)">Recipes with potatoes</a></td></tr><tr role="row" class="odd"><td tabindex="0"><i class="fa fa-thumbs-up"></i><i class="fa fa-thumbs-up"></i></td><td class=" not_printable"><div class="addToGL" data-soscuisine-aisle="17" data-soscuisine-sip="3944205"><i class="fa fa-cart-plus" title="Add to My Grocery List"></i><div></div></div></td><td><img class="storeItemImage" itemprop="image" alt="potatoes" src="/media/images/store_item/65.jpg"></td><td>potatoes</td><td class="not_printable sorting_1">vegetables</td><td><img style="width:50%;" src="/media/images/logos/marchands/70.png" alt="FreshCo"></td><td><span itemprop="price">$1.00</span><span itemprop="eligibleQuantity" itemscope="" itemtype="http://schema.org/QuantitativeValue">/<span itemprop="unitText">5lb (2,3kg)</span></span></td><td>$0.44/kg</td><td style="display: none;">2020-02-26</td><td style="display: none;">Ontario</td><td style="display: none;"></td><td style="display: none;"></td><td style="display: none;">white</td><td style="display: none;"></td><td style="display: none;"></td><td style="display: none;"></td><td style="display: none;"><a class="recipeLink" href="/recipe_ingredient_search_results.php?query=(_QU5E__1__________65__[]_1_1)">Recipes with potatoes</a></td></tr><tr role="row" class="even"><td tabindex="0"><i class="fa fa-thumbs-down"></i></td><td class=" not_printable"><div class="addToGL" data-soscuisine-aisle="17" data-soscuisine-sip="3941547"><i class="fa fa-cart-plus" title="Add to My Grocery List"></i><div></div></div></td><td><img class="storeItemImage" itemprop="image" alt="potatoes" src="/media/images/store_item/65.jpg"></td><td>potatoes</td><td class="not_printable sorting_1">vegetables</td><td><img style="width:50%;" src="/media/images/logos/marchands/19.png" alt="Loblaws"></td><td><span itemprop="price">$4.99</span><span itemprop="eligibleQuantity" itemscope="" itemtype="http://schema.org/QuantitativeValue">/<span itemprop="unitText">5lb (2,3kg)</span></span></td><td>$2.20/kg</td><td style="display: none;">2020-02-26</td><td style="display: none;">Canada</td><td style="display: none;"></td><td style="display: none;"></td><td style="display: none;">red, white, yellow</td><td style="display: none;"></td><td style="display: none;"></td><td style="display: none;"></td><td style="display: none;"><a class="recipeLink" href="/recipe_ingredient_search_results.php?query=(_QU5E__1__________65__[]_1_1)">Recipes with potatoes</a></td></tr><tr role="row" class="odd"><td tabindex="0"><i class="fas fa-hand-rock"></i></td><td class=" not_printable"><div class="addToGL" data-soscuisine-aisle="17" data-soscuisine-sip="3945795"><i class="fa fa-cart-plus" title="Add to My Grocery List"></i><div></div></div></td><td><img class="storeItemImage" itemprop="image" alt="potatoes" src="/media/images/store_item/65.jpg"></td><td>potatoes</td><td class="not_printable sorting_1">vegetables</td><td><img style="width:50%;" src="/media/images/logos/marchands/20.png" alt="Metro"></td><td><span itemprop="price">$2.99</span><span itemprop="eligibleQuantity" itemscope="" itemtype="http://schema.org/QuantitativeValue">/<span itemprop="unitText">5lb (2,3kg)</span></span></td><td>$1.32/kg</td><td style="display: none;">2020-02-26</td><td style="display: none;">Canada</td><td style="display: none;"></td><td style="display: none;"></td><td style="display: none;">Russet</td><td style="display: none;"></td><td style="display: none;"></td><td style="display: none;"></td><td style="display: none;"><a class="recipeLink" href="/recipe_ingredient_search_results.php?query=(_QU5E__1__________65__[]_1_1)">Recipes with potatoes</a></td></tr><tr role="row" class="even"><td tabindex="0"><i class="fas fa-hand-rock"></i></td><td class=" not_printable"><div class="addToGL" data-soscuisine-aisle="17" data-soscuisine-sip="3945443"><i class="fa fa-cart-plus" title="Add to My Grocery List"></i><div></div></div></td><td><img class="storeItemImage" itemprop="image" alt="potatoes" src="/media/images/store_item/65.jpg"></td><td>potatoes</td><td class="not_printable sorting_1">vegetables</td><td><img style="width:50%;" src="/media/images/logos/marchands/14.png" alt="No Frills"></td><td><span itemprop="price">$1.00</span><span itemprop="eligibleQuantity" itemscope="" itemtype="http://schema.org/QuantitativeValue">/<span itemprop="unitText">3lb (1,37kg)</span></span></td><td>$0.73/kg</td><td style="display: none;">2020-02-26</td><td style="display: none;">Canada</td><td style="display: none;"></td><td style="display: none;"></td><td style="display: none;">Russet</td><td style="display: none;"></td><td style="display: none;"></td><td style="display: none;">huckleberry, or yellow</td><td style="display: none;"><a class="recipeLink" href="/recipe_ingredient_search_results.php?query=(_QU5E__1__________65__[]_1_1)">Recipes with potatoes</a></td></tr><tr role="row" class="odd"><td tabindex="0"><i class="fa fa-thumbs-up"></i><i class="fa fa-thumbs-up"></i></td><td class=" not_printable"><div class="addToGL" data-soscuisine-aisle="17" data-soscuisine-sip="3944461"><i class="fa fa-cart-plus" title="Add to My Grocery List"></i><div></div></div></td><td><img class="storeItemImage" itemprop="image" alt="potatoes" src="/media/images/store_item/65.jpg"></td><td>potatoes</td><td class="not_printable sorting_1">vegetables</td><td><img style="width:50%;" src="/media/images/logos/marchands/17.png" alt="Price Chopper"></td><td><span itemprop="price">$1.00</span><span itemprop="eligibleQuantity" itemscope="" itemtype="http://schema.org/QuantitativeValue">/<span itemprop="unitText">5lb (2,3kg)</span></span></td><td>$0.44/kg</td><td style="display: none;">2020-02-26</td><td style="display: none;">Ontario</td><td style="display: none;"></td><td style="display: none;"></td><td style="display: none;">white</td><td style="display: none;"></td><td style="display: none;"></td><td style="display: none;"></td><td style="display: none;"><a class="recipeLink" href="/recipe_ingredient_search_results.php?query=(_QU5E__1__________65__[]_1_1)">Recipes with potatoes</a></td></tr><tr role="row" class="even"><td tabindex="0"><i class="fa fa-thumbs-up"></i><i class="fa fa-thumbs-up"></i></td><td class=" not_printable"><div class="addToGL" data-soscuisine-aisle="17" data-soscuisine-sip="3944695"><i class="fa fa-cart-plus" title="Add to My Grocery List"></i><div></div></div></td><td><img class="storeItemImage" itemprop="image" alt="potatoes" src="/media/images/store_item/65.jpg"></td><td>potatoes</td><td class="not_printable sorting_1">vegetables</td><td><img style="width:50%;" src="/media/images/logos/marchands/52.png" alt="Real Canadian Superstore"></td><td><span itemprop="price">$1.98</span><span itemprop="eligibleQuantity" itemscope="" itemtype="http://schema.org/QuantitativeValue">/<span itemprop="unitText">10lb (4,54kg)</span></span></td><td>$0.44/kg</td><td style="display: none;">2020-02-26</td><td style="display: none;">Canada</td><td style="display: none;">house brand</td><td style="display: none;"></td><td style="display: none;">white</td><td style="display: none;"></td><td style="display: none;"></td><td style="display: none;">or Russet</td><td style="display: none;"><a class="recipeLink" href="/recipe_ingredient_search_results.php?query=(_QU5E__1__________65__[]_1_1)">Recipes with potatoes</a></td></tr><tr role="row" class="odd"><td tabindex="0"><i class="fa fa-thumbs-down"></i></td><td class=" not_printable"><div class="addToGL" data-soscuisine-aisle="17" data-soscuisine-sip="3943307"><i class="fa fa-cart-plus" title="Add to My Grocery List"></i><div></div></div></td><td><img class="storeItemImage" itemprop="image" alt="potatoes" src="/media/images/store_item/65.jpg"></td><td>potatoes</td><td class="not_printable sorting_1">vegetables</td><td><img style="width:50%;" src="/media/images/logos/marchands/39.png" alt="Your Independent Grocer"></td><td><span itemprop="price">$4.99</span><span itemprop="eligibleQuantity" itemscope="" itemtype="http://schema.org/QuantitativeValue">/<span itemprop="unitText">5lb (2,3kg)</span></span></td><td>$2.20/kg</td><td style="display: none;">2020-02-26</td><td style="display: none;">Canada</td><td style="display: none;"></td><td style="display: none;"></td><td style="display: none;">red, white, yellow</td><td style="display: none;"></td><td style="display: none;"></td><td style="display: none;"></td><td style="display: none;"><a class="recipeLink" href="/recipe_ingredient_search_results.php?query=(_QU5E__1__________65__[]_1_1)">Recipes with potatoes</a></td></tr><tr role="row" class="even"><td tabindex="0"><i class="fas fa-hand-rock"></i></td><td class=" not_printable"><div class="addToGL" data-soscuisine-aisle="17" data-soscuisine-sip="3945765"><i class="fa fa-cart-plus" title="Add to My Grocery List"></i><div></div></div></td><td><img class="storeItemImage" itemprop="image" alt="potatoes ORGANIC" src="/media/images/store_item/694.jpg"></td><td>potatoes ORGANIC</td><td class="not_printable sorting_1">vegetables</td><td><img style="width:50%;" src="/media/images/logos/marchands/20.png" alt="Metro"></td><td><span itemprop="price">$3.99</span><span itemprop="eligibleQuantity" itemscope="" itemtype="http://schema.org/QuantitativeValue">/<span itemprop="unitText">3lb (1,37kg)</span></span></td><td>$2.93/kg</td><td style="display: none;">2020-02-26</td><td style="display: none;">USA</td><td style="display: none;"></td><td style="display: none;"></td><td style="display: none;">yellow</td><td style="display: none;"></td><td style="display: none;"></td><td style="display: none;"></td><td style="display: none;"><a class="recipeLink" href="/recipe_ingredient_search_results.php?query=(_QU5E__1__________694__[]_1_1)">Recipes with potatoes ORGANIC</a></td></tr><tr role="row" class="odd"><td tabindex="0"><i class="fas fa-exclamation"></i></td><td class=" not_printable"><div class="addToGL" data-soscuisine-aisle="17" data-soscuisine-sip="3941551"><i class="fa fa-cart-plus" title="Add to My Grocery List"></i><div></div></div></td><td><img class="storeItemImage" alt="potatoes, Yukon Gold" src="/media/images/store_item/blank.jpg"></td><td>potatoes, Yukon Gold</td><td class="not_printable sorting_1">vegetables</td><td><img style="width:50%;" src="/media/images/logos/marchands/19.png" alt="Loblaws"></td><td><span itemprop="price">$4.99</span><span itemprop="eligibleQuantity" itemscope="" itemtype="http://schema.org/QuantitativeValue">/<span itemprop="unitText">5lb (2,3kg)</span></span></td><td>$2.20/kg</td><td style="display: none;">2020-02-26</td><td style="display: none;">Canada</td><td style="display: none;"></td><td style="display: none;"></td><td style="display: none;"></td><td style="display: none;"></td><td style="display: none;"></td><td style="display: none;"></td><td style="display: none;"><a class="recipeLink" href="/recipe_ingredient_search_results.php?query=(_QU5E__1__________567__[]_1_1)">Recipes with potatoes, Yukon Gold</a></td></tr><tr role="row" class="even"><td tabindex="0"><i class="fas fa-exclamation"></i></td><td class=" not_printable"><div class="addToGL" data-soscuisine-aisle="17" data-soscuisine-sip="3943311"><i class="fa fa-cart-plus" title="Add to My Grocery List"></i><div></div></div></td><td><img class="storeItemImage" alt="potatoes, Yukon Gold" src="/media/images/store_item/blank.jpg"></td><td>potatoes, Yukon Gold</td><td class="not_printable sorting_1">vegetables</td><td><img style="width:50%;" src="/media/images/logos/marchands/39.png" alt="Your Independent Grocer"></td><td><span itemprop="price">$4.99</span><span itemprop="eligibleQuantity" itemscope="" itemtype="http://schema.org/QuantitativeValue">/<span itemprop="unitText">5lb (2,3kg)</span></span></td><td>$2.20/kg</td><td style="display: none;">2020-02-26</td><td style="display: none;">Canada</td><td style="display: none;"></td><td style="display: none;"></td><td style="display: none;"></td><td style="display: none;"></td><td style="display: none;"></td><td style="display: none;"></td><td style="display: none;"><a class="recipeLink" href="/recipe_ingredient_search_results.php?query=(_QU5E__1__________567__[]_1_1)">Recipes with potatoes, Yukon Gold</a></td></tr><tr role="row" class="odd"><td tabindex="0"><i class="fa fa-thumbs-down"></i></td><td class=" not_printable"><div class="addToGL" data-soscuisine-aisle="17" data-soscuisine-sip="3942001"><i class="fa fa-cart-plus" title="Add to My Grocery List"></i><div></div></div></td><td><img class="storeItemImage" itemprop="image" alt="rutabagas" src="/media/images/store_item/382.jpg"></td><td>rutabagas</td><td class="not_printable sorting_1">vegetables</td><td><img style="width:50%;" src="/media/images/logos/marchands/16.png" alt="Foodland"></td><td><span itemprop="price">$0.99</span><span itemprop="eligibleQuantity" itemscope="" itemtype="http://schema.org/QuantitativeValue">/<span itemprop="unitText">lb</span></span></td><td>$2.18/kg</td><td style="display: none;">2020-02-26</td><td style="display: none;">Canada</td><td style="display: none;"></td><td style="display: none;"></td><td style="display: none;"></td><td style="display: none;"></td><td style="display: none;"></td><td style="display: none;"></td><td style="display: none;"><a class="recipeLink" href="/recipe_ingredient_search_results.php?query=(_QU5E__1__________382__[]_1_1)">Recipes with rutabagas</a></td></tr><tr role="row" class="even"><td tabindex="0"><i class="fa fa-thumbs-up"></i><i class="fa fa-thumbs-up"></i></td><td class=" not_printable"><div class="addToGL" data-soscuisine-aisle="17" data-soscuisine-sip="3944701"><i class="fa fa-cart-plus" title="Add to My Grocery List"></i><div></div></div></td><td><img class="storeItemImage" itemprop="image" alt="rutabagas" src="/media/images/store_item/382.jpg"></td><td>rutabagas</td><td class="not_printable sorting_1">vegetables</td><td><img style="width:50%;" src="/media/images/logos/marchands/52.png" alt="Real Canadian Superstore"></td><td><span itemprop="price">$1.98</span><span itemprop="eligibleQuantity" itemscope="" itemtype="http://schema.org/QuantitativeValue">/<span itemprop="unitText">5lb (2,3kg)</span></span></td><td>$0.87/kg</td><td style="display: none;">2020-02-26</td><td style="display: none;">Canada</td><td style="display: none;"></td><td style="display: none;"></td><td style="display: none;"></td><td style="display: none;"></td><td style="display: none;"></td><td style="display: none;"></td><td style="display: none;"><a class="recipeLink" href="/recipe_ingredient_search_results.php?query=(_QU5E__1__________382__[]_1_1)">Recipes with rutabagas</a></td></tr><tr role="row" class="odd"><td tabindex="0"><i class="fas fa-hand-rock"></i></td><td class=" not_printable"><div class="addToGL" data-soscuisine-aisle="17" data-soscuisine-sip="3945071"><i class="fa fa-cart-plus" title="Add to My Grocery List"></i><div></div></div></td><td><img class="storeItemImage" itemprop="image" alt="small/baby potatoes (nugget)" src="/media/images/store_item/315.jpg"></td><td>small/baby potatoes (nugget)</td><td class="not_printable sorting_1">vegetables</td><td><img style="width:50%;" src="/media/images/logos/marchands/38.png" alt="Farm Boy"></td><td><span itemprop="price">$2.99</span><span itemprop="eligibleQuantity" itemscope="" itemtype="http://schema.org/QuantitativeValue">/<span itemprop="unitText">680g</span></span></td><td>$4.40/kg</td><td style="display: none;">2020-02-26</td><td style="display: none;">Canada</td><td style="display: none;">The Little Potato Company</td><td style="display: none;"></td><td style="display: none;"></td><td style="display: none;"></td><td style="display: none;"></td><td style="display: none;">or USA</td><td style="display: none;"><a class="recipeLink" href="/recipe_ingredient_search_results.php?query=(_QU5E__1__________315__[]_1_1)">Recipes with small/baby potatoes (nugget)</a></td></tr><tr role="row" class="even"><td tabindex="0"><i class="fas fa-hand-rock"></i></td><td class=" not_printable"><div class="addToGL" data-soscuisine-aisle="17" data-soscuisine-sip="3944741"><i class="fa fa-cart-plus" title="Add to My Grocery List"></i><div></div></div></td><td><img class="storeItemImage" itemprop="image" alt="small/baby potatoes (nugget)" src="/media/images/store_item/315.jpg"></td><td>small/baby potatoes (nugget)</td><td class="not_printable sorting_1">vegetables</td><td><img style="width:50%;" src="/media/images/logos/marchands/52.png" alt="Real Canadian Superstore"></td><td><span itemprop="price">$2.98</span><span itemprop="eligibleQuantity" itemscope="" itemtype="http://schema.org/QuantitativeValue">/<span itemprop="unitText">24oz (680g)</span></span></td><td>$4.38/kg</td><td style="display: none;">2020-02-26</td><td style="display: none;">Canada</td><td style="display: none;">house brand</td><td style="display: none;"></td><td style="display: none;">red, yellow</td><td style="display: none;"></td><td style="display: none;"></td><td style="display: none;">or mixed</td><td style="display: none;"><a class="recipeLink" href="/recipe_ingredient_search_results.php?query=(_QU5E__1__________315__[]_1_1)">Recipes with small/baby potatoes (nugget)</a></td></tr><tr role="row" class="odd"><td tabindex="0"><i class="fa fa-thumbs-up"></i><i class="fa fa-thumbs-up"></i></td><td class=" not_printable"><div class="addToGL" data-soscuisine-aisle="17" data-soscuisine-sip="3945069"><i class="fa fa-cart-plus" title="Add to My Grocery List"></i><div></div></div></td><td><img class="storeItemImage" alt="snow peas" src="/media/images/store_item/blank.jpg"></td><td>snow peas</td><td class="not_printable sorting_1">vegetables</td><td><img style="width:50%;" src="/media/images/logos/marchands/38.png" alt="Farm Boy"></td><td><span itemprop="price">$2.49</span><span itemprop="eligibleQuantity" itemscope="" itemtype="http://schema.org/QuantitativeValue">/<span itemprop="unitText">lb</span></span></td><td>$5.49/kg</td><td style="display: none;">2020-02-26</td><td style="display: none;">Guatemala</td><td style="display: none;"></td><td style="display: none;"></td><td style="display: none;"></td><td style="display: none;"></td><td style="display: none;"></td><td style="display: none;"></td><td style="display: none;"><a class="recipeLink" href="/recipe_ingredient_search_results.php?query=(_QU5E__1__________119__[]_1_1)">Recipes with snow peas</a></td></tr><tr role="row" class="even"><td tabindex="0"><i class="fas fa-circle"></i></td><td class=" not_printable"><div class="addToGL" data-soscuisine-aisle="17" data-soscuisine-sip="3945059"><i class="fa fa-cart-plus" title="Add to My Grocery List"></i><div></div></div></td><td><img class="storeItemImage" itemprop="image" alt="spinach" src="/media/images/store_item/121.jpg"></td><td>spinach</td><td class="not_printable sorting_1">vegetables</td><td><img style="width:50%;" src="/media/images/logos/marchands/38.png" alt="Farm Boy"></td><td><span itemprop="price">$5.00</span><span itemprop="eligibleQuantity" itemscope="" itemtype="http://schema.org/QuantitativeValue">/<span itemprop="value">3</span>x<span itemprop="unitText">bunch</span></span></td><td>N/A</td><td style="display: none;">2020-02-26</td><td style="display: none;">USA</td><td style="display: none;"></td><td style="display: none;">standard</td><td style="display: none;"></td><td style="display: none;"></td><td style="display: none;"></td><td style="display: none;"></td><td style="display: none;"><a class="recipeLink" href="/recipe_ingredient_search_results.php?query=(_QU5E__1__________121__[]_1_1)">Recipes with spinach</a></td></tr><tr role="row" class="odd"><td tabindex="0"><i class="fas fa-circle"></i></td><td class=" not_printable"><div class="addToGL" data-soscuisine-aisle="17" data-soscuisine-sip="3944387"><i class="fa fa-cart-plus" title="Add to My Grocery List"></i><div></div></div></td><td><img class="storeItemImage" itemprop="image" alt="spinach" src="/media/images/store_item/121.jpg"></td><td>spinach</td><td class="not_printable sorting_1">vegetables</td><td><img style="width:50%;" src="/media/images/logos/marchands/70.png" alt="FreshCo"></td><td><span itemprop="price">$1.50</span><span itemprop="eligibleQuantity" itemscope="" itemtype="http://schema.org/QuantitativeValue">/<span itemprop="unitText">bunch</span></span></td><td>N/A</td><td style="display: none;">2020-02-26</td><td style="display: none;">USA</td><td style="display: none;"></td><td style="display: none;">standard</td><td style="display: none;"></td><td style="display: none;"></td><td style="display: none;"></td><td style="display: none;">participating stores</td><td style="display: none;"><a class="recipeLink" href="/recipe_ingredient_search_results.php?query=(_QU5E__1__________121__[]_1_1)">Recipes with spinach</a></td></tr><tr role="row" class="even"><td tabindex="0"><i class="fa fa-thumbs-up"></i><i class="fa fa-thumbs-up"></i></td><td class=" not_printable"><div class="addToGL" data-soscuisine-aisle="17" data-soscuisine-sip="3945439"><i class="fa fa-cart-plus" title="Add to My Grocery List"></i><div></div></div></td><td><img class="storeItemImage" itemprop="image" alt="spinach" src="/media/images/store_item/121.jpg"></td><td>spinach</td><td class="not_printable sorting_1">vegetables</td><td><img style="width:50%;" src="/media/images/logos/marchands/14.png" alt="No Frills"></td><td><span itemprop="price">$1.00</span><span itemprop="eligibleQuantity" itemscope="" itemtype="http://schema.org/QuantitativeValue">/<span itemprop="unitText">8oz (227g)</span></span></td><td>$4.41/kg</td><td style="display: none;">2020-02-26</td><td style="display: none;">USA</td><td style="display: none;"></td><td style="display: none;"></td><td style="display: none;"></td><td style="display: none;"></td><td style="display: none;"></td><td style="display: none;"></td><td style="display: none;"><a class="recipeLink" href="/recipe_ingredient_search_results.php?query=(_QU5E__1__________121__[]_1_1)">Recipes with spinach</a></td></tr><tr role="row" class="odd"><td tabindex="0"><i class="fa fa-thumbs-up"></i><i class="fa fa-thumbs-up"></i></td><td class=" not_printable"><div class="addToGL" data-soscuisine-aisle="17" data-soscuisine-sip="3945065"><i class="fa fa-cart-plus" title="Add to My Grocery List"></i><div></div></div></td><td><img class="storeItemImage" itemprop="image" alt="sugar snap peas" src="/media/images/store_item/794.jpg"></td><td>sugar snap peas</td><td class="not_printable sorting_1">vegetables</td><td><img style="width:50%;" src="/media/images/logos/marchands/38.png" alt="Farm Boy"></td><td><span itemprop="price">$2.49</span><span itemprop="eligibleQuantity" itemscope="" itemtype="http://schema.org/QuantitativeValue">/<span itemprop="unitText">lb</span></span></td><td>$5.49/kg</td><td style="display: none;">2020-02-26</td><td style="display: none;">Guatemala</td><td style="display: none;"></td><td style="display: none;"></td><td style="display: none;"></td><td style="display: none;"></td><td style="display: none;"></td><td style="display: none;"></td><td style="display: none;"><a class="recipeLink" href="/recipe_ingredient_search_results.php?query=(_QU5E__1__________794__[]_1_1)">Recipes with sugar snap peas</a></td></tr><tr role="row" class="even"><td tabindex="0"><i class="fas fa-hand-rock"></i></td><td class=" not_printable"><div class="addToGL" data-soscuisine-aisle="17" data-soscuisine-sip="3945607"><i class="fa fa-cart-plus" title="Add to My Grocery List"></i><div></div></div></td><td><img class="storeItemImage" itemprop="image" alt="sweet peppers, red" src="/media/images/store_item/291.jpg"></td><td>sweet peppers, red</td><td class="not_printable sorting_1">vegetables</td><td><img style="width:50%;" src="/media/images/logos/marchands/18.png" alt="Food Basics"></td><td><span itemprop="price">$3.88</span><span itemprop="eligibleQuantity" itemscope="" itemtype="http://schema.org/QuantitativeValue">/<span itemprop="unitText">4-pack</span></span></td><td>$7.76/kg</td><td style="display: none;">2020-02-26</td><td style="display: none;">Mexico</td><td style="display: none;"></td><td style="display: none;">standard</td><td style="display: none;">orange, red, yellow</td><td style="display: none;"></td><td style="display: none;"></td><td style="display: none;"></td><td style="display: none;"><a class="recipeLink" href="/recipe_ingredient_search_results.php?query=(_QU5E__1__________291__[]_1_1)">Recipes with sweet peppers, red</a></td></tr><tr role="row" class="odd"><td tabindex="0"><i class="fa fa-thumbs-up"></i></td><td class=" not_printable"><div class="addToGL" data-soscuisine-aisle="17" data-soscuisine-sip="3944391"><i class="fa fa-cart-plus" title="Add to My Grocery List"></i><div></div></div></td><td><img class="storeItemImage" itemprop="image" alt="sweet peppers, red" src="/media/images/store_item/291.jpg"></td><td>sweet peppers, red</td><td class="not_printable sorting_1">vegetables</td><td><img style="width:50%;" src="/media/images/logos/marchands/70.png" alt="FreshCo"></td><td><span itemprop="price">$2.50</span><span itemprop="eligibleQuantity" itemscope="" itemtype="http://schema.org/QuantitativeValue">/<span itemprop="unitText">lb</span></span></td><td>$5.51/kg</td><td style="display: none;">2020-02-26</td><td style="display: none;">Mexico</td><td style="display: none;"></td><td style="display: none;"></td><td style="display: none;">greenhouse</td><td style="display: none;"></td><td style="display: none;"></td><td style="display: none;">participating stores</td><td style="display: none;"><a class="recipeLink" href="/recipe_ingredient_search_results.php?query=(_QU5E__1__________291__[]_1_1)">Recipes with sweet peppers, red</a></td></tr><tr role="row" class="even"><td tabindex="0"><i class="fa fa-thumbs-down"></i></td><td class=" not_printable"><div class="addToGL" data-soscuisine-aisle="17" data-soscuisine-sip="3941541"><i class="fa fa-cart-plus" title="Add to My Grocery List"></i><div></div></div></td><td><img class="storeItemImage" itemprop="image" alt="sweet peppers, red" src="/media/images/store_item/291.jpg"></td><td>sweet peppers, red</td><td class="not_printable sorting_1">vegetables</td><td><img style="width:50%;" src="/media/images/logos/marchands/19.png" alt="Loblaws"></td><td><span itemprop="price">$4.99</span><span itemprop="eligibleQuantity" itemscope="" itemtype="http://schema.org/QuantitativeValue">/<span itemprop="unitText">3-pack</span></span></td><td>$13.31/kg</td><td style="display: none;">2020-02-26</td><td style="display: none;">Mexico</td><td style="display: none;">house brand</td><td style="display: none;">standard</td><td style="display: none;">orange, red, yellow</td><td style="display: none;"></td><td style="display: none;"></td><td style="display: none;"></td><td style="display: none;"><a class="recipeLink" href="/recipe_ingredient_search_results.php?query=(_QU5E__1__________291__[]_1_1)">Recipes with sweet peppers, red</a></td></tr><tr role="row" class="odd"><td tabindex="0"><i class="fas fa-hand-rock"></i></td><td class=" not_printable"><div class="addToGL" data-soscuisine-aisle="17" data-soscuisine-sip="3945785"><i class="fa fa-cart-plus" title="Add to My Grocery List"></i><div></div></div></td><td><img class="storeItemImage" itemprop="image" alt="sweet peppers, red" src="/media/images/store_item/291.jpg"></td><td>sweet peppers, red</td><td class="not_printable sorting_1">vegetables</td><td><img style="width:50%;" src="/media/images/logos/marchands/20.png" alt="Metro"></td><td><span itemprop="price">$3.49</span><span itemprop="eligibleQuantity" itemscope="" itemtype="http://schema.org/QuantitativeValue">/<span itemprop="unitText">lb</span></span></td><td>$7.69/kg</td><td style="display: none;">2020-02-26</td><td style="display: none;">Mexico</td><td style="display: none;"></td><td style="display: none;"></td><td style="display: none;">orange, red, yellow</td><td style="display: none;"></td><td style="display: none;"></td><td style="display: none;"></td><td style="display: none;"><a class="recipeLink" href="/recipe_ingredient_search_results.php?query=(_QU5E__1__________291__[]_1_1)">Recipes with sweet peppers, red</a></td></tr><tr role="row" class="even"><td tabindex="0"><i class="fas fa-hand-rock"></i></td><td class=" not_printable"><div class="addToGL" data-soscuisine-aisle="17" data-soscuisine-sip="3944861"><i class="fa fa-cart-plus" title="Add to My Grocery List"></i><div></div></div></td><td><img class="storeItemImage" itemprop="image" alt="sweet peppers, red" src="/media/images/store_item/291.jpg"></td><td>sweet peppers, red</td><td class="not_printable sorting_1">vegetables</td><td><img style="width:50%;" src="/media/images/logos/marchands/52.png" alt="Real Canadian Superstore"></td><td><span itemprop="price">$3.98</span><span itemprop="eligibleQuantity" itemscope="" itemtype="http://schema.org/QuantitativeValue">/<span itemprop="unitText">4-pack</span></span></td><td>$7.96/kg</td><td style="display: none;">2020-02-26</td><td style="display: none;">Mexico</td><td style="display: none;">house brand</td><td style="display: none;">standard</td><td style="display: none;">red, yellow</td><td style="display: none;"></td><td style="display: none;"></td><td style="display: none;"></td><td style="display: none;"><a class="recipeLink" href="/recipe_ingredient_search_results.php?query=(_QU5E__1__________291__[]_1_1)">Recipes with sweet peppers, red</a></td></tr><tr role="row" class="odd"><td tabindex="0"><i class="fa fa-thumbs-down"></i></td><td class=" not_printable"><div class="addToGL" data-soscuisine-aisle="17" data-soscuisine-sip="3943305"><i class="fa fa-cart-plus" title="Add to My Grocery List"></i><div></div></div></td><td><img class="storeItemImage" itemprop="image" alt="sweet peppers, red" src="/media/images/store_item/291.jpg"></td><td>sweet peppers, red</td><td class="not_printable sorting_1">vegetables</td><td><img style="width:50%;" src="/media/images/logos/marchands/39.png" alt="Your Independent Grocer"></td><td><span itemprop="price">$5.99</span><span itemprop="eligibleQuantity" itemscope="" itemtype="http://schema.org/QuantitativeValue">/<span itemprop="unitText">3-pack</span></span></td><td>$15.97/kg</td><td style="display: none;">2020-02-26</td><td style="display: none;">Mexico</td><td style="display: none;">house brand</td><td style="display: none;">standard</td><td style="display: none;">orange, red, yellow</td><td style="display: none;"></td><td style="display: none;"></td><td style="display: none;"></td><td style="display: none;"><a class="recipeLink" href="/recipe_ingredient_search_results.php?query=(_QU5E__1__________291__[]_1_1)">Recipes with sweet peppers, red</a></td></tr><tr role="row" class="even"><td tabindex="0"><i class="fas fa-hand-rock"></i></td><td class=" not_printable"><div class="addToGL" data-soscuisine-aisle="17" data-soscuisine-sip="3944207"><i class="fa fa-cart-plus" title="Add to My Grocery List"></i><div></div></div></td><td><img class="storeItemImage" itemprop="image" alt="sweet potatoes/yams" src="/media/images/store_item/90.jpg"></td><td>sweet potatoes/yams</td><td class="not_printable sorting_1">vegetables</td><td><img style="width:50%;" src="/media/images/logos/marchands/70.png" alt="FreshCo"></td><td><span itemprop="price">$1.00</span><span itemprop="eligibleQuantity" itemscope="" itemtype="http://schema.org/QuantitativeValue">/<span itemprop="unitText">lb</span></span></td><td>$2.20/kg</td><td style="display: none;">2020-02-26</td><td style="display: none;">Ontario</td><td style="display: none;"></td><td style="display: none;"></td><td style="display: none;"></td><td style="display: none;"></td><td style="display: none;"></td><td style="display: none;"></td><td style="display: none;"><a class="recipeLink" href="/recipe_ingredient_search_results.php?query=(_QU5E__1__________90__[]_1_1)">Recipes with sweet potatoes/yams</a></td></tr><tr role="row" class="odd"><td tabindex="0"><i class="fa fa-thumbs-up"></i></td><td class=" not_printable"><div class="addToGL" data-soscuisine-aisle="17" data-soscuisine-sip="3941693"><i class="fa fa-cart-plus" title="Add to My Grocery List"></i><div></div></div></td><td><img class="storeItemImage" itemprop="image" alt="sweet potatoes/yams" src="/media/images/store_item/90.jpg"></td><td>sweet potatoes/yams</td><td class="not_printable sorting_1">vegetables</td><td><img style="width:50%;" src="/media/images/logos/marchands/19.png" alt="Loblaws"></td><td><span itemprop="price">$4.79</span><span itemprop="eligibleQuantity" itemscope="" itemtype="http://schema.org/QuantitativeValue">/<span itemprop="unitText">5lb (2,3kg)</span></span></td><td>$2.11/kg</td><td style="display: none;">2020-02-26</td><td style="display: none;">Ontario</td><td style="display: none;">house brand</td><td style="display: none;"></td><td style="display: none;"></td><td style="display: none;"></td><td style="display: none;"></td><td style="display: none;"></td><td style="display: none;"><a class="recipeLink" href="/recipe_ingredient_search_results.php?query=(_QU5E__1__________90__[]_1_1)">Recipes with sweet potatoes/yams</a></td></tr><tr role="row" class="even"><td tabindex="0"><i class="fas fa-hand-rock"></i></td><td class=" not_printable"><div class="addToGL" data-soscuisine-aisle="17" data-soscuisine-sip="3945345"><i class="fa fa-cart-plus" title="Add to My Grocery List"></i><div></div></div></td><td><img class="storeItemImage" itemprop="image" alt="sweet potatoes/yams" src="/media/images/store_item/90.jpg"></td><td>sweet potatoes/yams</td><td class="not_printable sorting_1">vegetables</td><td><img style="width:50%;" src="/media/images/logos/marchands/14.png" alt="No Frills"></td><td><span itemprop="price">$1.00</span><span itemprop="eligibleQuantity" itemscope="" itemtype="http://schema.org/QuantitativeValue">/<span itemprop="unitText">lb</span></span></td><td>$2.20/kg</td><td style="display: none;">2020-02-26</td><td style="display: none;">Ontario</td><td style="display: none;"></td><td style="display: none;"></td><td style="display: none;"></td><td style="display: none;"></td><td style="display: none;"></td><td style="display: none;"></td><td style="display: none;"><a class="recipeLink" href="/recipe_ingredient_search_results.php?query=(_QU5E__1__________90__[]_1_1)">Recipes with sweet potatoes/yams</a></td></tr><tr role="row" class="odd"><td tabindex="0"><i class="fas fa-hand-rock"></i></td><td class=" not_printable"><div class="addToGL" data-soscuisine-aisle="17" data-soscuisine-sip="3944463"><i class="fa fa-cart-plus" title="Add to My Grocery List"></i><div></div></div></td><td><img class="storeItemImage" itemprop="image" alt="sweet potatoes/yams" src="/media/images/store_item/90.jpg"></td><td>sweet potatoes/yams</td><td class="not_printable sorting_1">vegetables</td><td><img style="width:50%;" src="/media/images/logos/marchands/17.png" alt="Price Chopper"></td><td><span itemprop="price">$1.00</span><span itemprop="eligibleQuantity" itemscope="" itemtype="http://schema.org/QuantitativeValue">/<span itemprop="unitText">lb</span></span></td><td>$2.20/kg</td><td style="display: none;">2020-02-26</td><td style="display: none;">Ontario</td><td style="display: none;"></td><td style="display: none;"></td><td style="display: none;"></td><td style="display: none;"></td><td style="display: none;"></td><td style="display: none;"></td><td style="display: none;"><a class="recipeLink" href="/recipe_ingredient_search_results.php?query=(_QU5E__1__________90__[]_1_1)">Recipes with sweet potatoes/yams</a></td></tr><tr role="row" class="even"><td tabindex="0"><i class="fa fa-thumbs-up"></i><i class="fa fa-thumbs-up"></i></td><td class=" not_printable"><div class="addToGL" data-soscuisine-aisle="17" data-soscuisine-sip="3941301"><i class="fa fa-cart-plus" title="Add to My Grocery List"></i><div></div></div></td><td><img class="storeItemImage" itemprop="image" alt="sweet potatoes/yams" src="/media/images/store_item/90.jpg"></td><td>sweet potatoes/yams</td><td class="not_printable sorting_1">vegetables</td><td><img style="width:50%;" src="/media/images/logos/marchands/74.png" alt="Walmart"></td><td><span itemprop="price">$0.67</span><span itemprop="eligibleQuantity" itemscope="" itemtype="http://schema.org/QuantitativeValue">/<span itemprop="unitText">lb</span></span></td><td>$1.48/kg</td><td style="display: none;">2020-02-26</td><td style="display: none;">Ontario</td><td style="display: none;"></td><td style="display: none;"></td><td style="display: none;"></td><td style="display: none;"></td><td style="display: none;"></td><td style="display: none;">supercentres only</td><td style="display: none;"><a class="recipeLink" href="/recipe_ingredient_search_results.php?query=(_QU5E__1__________90__[]_1_1)">Recipes with sweet potatoes/yams</a></td></tr><tr role="row" class="odd"><td tabindex="0"><i class="fas fa-hand-rock"></i></td><td class=" not_printable"><div class="addToGL" data-soscuisine-aisle="17" data-soscuisine-sip="3943341"><i class="fa fa-cart-plus" title="Add to My Grocery List"></i><div></div></div></td><td><img class="storeItemImage" itemprop="image" alt="sweet potatoes/yams" src="/media/images/store_item/90.jpg"></td><td>sweet potatoes/yams</td><td class="not_printable sorting_1">vegetables</td><td><img style="width:50%;" src="/media/images/logos/marchands/39.png" alt="Your Independent Grocer"></td><td><span itemprop="price">$4.99</span><span itemprop="eligibleQuantity" itemscope="" itemtype="http://schema.org/QuantitativeValue">/<span itemprop="unitText">5lb (2,3kg)</span></span></td><td>$2.20/kg</td><td style="display: none;">2020-02-26</td><td style="display: none;">Ontario</td><td style="display: none;">house brand</td><td style="display: none;"></td><td style="display: none;"></td><td style="display: none;"></td><td style="display: none;"></td><td style="display: none;"></td><td style="display: none;"><a class="recipeLink" href="/recipe_ingredient_search_results.php?query=(_QU5E__1__________90__[]_1_1)">Recipes with sweet potatoes/yams</a></td></tr><tr role="row" class="even"><td tabindex="0"><i class="fas fa-hand-rock"></i></td><td class=" not_printable"><div class="addToGL" data-soscuisine-aisle="17" data-soscuisine-sip="3945577"><i class="fa fa-cart-plus" title="Add to My Grocery List"></i><div></div></div></td><td><img class="storeItemImage" itemprop="image" alt="tomatoes" src="/media/images/store_item/9.jpg"></td><td>tomatoes</td><td class="not_printable sorting_1">vegetables</td><td><img style="width:50%;" src="/media/images/logos/marchands/18.png" alt="Food Basics"></td><td><span itemprop="price">$1.88</span><span itemprop="eligibleQuantity" itemscope="" itemtype="http://schema.org/QuantitativeValue">/<span itemprop="unitText">lb</span></span></td><td>$4.14/kg</td><td style="display: none;">2020-02-26</td><td style="display: none;">Mexico</td><td style="display: none;"></td><td style="display: none;"></td><td style="display: none;">greenhouse</td><td style="display: none;"></td><td style="display: none;"></td><td style="display: none;"></td><td style="display: none;"><a class="recipeLink" href="/recipe_ingredient_search_results.php?query=(_QU5E__1__________9__[]_1_1)">Recipes with tomatoes</a></td></tr><tr role="row" class="odd"><td tabindex="0"><i class="fa fa-thumbs-down"></i></td><td class=" not_printable"><div class="addToGL" data-soscuisine-aisle="17" data-soscuisine-sip="3941689"><i class="fa fa-cart-plus" title="Add to My Grocery List"></i><div></div></div></td><td><img class="storeItemImage" itemprop="image" alt="tomatoes" src="/media/images/store_item/9.jpg"></td><td>tomatoes</td><td class="not_printable sorting_1">vegetables</td><td><img style="width:50%;" src="/media/images/logos/marchands/19.png" alt="Loblaws"></td><td><span itemprop="price">$2.99</span><span itemprop="eligibleQuantity" itemscope="" itemtype="http://schema.org/QuantitativeValue">/<span itemprop="unitText">lb</span></span></td><td>$6.59/kg</td><td style="display: none;">2020-02-26</td><td style="display: none;">Ontario</td><td style="display: none;"></td><td style="display: none;"></td><td style="display: none;">red, vine, greenhouse</td><td style="display: none;"></td><td style="display: none;"></td><td style="display: none;"></td><td style="display: none;"><a class="recipeLink" href="/recipe_ingredient_search_results.php?query=(_QU5E__1__________9__[]_1_1)">Recipes with tomatoes</a></td></tr><tr role="row" class="even"><td tabindex="0"><i class="fa fa-thumbs-down"></i></td><td class=" not_printable"><div class="addToGL" data-soscuisine-aisle="17" data-soscuisine-sip="3945803"><i class="fa fa-cart-plus" title="Add to My Grocery List"></i><div></div></div></td><td><img class="storeItemImage" itemprop="image" alt="tomatoes" src="/media/images/store_item/9.jpg"></td><td>tomatoes</td><td class="not_printable sorting_1">vegetables</td><td><img style="width:50%;" src="/media/images/logos/marchands/20.png" alt="Metro"></td><td><span itemprop="price">$2.99</span><span itemprop="eligibleQuantity" itemscope="" itemtype="http://schema.org/QuantitativeValue">/<span itemprop="unitText">lb</span></span></td><td>$6.59/kg</td><td style="display: none;">2020-02-26</td><td style="display: none;">Ontario</td><td style="display: none;"></td><td style="display: none;"></td><td style="display: none;">on the vine</td><td style="display: none;"></td><td style="display: none;"></td><td style="display: none;"></td><td style="display: none;"><a class="recipeLink" href="/recipe_ingredient_search_results.php?query=(_QU5E__1__________9__[]_1_1)">Recipes with tomatoes</a></td></tr><tr role="row" class="odd"><td tabindex="0"><i class="fa fa-thumbs-down"></i></td><td class=" not_printable"><div class="addToGL" data-soscuisine-aisle="17" data-soscuisine-sip="3945791"><i class="fa fa-cart-plus" title="Add to My Grocery List"></i><div></div></div></td><td><img class="storeItemImage" itemprop="image" alt="tomatoes" src="/media/images/store_item/9.jpg"></td><td>tomatoes</td><td class="not_printable sorting_1">vegetables</td><td><img style="width:50%;" src="/media/images/logos/marchands/20.png" alt="Metro"></td><td><span itemprop="price">$3.99</span><span itemprop="eligibleQuantity" itemscope="" itemtype="http://schema.org/QuantitativeValue">/<span itemprop="unitText">454g (1lb)</span></span></td><td>$8.80/kg</td><td style="display: none;">2020-02-26</td><td style="display: none;">Ontario</td><td style="display: none;"></td><td style="display: none;"></td><td style="display: none;">on the vine</td><td style="display: none;"></td><td style="display: none;"></td><td style="display: none;"></td><td style="display: none;"><a class="recipeLink" href="/recipe_ingredient_search_results.php?query=(_QU5E__1__________9__[]_1_1)">Recipes with tomatoes</a></td></tr><tr role="row" class="even"><td tabindex="0"><i class="fa fa-thumbs-down"></i></td><td class=" not_printable"><div class="addToGL" data-soscuisine-aisle="17" data-soscuisine-sip="3941311"><i class="fa fa-cart-plus" title="Add to My Grocery List"></i><div></div></div></td><td><img class="storeItemImage" itemprop="image" alt="tomatoes" src="/media/images/store_item/9.jpg"></td><td>tomatoes</td><td class="not_printable sorting_1">vegetables</td><td><img style="width:50%;" src="/media/images/logos/marchands/74.png" alt="Walmart"></td><td><span itemprop="price">$2.47</span><span itemprop="eligibleQuantity" itemscope="" itemtype="http://schema.org/QuantitativeValue">/<span itemprop="unitText">lb</span></span></td><td>$5.45/kg</td><td style="display: none;">2020-02-26</td><td style="display: none;">Mexico</td><td style="display: none;"></td><td style="display: none;"></td><td style="display: none;">on the vine</td><td style="display: none;"></td><td style="display: none;"></td><td style="display: none;">supercentres only</td><td style="display: none;"><a class="recipeLink" href="/recipe_ingredient_search_results.php?query=(_QU5E__1__________9__[]_1_1)">Recipes with tomatoes</a></td></tr><tr role="row" class="odd"><td tabindex="0"><i class="fa fa-thumbs-down"></i></td><td class=" not_printable"><div class="addToGL" data-soscuisine-aisle="17" data-soscuisine-sip="3943337"><i class="fa fa-cart-plus" title="Add to My Grocery List"></i><div></div></div></td><td><img class="storeItemImage" itemprop="image" alt="tomatoes" src="/media/images/store_item/9.jpg"></td><td>tomatoes</td><td class="not_printable sorting_1">vegetables</td><td><img style="width:50%;" src="/media/images/logos/marchands/39.png" alt="Your Independent Grocer"></td><td><span itemprop="price">$2.99</span><span itemprop="eligibleQuantity" itemscope="" itemtype="http://schema.org/QuantitativeValue">/<span itemprop="unitText">lb</span></span></td><td>$6.59/kg</td><td style="display: none;">2020-02-26</td><td style="display: none;">Ontario</td><td style="display: none;"></td><td style="display: none;"></td><td style="display: none;">red, vine, greenhouse</td><td style="display: none;"></td><td style="display: none;"></td><td style="display: none;"></td><td style="display: none;"><a class="recipeLink" href="/recipe_ingredient_search_results.php?query=(_QU5E__1__________9__[]_1_1)">Recipes with tomatoes</a></td></tr><tr role="row" class="even"><td tabindex="0"><i class="fa fa-thumbs-up"></i></td><td class=" not_printable"><div class="addToGL" data-soscuisine-aisle="17" data-soscuisine-sip="3944781"><i class="fa fa-cart-plus" title="Add to My Grocery List"></i><div></div></div></td><td><img class="storeItemImage" itemprop="image" alt="tomatoes ORGANIC" src="/media/images/store_item/682.jpg"></td><td>tomatoes ORGANIC</td><td class="not_printable sorting_1">vegetables</td><td><img style="width:50%;" src="/media/images/logos/marchands/52.png" alt="Real Canadian Superstore"></td><td><span itemprop="price">$2.98</span><span itemprop="eligibleQuantity" itemscope="" itemtype="http://schema.org/QuantitativeValue">/<span itemprop="unitText">lb</span></span></td><td>$6.57/kg</td><td style="display: none;">2020-02-26</td><td style="display: none;">Canada</td><td style="display: none;">house brand</td><td style="display: none;"></td><td style="display: none;">on the vine</td><td style="display: none;"></td><td style="display: none;"></td><td style="display: none;">or Mexico</td><td style="display: none;"><a class="recipeLink" href="/recipe_ingredient_search_results.php?query=(_QU5E__1__________682__[]_1_1)">Recipes with tomatoes ORGANIC</a></td></tr><tr role="row" class="odd"><td tabindex="0"><i class="fas fa-hand-rock"></i></td><td class=" not_printable"><div class="addToGL" data-soscuisine-aisle="15" data-soscuisine-sip="3944379"><i class="fa fa-cart-plus" title="Add to My Grocery List"></i><div></div></div></td><td><img class="storeItemImage" alt="cilantro, fresh" src="/media/images/store_item/blank.jpg"></td><td>cilantro, fresh</td><td class="not_printable sorting_1">fresh herbs</td><td><img style="width:50%;" src="/media/images/logos/marchands/70.png" alt="FreshCo"></td><td><span itemprop="price">$0.75</span><span itemprop="eligibleQuantity" itemscope="" itemtype="http://schema.org/QuantitativeValue">/bunch</span></td><td>$0.75/100g</td><td style="display: none;">2020-02-26</td><td style="display: none;">USA</td><td style="display: none;"></td><td style="display: none;">standard</td><td style="display: none;"></td><td style="display: none;"></td><td style="display: none;"></td><td style="display: none;">participating stores</td><td style="display: none;"><a class="recipeLink" href="/recipe_ingredient_search_results.php?query=(_QU5E__1__________30__[]_1_1)">Recipes with cilantro, fresh</a></td></tr><tr role="row" class="even"><td tabindex="0"><i class="fas fa-hand-rock"></i></td><td class=" not_printable"><div class="addToGL" data-soscuisine-aisle="15" data-soscuisine-sip="3944943"><i class="fa fa-cart-plus" title="Add to My Grocery List"></i><div></div></div></td><td><img class="storeItemImage" alt="cilantro, fresh" src="/media/images/store_item/blank.jpg"></td><td>cilantro, fresh</td><td class="not_printable sorting_1">fresh herbs</td><td><img style="width:50%;" src="/media/images/logos/marchands/52.png" alt="Real Canadian Superstore"></td><td><span itemprop="price">$0.88</span><span itemprop="eligibleQuantity" itemscope="" itemtype="http://schema.org/QuantitativeValue">/bunch</span></td><td>$0.88/100g</td><td style="display: none;">2020-02-26</td><td style="display: none;">USA</td><td style="display: none;"></td><td style="display: none;">standard</td><td style="display: none;"></td><td style="display: none;"></td><td style="display: none;"></td><td style="display: none;">selected stores only</td><td style="display: none;"><a class="recipeLink" href="/recipe_ingredient_search_results.php?query=(_QU5E__1__________30__[]_1_1)">Recipes with cilantro, fresh</a></td></tr><tr role="row" class="odd"><td tabindex="0"><i class="fa fa-thumbs-up"></i><i class="fa fa-thumbs-up"></i></td><td class=" not_printable"><div class="addToGL" data-soscuisine-aisle="5" data-soscuisine-sip="3945459"><i class="fa fa-cart-plus" title="Add to My Grocery List"></i><div></div></div></td><td><img class="storeItemImage" alt="butter" src="/media/images/store_item/blank.jpg"></td><td>butter</td><td class="not_printable sorting_1">dairy products &amp; eggs</td><td><img style="width:50%;" src="/media/images/logos/marchands/18.png" alt="Food Basics"></td><td><span itemprop="price">$2.97</span><span itemprop="eligibleQuantity" itemscope="" itemtype="http://schema.org/QuantitativeValue">/<span itemprop="unitText">454g (1lb)</span></span></td><td>$6.55/kg</td><td style="display: none;">2020-02-26</td><td style="display: none;"></td><td style="display: none;">Gay Lea</td><td style="display: none;"></td><td style="display: none;"></td><td style="display: none;"></td><td style="display: none;"></td><td style="display: none;"></td><td style="display: none;"><a class="recipeLink" href="/recipe_ingredient_search_results.php?query=(_QU5E__1__________17__[]_1_1)">Recipes with butter</a></td></tr><tr role="row" class="even"><td tabindex="0"><i class="fas fa-hand-rock"></i></td><td class=" not_printable"><div class="addToGL" data-soscuisine-aisle="5" data-soscuisine-sip="3941981"><i class="fa fa-cart-plus" title="Add to My Grocery List"></i><div></div></div></td><td><img class="storeItemImage" alt="butter" src="/media/images/store_item/blank.jpg"></td><td>butter</td><td class="not_printable sorting_1">dairy products &amp; eggs</td><td><img style="width:50%;" src="/media/images/logos/marchands/16.png" alt="Foodland"></td><td><span itemprop="price">$9.99</span><span itemprop="eligibleQuantity" itemscope="" itemtype="http://schema.org/QuantitativeValue">/<span itemprop="value">3</span>x<span itemprop="unitText">454g (1lb)</span></span></td><td>$7.34/kg</td><td style="display: none;">2020-02-26</td><td style="display: none;"></td><td style="display: none;">house brand</td><td style="display: none;"></td><td style="display: none;"></td><td style="display: none;"></td><td style="display: none;"></td><td style="display: none;"></td><td style="display: none;"><a class="recipeLink" href="/recipe_ingredient_search_results.php?query=(_QU5E__1__________17__[]_1_1)">Recipes with butter</a></td></tr><tr role="row" class="odd"><td tabindex="0"><i class="fas fa-hand-rock"></i></td><td class=" not_printable"><div class="addToGL" data-soscuisine-aisle="5" data-soscuisine-sip="3944823"><i class="fa fa-cart-plus" title="Add to My Grocery List"></i><div></div></div></td><td><img class="storeItemImage" alt="butter" src="/media/images/store_item/blank.jpg"></td><td>butter</td><td class="not_printable sorting_1">dairy products &amp; eggs</td><td><img style="width:50%;" src="/media/images/logos/marchands/52.png" alt="Real Canadian Superstore"></td><td><span itemprop="price">$3.98</span><span itemprop="eligibleQuantity" itemscope="" itemtype="http://schema.org/QuantitativeValue">/<span itemprop="unitText">454g (1lb)</span></span></td><td>$8.77/kg</td><td style="display: none;">2020-02-26</td><td style="display: none;"></td><td style="display: none;">Gay Lea</td><td style="display: none;"></td><td style="display: none;"></td><td style="display: none;"></td><td style="display: none;"></td><td style="display: none;"></td><td style="display: none;"><a class="recipeLink" href="/recipe_ingredient_search_results.php?query=(_QU5E__1__________17__[]_1_1)">Recipes with butter</a></td></tr><tr role="row" class="even"><td tabindex="0"><i class="fa fa-thumbs-up"></i></td><td class=" not_printable"><div class="addToGL" data-soscuisine-aisle="5" data-soscuisine-sip="3945455"><i class="fa fa-cart-plus" title="Add to My Grocery List"></i><div></div></div></td><td><img class="storeItemImage" alt="cheese bar" src="/media/images/store_item/blank.jpg"></td><td>cheese bar</td><td class="not_printable sorting_1">dairy products &amp; eggs</td><td><img style="width:50%;" src="/media/images/logos/marchands/18.png" alt="Food Basics"></td><td><span itemprop="price">$3.97</span><span itemprop="eligibleQuantity" itemscope="" itemtype="http://schema.org/QuantitativeValue">/<span itemprop="unitText">400g</span></span></td><td>$0.99/100g</td><td style="display: none;">2020-02-26</td><td style="display: none;"></td><td style="display: none;">house brand</td><td style="display: none;"></td><td style="display: none;"></td><td style="display: none;"></td><td style="display: none;"></td><td style="display: none;"></td><td style="display: none;"></td></tr><tr role="row" class="odd"><td tabindex="0"><i class="fa fa-thumbs-down"></i></td><td class=" not_printable"><div class="addToGL" data-soscuisine-aisle="5" data-soscuisine-sip="3943171"><i class="fa fa-cart-plus" title="Add to My Grocery List"></i><div></div></div></td><td><img class="storeItemImage" alt="cheese bar" src="/media/images/store_item/blank.jpg"></td><td>cheese bar</td><td class="not_printable sorting_1">dairy products &amp; eggs</td><td><img style="width:50%;" src="/media/images/logos/marchands/16.png" alt="Foodland"></td><td><span itemprop="price">$5.99</span><span itemprop="eligibleQuantity" itemscope="" itemtype="http://schema.org/QuantitativeValue">/<span itemprop="unitText">450g</span></span></td><td>$1.33/100g</td><td style="display: none;">2020-02-26</td><td style="display: none;"></td><td style="display: none;">house brand</td><td style="display: none;"></td><td style="display: none;"></td><td style="display: none;"></td><td style="display: none;"></td><td style="display: none;"></td><td style="display: none;"></td></tr><tr role="row" class="even"><td tabindex="0"><i class="fas fa-hand-rock"></i></td><td class=" not_printable"><div class="addToGL" data-soscuisine-aisle="5" data-soscuisine-sip="3941933"><i class="fa fa-cart-plus" title="Add to My Grocery List"></i><div></div></div></td><td><img class="storeItemImage" alt="cheese bar" src="/media/images/store_item/blank.jpg"></td><td>cheese bar</td><td class="not_printable sorting_1">dairy products &amp; eggs</td><td><img style="width:50%;" src="/media/images/logos/marchands/19.png" alt="Loblaws"></td><td><span itemprop="price">$5.99</span><span itemprop="eligibleQuantity" itemscope="" itemtype="http://schema.org/QuantitativeValue">/<span itemprop="unitText">500g</span></span></td><td>$1.20/100g</td><td style="display: none;">2020-02-26</td><td style="display: none;"></td><td style="display: none;">Galbani</td><td style="display: none;"></td><td style="display: none;"></td><td style="display: none;"></td><td style="display: none;"></td><td style="display: none;"></td><td style="display: none;"></td></tr><tr role="row" class="odd"><td tabindex="0"><i class="fas fa-hand-rock"></i></td><td class=" not_printable"><div class="addToGL" data-soscuisine-aisle="5" data-soscuisine-sip="3941803"><i class="fa fa-cart-plus" title="Add to My Grocery List"></i><div></div></div></td><td><img class="storeItemImage" alt="cheese bar" src="/media/images/store_item/blank.jpg"></td><td>cheese bar</td><td class="not_printable sorting_1">dairy products &amp; eggs</td><td><img style="width:50%;" src="/media/images/logos/marchands/19.png" alt="Loblaws"></td><td><span itemprop="price">$5.49</span><span itemprop="eligibleQuantity" itemscope="" itemtype="http://schema.org/QuantitativeValue">/<span itemprop="unitText">450g</span></span></td><td>$1.22/100g</td><td style="display: none;">2020-02-26</td><td style="display: none;"></td><td style="display: none;">house brand</td><td style="display: none;"></td><td style="display: none;"></td><td style="display: none;"></td><td style="display: none;"></td><td style="display: none;"></td><td style="display: none;"></td></tr><tr role="row" class="even"><td tabindex="0"><i class="fa fa-thumbs-down"></i></td><td class=" not_printable"><div class="addToGL" data-soscuisine-aisle="5" data-soscuisine-sip="3941929"><i class="fa fa-cart-plus" title="Add to My Grocery List"></i><div></div></div></td><td><img class="storeItemImage" alt="cheese bar" src="/media/images/store_item/blank.jpg"></td><td>cheese bar</td><td class="not_printable sorting_1">dairy products &amp; eggs</td><td><img style="width:50%;" src="/media/images/logos/marchands/19.png" alt="Loblaws"></td><td><span itemprop="price">$5.99</span><span itemprop="eligibleQuantity" itemscope="" itemtype="http://schema.org/QuantitativeValue">/<span itemprop="unitText">400g</span></span></td><td>$1.50/100g</td><td style="display: none;">2020-02-26</td><td style="display: none;"></td><td style="display: none;">Black Diamond</td><td style="display: none;"></td><td style="display: none;"></td><td style="display: none;"></td><td style="display: none;"></td><td style="display: none;"></td><td style="display: none;"></td></tr><tr role="row" class="odd"><td tabindex="0"><i class="fa fa-thumbs-up"></i></td><td class=" not_printable"><div class="addToGL" data-soscuisine-aisle="5" data-soscuisine-sip="3945713"><i class="fa fa-cart-plus" title="Add to My Grocery List"></i><div></div></div></td><td><img class="storeItemImage" alt="cheese bar" src="/media/images/store_item/blank.jpg"></td><td>cheese bar</td><td class="not_printable sorting_1">dairy products &amp; eggs</td><td><img style="width:50%;" src="/media/images/logos/marchands/20.png" alt="Metro"></td><td><span itemprop="price">$3.99</span><span itemprop="eligibleQuantity" itemscope="" itemtype="http://schema.org/QuantitativeValue">/<span itemprop="unitText">400g</span></span></td><td>$1.00/100g</td><td style="display: none;">2020-02-26</td><td style="display: none;"></td><td style="display: none;">Black Diamond</td><td style="display: none;"></td><td style="display: none;"></td><td style="display: none;"></td><td style="display: none;"></td><td style="display: none;"></td><td style="display: none;"></td></tr><tr role="row" class="even"><td tabindex="0"><i class="fa fa-thumbs-up"></i></td><td class=" not_printable"><div class="addToGL" data-soscuisine-aisle="5" data-soscuisine-sip="3944705"><i class="fa fa-cart-plus" title="Add to My Grocery List"></i><div></div></div></td><td><img class="storeItemImage" alt="cheese bar" src="/media/images/store_item/blank.jpg"></td><td>cheese bar</td><td class="not_printable sorting_1">dairy products &amp; eggs</td><td><img style="width:50%;" src="/media/images/logos/marchands/52.png" alt="Real Canadian Superstore"></td><td><span itemprop="price">$6.98</span><span itemprop="eligibleQuantity" itemscope="" itemtype="http://schema.org/QuantitativeValue">/<span itemprop="unitText">700g</span></span></td><td>$1.00/100g</td><td style="display: none;">2020-02-26</td><td style="display: none;"></td><td style="display: none;">Armstrong</td><td style="display: none;"></td><td style="display: none;"></td><td style="display: none;"></td><td style="display: none;"></td><td style="display: none;"></td><td style="display: none;"></td></tr><tr role="row" class="odd"><td tabindex="0"><i class="fas fa-hand-rock"></i></td><td class=" not_printable"><div class="addToGL" data-soscuisine-aisle="5" data-soscuisine-sip="3943413"><i class="fa fa-cart-plus" title="Add to My Grocery List"></i><div></div></div></td><td><img class="storeItemImage" alt="cheese bar" src="/media/images/store_item/blank.jpg"></td><td>cheese bar</td><td class="not_printable sorting_1">dairy products &amp; eggs</td><td><img style="width:50%;" src="/media/images/logos/marchands/15.png" alt="Sobeys"></td><td><span itemprop="price">$4.97</span><span itemprop="eligibleQuantity" itemscope="" itemtype="http://schema.org/QuantitativeValue">/<span itemprop="unitText">450g</span></span></td><td>$1.10/100g</td><td style="display: none;">2020-02-26</td><td style="display: none;"></td><td style="display: none;">Cracker Barrel</td><td style="display: none;"></td><td style="display: none;"></td><td style="display: none;"></td><td style="display: none;"></td><td style="display: none;"></td><td style="display: none;"></td></tr><tr role="row" class="even"><td tabindex="0"><i class="fas fa-hand-rock"></i></td><td class=" not_printable"><div class="addToGL" data-soscuisine-aisle="5" data-soscuisine-sip="3944319"><i class="fa fa-cart-plus" title="Add to My Grocery List"></i><div></div></div></td><td><img class="storeItemImage" alt="cheese bar" src="/media/images/store_item/blank.jpg"></td><td>cheese bar</td><td class="not_printable sorting_1">dairy products &amp; eggs</td><td><img style="width:50%;" src="/media/images/logos/marchands/39.png" alt="Your Independent Grocer"></td><td><span itemprop="price">$5.99</span><span itemprop="eligibleQuantity" itemscope="" itemtype="http://schema.org/QuantitativeValue">/<span itemprop="unitText">500g</span></span></td><td>$1.20/100g</td><td style="display: none;">2020-02-26</td><td style="display: none;"></td><td style="display: none;">Galbani</td><td style="display: none;"></td><td style="display: none;"></td><td style="display: none;"></td><td style="display: none;"></td><td style="display: none;"></td><td style="display: none;"></td></tr><tr role="row" class="odd"><td tabindex="0"><i class="fas fa-hand-rock"></i></td><td class=" not_printable"><div class="addToGL" data-soscuisine-aisle="5" data-soscuisine-sip="3943547"><i class="fa fa-cart-plus" title="Add to My Grocery List"></i><div></div></div></td><td><img class="storeItemImage" alt="cheese bar" src="/media/images/store_item/blank.jpg"></td><td>cheese bar</td><td class="not_printable sorting_1">dairy products &amp; eggs</td><td><img style="width:50%;" src="/media/images/logos/marchands/39.png" alt="Your Independent Grocer"></td><td><span itemprop="price">$5.49</span><span itemprop="eligibleQuantity" itemscope="" itemtype="http://schema.org/QuantitativeValue">/<span itemprop="unitText">450g</span></span></td><td>$1.22/100g</td><td style="display: none;">2020-02-26</td><td style="display: none;"></td><td style="display: none;">house brand</td><td style="display: none;"></td><td style="display: none;"></td><td style="display: none;"></td><td style="display: none;"></td><td style="display: none;"></td><td style="display: none;"></td></tr><tr role="row" class="even"><td tabindex="0"><i class="fa fa-thumbs-down"></i></td><td class=" not_printable"><div class="addToGL" data-soscuisine-aisle="5" data-soscuisine-sip="3944305"><i class="fa fa-cart-plus" title="Add to My Grocery List"></i><div></div></div></td><td><img class="storeItemImage" alt="cheese bar" src="/media/images/store_item/blank.jpg"></td><td>cheese bar</td><td class="not_printable sorting_1">dairy products &amp; eggs</td><td><img style="width:50%;" src="/media/images/logos/marchands/39.png" alt="Your Independent Grocer"></td><td><span itemprop="price">$5.99</span><span itemprop="eligibleQuantity" itemscope="" itemtype="http://schema.org/QuantitativeValue">/<span itemprop="unitText">400g</span></span></td><td>$1.50/100g</td><td style="display: none;">2020-02-26</td><td style="display: none;"></td><td style="display: none;">Black Diamond</td><td style="display: none;"></td><td style="display: none;"></td><td style="display: none;"></td><td style="display: none;"></td><td style="display: none;"></td><td style="display: none;"></td></tr><tr role="row" class="odd"><td tabindex="0"><i class="fa fa-thumbs-down"></i></td><td class=" not_printable"><div class="addToGL" data-soscuisine-aisle="5" data-soscuisine-sip="3942309"><i class="fa fa-cart-plus" title="Add to My Grocery List"></i><div></div></div></td><td><img class="storeItemImage" alt="cheese mozzarella" src="/media/images/store_item/blank.jpg"></td><td>cheese mozzarella</td><td class="not_printable sorting_1">dairy products &amp; eggs</td><td><img style="width:50%;" src="/media/images/logos/marchands/16.png" alt="Foodland"></td><td><span itemprop="price">$5.99</span><span itemprop="eligibleQuantity" itemscope="" itemtype="http://schema.org/QuantitativeValue">/<span itemprop="unitText">12oz (340g)</span></span></td><td>$1.76/100g</td><td style="display: none;">2020-02-26</td><td style="display: none;"></td><td style="display: none;">Tre Stelle</td><td style="display: none;"></td><td style="display: none;">ball</td><td style="display: none;"></td><td style="display: none;"></td><td style="display: none;">available at most locations</td><td style="display: none;"><a class="recipeLink" href="/recipe_ingredient_search_results.php?query=(_QU5E__1__________728__[]_1_1)">Recipes with cheese mozzarella</a></td></tr><tr role="row" class="even"><td tabindex="0"><i class="fas fa-hand-rock"></i></td><td class=" not_printable"><div class="addToGL" data-soscuisine-aisle="5" data-soscuisine-sip="3941773"><i class="fa fa-cart-plus" title="Add to My Grocery List"></i><div></div></div></td><td><img class="storeItemImage" alt="cheese, bocconcini (fresh mozzarella)" src="/media/images/store_item/blank.jpg"></td><td>cheese, bocconcini (fresh mozzarella)</td><td class="not_printable sorting_1">dairy products &amp; eggs</td><td><img style="width:50%;" src="/media/images/logos/marchands/19.png" alt="Loblaws"></td><td><span itemprop="price">$5.49</span><span itemprop="eligibleQuantity" itemscope="" itemtype="http://schema.org/QuantitativeValue">/<span itemprop="unitText">200g</span></span></td><td>$2.74/100g</td><td style="display: none;">2020-02-26</td><td style="display: none;">Canada</td><td style="display: none;">house brand</td><td style="display: none;"></td><td style="display: none;"></td><td style="display: none;"></td><td style="display: none;"></td><td style="display: none;"></td><td style="display: none;"><a class="recipeLink" href="/recipe_ingredient_search_results.php?query=(_QU5E__1__________147__[]_1_1)">Recipes with cheese, bocconcini (fresh mozzarella)</a></td></tr><tr role="row" class="odd"><td tabindex="0"><i class="fa fa-thumbs-down"></i></td><td class=" not_printable"><div class="addToGL" data-soscuisine-aisle="5" data-soscuisine-sip="3945885"><i class="fa fa-cart-plus" title="Add to My Grocery List"></i><div></div></div></td><td><img class="storeItemImage" alt="cheese, bocconcini (fresh mozzarella)" src="/media/images/store_item/blank.jpg"></td><td>cheese, bocconcini (fresh mozzarella)</td><td class="not_printable sorting_1">dairy products &amp; eggs</td><td><img style="width:50%;" src="/media/images/logos/marchands/20.png" alt="Metro"></td><td><span itemprop="price">$6.49</span><span itemprop="eligibleQuantity" itemscope="" itemtype="http://schema.org/QuantitativeValue">/<span itemprop="unitText">200g</span></span></td><td>$3.24/100g</td><td style="display: none;">2020-02-26</td><td style="display: none;"></td><td style="display: none;">Tre Stelle</td><td style="display: none;"></td><td style="display: none;"></td><td style="display: none;"></td><td style="display: none;"></td><td style="display: none;"></td><td style="display: none;"><a class="recipeLink" href="/recipe_ingredient_search_results.php?query=(_QU5E__1__________147__[]_1_1)">Recipes with cheese, bocconcini (fresh mozzarella)</a></td></tr><tr role="row" class="even"><td tabindex="0"><i class="fas fa-hand-rock"></i></td><td class=" not_printable"><div class="addToGL" data-soscuisine-aisle="5" data-soscuisine-sip="3943477"><i class="fa fa-cart-plus" title="Add to My Grocery List"></i><div></div></div></td><td><img class="storeItemImage" alt="cheese, bocconcini (fresh mozzarella)" src="/media/images/store_item/blank.jpg"></td><td>cheese, bocconcini (fresh mozzarella)</td><td class="not_printable sorting_1">dairy products &amp; eggs</td><td><img style="width:50%;" src="/media/images/logos/marchands/39.png" alt="Your Independent Grocer"></td><td><span itemprop="price">$5.49</span><span itemprop="eligibleQuantity" itemscope="" itemtype="http://schema.org/QuantitativeValue">/<span itemprop="unitText">200g</span></span></td><td>$2.74/100g</td><td style="display: none;">2020-02-26</td><td style="display: none;">Canada</td><td style="display: none;">house brand</td><td style="display: none;"></td><td style="display: none;"></td><td style="display: none;"></td><td style="display: none;"></td><td style="display: none;"></td><td style="display: none;"><a class="recipeLink" href="/recipe_ingredient_search_results.php?query=(_QU5E__1__________147__[]_1_1)">Recipes with cheese, bocconcini (fresh mozzarella)</a></td></tr><tr role="row" class="odd"><td tabindex="0"><i class="fa fa-thumbs-down"></i></td><td class=" not_printable"><div class="addToGL" data-soscuisine-aisle="5" data-soscuisine-sip="3944959"><i class="fa fa-cart-plus" title="Add to My Grocery List"></i><div></div></div></td><td><img class="storeItemImage" alt="cheese, brie" src="/media/images/store_item/blank.jpg"></td><td>cheese, brie</td><td class="not_printable sorting_1">dairy products &amp; eggs</td><td><img style="width:50%;" src="/media/images/logos/marchands/38.png" alt="Farm Boy"></td><td><span itemprop="price">$3.49</span><span itemprop="eligibleQuantity" itemscope="" itemtype="http://schema.org/QuantitativeValue">/<span itemprop="unitText">100g</span></span></td><td>$3.49/100g</td><td style="display: none;">2020-02-26</td><td style="display: none;">France</td><td style="display: none;">Île de France</td><td style="display: none;"></td><td style="display: none;"></td><td style="display: none;">double cream</td><td style="display: none;"></td><td style="display: none;"></td><td style="display: none;"><a class="recipeLink" href="/recipe_ingredient_search_results.php?query=(_QU5E__1__________424__[]_1_1)">Recipes with cheese, brie</a></td></tr><tr role="row" class="even"><td tabindex="0"><i class="fas fa-hand-rock"></i></td><td class=" not_printable"><div class="addToGL" data-soscuisine-aisle="5" data-soscuisine-sip="3944813"><i class="fa fa-cart-plus" title="Add to My Grocery List"></i><div></div></div></td><td><img class="storeItemImage" alt="cheese, brie" src="/media/images/store_item/blank.jpg"></td><td>cheese, brie</td><td class="not_printable sorting_1">dairy products &amp; eggs</td><td><img style="width:50%;" src="/media/images/logos/marchands/52.png" alt="Real Canadian Superstore"></td><td><span itemprop="price">$5.00</span><span itemprop="eligibleQuantity" itemscope="" itemtype="http://schema.org/QuantitativeValue">/<span itemprop="unitText">200g</span></span></td><td>$2.50/100g</td><td style="display: none;">2020-02-26</td><td style="display: none;">Canada</td><td style="display: none;">house brand</td><td style="display: none;"></td><td style="display: none;"></td><td style="display: none;">double cream</td><td style="display: none;"></td><td style="display: none;"></td><td style="display: none;"><a class="recipeLink" href="/recipe_ingredient_search_results.php?query=(_QU5E__1__________424__[]_1_1)">Recipes with cheese, brie</a></td></tr><tr role="row" class="odd"><td tabindex="0"><i class="fas fa-hand-rock"></i></td><td class=" not_printable"><div class="addToGL" data-soscuisine-aisle="5" data-soscuisine-sip="3944815"><i class="fa fa-cart-plus" title="Add to My Grocery List"></i><div></div></div></td><td><img class="storeItemImage" alt="cheese, Camembert" src="/media/images/store_item/blank.jpg"></td><td>cheese, Camembert</td><td class="not_printable sorting_1">dairy products &amp; eggs</td><td><img style="width:50%;" src="/media/images/logos/marchands/52.png" alt="Real Canadian Superstore"></td><td><span itemprop="price">$5.00</span><span itemprop="eligibleQuantity" itemscope="" itemtype="http://schema.org/QuantitativeValue">/<span itemprop="unitText">6oz (171g)</span></span></td><td>$2.92/100g</td><td style="display: none;">2020-02-26</td><td style="display: none;"></td><td style="display: none;">house brand</td><td style="display: none;"></td><td style="display: none;"></td><td style="display: none;"></td><td style="display: none;"></td><td style="display: none;"></td><td style="display: none;"></td></tr><tr role="row" class="even"><td tabindex="0"><i class="fas fa-hand-rock"></i></td><td class=" not_printable"><div class="addToGL" data-soscuisine-aisle="5" data-soscuisine-sip="3944877"><i class="fa fa-cart-plus" title="Add to My Grocery List"></i><div></div></div></td><td><img class="storeItemImage" alt="cheese, Cheddar" src="/media/images/store_item/blank.jpg"></td><td>cheese, Cheddar</td><td class="not_printable sorting_1">dairy products &amp; eggs</td><td><img style="width:50%;" src="/media/images/logos/marchands/38.png" alt="Farm Boy"></td><td><span itemprop="price">$1.99</span><span itemprop="eligibleQuantity" itemscope="" itemtype="http://schema.org/QuantitativeValue">/<span itemprop="unitText">100g</span></span></td><td>$1.99/100g</td><td style="display: none;">2020-02-26</td><td style="display: none;"></td><td style="display: none;">St-Albert</td><td style="display: none;"></td><td style="display: none;"></td><td style="display: none;"></td><td style="display: none;"></td><td style="display: none;"></td><td style="display: none;"><a class="recipeLink" href="/recipe_ingredient_search_results.php?query=(_QU5E__1__________761__[]_1_1)">Recipes with cheese, Cheddar</a></td></tr><tr role="row" class="odd"><td tabindex="0"><i class="fa fa-thumbs-up"></i><i class="fa fa-thumbs-up"></i></td><td class=" not_printable"><div class="addToGL" data-soscuisine-aisle="5" data-soscuisine-sip="3945453"><i class="fa fa-cart-plus" title="Add to My Grocery List"></i><div></div></div></td><td><img class="storeItemImage" alt="cheese, Cheddar" src="/media/images/store_item/blank.jpg"></td><td>cheese, Cheddar</td><td class="not_printable sorting_1">dairy products &amp; eggs</td><td><img style="width:50%;" src="/media/images/logos/marchands/18.png" alt="Food Basics"></td><td><span itemprop="price">$3.97</span><span itemprop="eligibleQuantity" itemscope="" itemtype="http://schema.org/QuantitativeValue">/<span itemprop="unitText">400g</span></span></td><td>$0.99/100g</td><td style="display: none;">2020-02-26</td><td style="display: none;"></td><td style="display: none;">house brand</td><td style="display: none;"></td><td style="display: none;"></td><td style="display: none;"></td><td style="display: none;"></td><td style="display: none;"></td><td style="display: none;"><a class="recipeLink" href="/recipe_ingredient_search_results.php?query=(_QU5E__1__________761__[]_1_1)">Recipes with cheese, Cheddar</a></td></tr><tr role="row" class="even"><td tabindex="0"><i class="fas fa-hand-rock"></i></td><td class=" not_printable"><div class="addToGL" data-soscuisine-aisle="5" data-soscuisine-sip="3943173"><i class="fa fa-cart-plus" title="Add to My Grocery List"></i><div></div></div></td><td><img class="storeItemImage" alt="cheese, Cheddar" src="/media/images/store_item/blank.jpg"></td><td>cheese, Cheddar</td><td class="not_printable sorting_1">dairy products &amp; eggs</td><td><img style="width:50%;" src="/media/images/logos/marchands/16.png" alt="Foodland"></td><td><span itemprop="price">$5.99</span><span itemprop="eligibleQuantity" itemscope="" itemtype="http://schema.org/QuantitativeValue">/<span itemprop="unitText">450g</span></span></td><td>$1.33/100g</td><td style="display: none;">2020-02-26</td><td style="display: none;"></td><td style="display: none;">house brand</td><td style="display: none;"></td><td style="display: none;"></td><td style="display: none;"></td><td style="display: none;"></td><td style="display: none;"></td><td style="display: none;"><a class="recipeLink" href="/recipe_ingredient_search_results.php?query=(_QU5E__1__________761__[]_1_1)">Recipes with cheese, Cheddar</a></td></tr><tr role="row" class="odd"><td tabindex="0"><i class="fas fa-hand-rock"></i></td><td class=" not_printable"><div class="addToGL" data-soscuisine-aisle="5" data-soscuisine-sip="3944187"><i class="fa fa-cart-plus" title="Add to My Grocery List"></i><div></div></div></td><td><img class="storeItemImage" alt="cheese, Cheddar" src="/media/images/store_item/blank.jpg"></td><td>cheese, Cheddar</td><td class="not_printable sorting_1">dairy products &amp; eggs</td><td><img style="width:50%;" src="/media/images/logos/marchands/70.png" alt="FreshCo"></td><td><span itemprop="price">$3.00</span><span itemprop="eligibleQuantity" itemscope="" itemtype="http://schema.org/QuantitativeValue">/<span itemprop="unitText">230g (8.1oz)</span></span></td><td>$1.30/100g</td><td style="display: none;">2020-02-26</td><td style="display: none;"></td><td style="display: none;">house brand</td><td style="display: none;"></td><td style="display: none;"></td><td style="display: none;"></td><td style="display: none;">sliced</td><td style="display: none;"></td><td style="display: none;"><a class="recipeLink" href="/recipe_ingredient_search_results.php?query=(_QU5E__1__________761__[]_1_1)">Recipes with cheese, Cheddar</a></td></tr><tr role="row" class="even"><td tabindex="0"><i class="fa fa-thumbs-up"></i></td><td class=" not_printable"><div class="addToGL" data-soscuisine-aisle="5" data-soscuisine-sip="3941805"><i class="fa fa-cart-plus" title="Add to My Grocery List"></i><div></div></div></td><td><img class="storeItemImage" alt="cheese, Cheddar" src="/media/images/store_item/blank.jpg"></td><td>cheese, Cheddar</td><td class="not_printable sorting_1">dairy products &amp; eggs</td><td><img style="width:50%;" src="/media/images/logos/marchands/19.png" alt="Loblaws"></td><td><span itemprop="price">$10.00</span><span itemprop="eligibleQuantity" itemscope="" itemtype="http://schema.org/QuantitativeValue">/<span itemprop="value">2</span>x<span itemprop="unitText">450g</span></span></td><td>$1.11/100g</td><td style="display: none;">2020-02-26</td><td style="display: none;"></td><td style="display: none;">house brand</td><td style="display: none;"></td><td style="display: none;"></td><td style="display: none;"></td><td style="display: none;"></td><td style="display: none;"></td><td style="display: none;"><a class="recipeLink" href="/recipe_ingredient_search_results.php?query=(_QU5E__1__________761__[]_1_1)">Recipes with cheese, Cheddar</a></td></tr><tr role="row" class="odd"><td tabindex="0"><i class="fas fa-hand-rock"></i></td><td class=" not_printable"><div class="addToGL" data-soscuisine-aisle="5" data-soscuisine-sip="3941931"><i class="fa fa-cart-plus" title="Add to My Grocery List"></i><div></div></div></td><td><img class="storeItemImage" alt="cheese, Cheddar" src="/media/images/store_item/blank.jpg"></td><td>cheese, Cheddar</td><td class="not_printable sorting_1">dairy products &amp; eggs</td><td><img style="width:50%;" src="/media/images/logos/marchands/19.png" alt="Loblaws"></td><td><span itemprop="price">$5.99</span><span itemprop="eligibleQuantity" itemscope="" itemtype="http://schema.org/QuantitativeValue">/<span itemprop="unitText">400g</span></span></td><td>$1.50/100g</td><td style="display: none;">2020-02-26</td><td style="display: none;"></td><td style="display: none;">Black Diamond</td><td style="display: none;"></td><td style="display: none;"></td><td style="display: none;"></td><td style="display: none;"></td><td style="display: none;"></td><td style="display: none;"><a class="recipeLink" href="/recipe_ingredient_search_results.php?query=(_QU5E__1__________761__[]_1_1)">Recipes with cheese, Cheddar</a></td></tr><tr role="row" class="even"><td tabindex="0"><i class="fas fa-hand-rock"></i></td><td class=" not_printable"><div class="addToGL" data-soscuisine-aisle="5" data-soscuisine-sip="3941807"><i class="fa fa-cart-plus" title="Add to My Grocery List"></i><div></div></div></td><td><img class="storeItemImage" alt="cheese, Cheddar" src="/media/images/store_item/blank.jpg"></td><td>cheese, Cheddar</td><td class="not_printable sorting_1">dairy products &amp; eggs</td><td><img style="width:50%;" src="/media/images/logos/marchands/19.png" alt="Loblaws"></td><td><span itemprop="price">$4.99</span><span itemprop="eligibleQuantity" itemscope="" itemtype="http://schema.org/QuantitativeValue">/<span itemprop="unitText">240g</span></span></td><td>$2.08/100g</td><td style="display: none;">2020-02-26</td><td style="display: none;"></td><td style="display: none;">Black Diamond</td><td style="display: none;"></td><td style="display: none;"></td><td style="display: none;"></td><td style="display: none;">sliced</td><td style="display: none;"></td><td style="display: none;"><a class="recipeLink" href="/recipe_ingredient_search_results.php?query=(_QU5E__1__________761__[]_1_1)">Recipes with cheese, Cheddar</a></td></tr><tr role="row" class="odd"><td tabindex="0"><i class="fa fa-thumbs-up"></i></td><td class=" not_printable"><div class="addToGL" data-soscuisine-aisle="5" data-soscuisine-sip="3943549"><i class="fa fa-cart-plus" title="Add to My Grocery List"></i><div></div></div></td><td><img class="storeItemImage" alt="cheese, Cheddar" src="/media/images/store_item/blank.jpg"></td><td>cheese, Cheddar</td><td class="not_printable sorting_1">dairy products &amp; eggs</td><td><img style="width:50%;" src="/media/images/logos/marchands/39.png" alt="Your Independent Grocer"></td><td><span itemprop="price">$10.00</span><span itemprop="eligibleQuantity" itemscope="" itemtype="http://schema.org/QuantitativeValue">/<span itemprop="value">2</span>x<span itemprop="unitText">450g</span></span></td><td>$1.11/100g</td><td style="display: none;">2020-02-26</td><td style="display: none;"></td><td style="display: none;">house brand</td><td style="display: none;"></td><td style="display: none;"></td><td style="display: none;"></td><td style="display: none;"></td><td style="display: none;"></td><td style="display: none;"><a class="recipeLink" href="/recipe_ingredient_search_results.php?query=(_QU5E__1__________761__[]_1_1)">Recipes with cheese, Cheddar</a></td></tr><tr role="row" class="even"><td tabindex="0"><i class="fas fa-hand-rock"></i></td><td class=" not_printable"><div class="addToGL" data-soscuisine-aisle="5" data-soscuisine-sip="3944317"><i class="fa fa-cart-plus" title="Add to My Grocery List"></i><div></div></div></td><td><img class="storeItemImage" alt="cheese, Cheddar" src="/media/images/store_item/blank.jpg"></td><td>cheese, Cheddar</td><td class="not_printable sorting_1">dairy products &amp; eggs</td><td><img style="width:50%;" src="/media/images/logos/marchands/39.png" alt="Your Independent Grocer"></td><td><span itemprop="price">$5.99</span><span itemprop="eligibleQuantity" itemscope="" itemtype="http://schema.org/QuantitativeValue">/<span itemprop="unitText">400g</span></span></td><td>$1.50/100g</td><td style="display: none;">2020-02-26</td><td style="display: none;"></td><td style="display: none;">Black Diamond</td><td style="display: none;"></td><td style="display: none;"></td><td style="display: none;"></td><td style="display: none;"></td><td style="display: none;"></td><td style="display: none;"><a class="recipeLink" href="/recipe_ingredient_search_results.php?query=(_QU5E__1__________761__[]_1_1)">Recipes with cheese, Cheddar</a></td></tr><tr role="row" class="odd"><td tabindex="0"><i class="fas fa-hand-rock"></i></td><td class=" not_printable"><div class="addToGL" data-soscuisine-aisle="5" data-soscuisine-sip="3943553"><i class="fa fa-cart-plus" title="Add to My Grocery List"></i><div></div></div></td><td><img class="storeItemImage" alt="cheese, Cheddar" src="/media/images/store_item/blank.jpg"></td><td>cheese, Cheddar</td><td class="not_printable sorting_1">dairy products &amp; eggs</td><td><img style="width:50%;" src="/media/images/logos/marchands/39.png" alt="Your Independent Grocer"></td><td><span itemprop="price">$4.99</span><span itemprop="eligibleQuantity" itemscope="" itemtype="http://schema.org/QuantitativeValue">/<span itemprop="unitText">240g</span></span></td><td>$2.08/100g</td><td style="display: none;">2020-02-26</td><td style="display: none;"></td><td style="display: none;">Black Diamond</td><td style="display: none;"></td><td style="display: none;"></td><td style="display: none;"></td><td style="display: none;">sliced</td><td style="display: none;"></td><td style="display: none;"><a class="recipeLink" href="/recipe_ingredient_search_results.php?query=(_QU5E__1__________761__[]_1_1)">Recipes with cheese, Cheddar</a></td></tr><tr role="row" class="even"><td tabindex="0"><i class="fa fa-thumbs-down"></i></td><td class=" not_printable"><div class="addToGL" data-soscuisine-aisle="5" data-soscuisine-sip="3944957"><i class="fa fa-cart-plus" title="Add to My Grocery List"></i><div></div></div></td><td><img class="storeItemImage" alt="cheese, Cheddar, aged" src="/media/images/store_item/blank.jpg"></td><td>cheese, Cheddar, aged</td><td class="not_printable sorting_1">dairy products &amp; eggs</td><td><img style="width:50%;" src="/media/images/logos/marchands/38.png" alt="Farm Boy"></td><td><span itemprop="price">$8.99</span><span itemprop="eligibleQuantity" itemscope="" itemtype="http://schema.org/QuantitativeValue">/<span itemprop="unitText">195g</span></span></td><td>$4.61/100g</td><td style="display: none;">2020-02-26</td><td style="display: none;">Canada</td><td style="display: none;"></td><td style="display: none;"></td><td style="display: none;"></td><td style="display: none;">Organic</td><td style="display: none;"></td><td style="display: none;"></td><td style="display: none;"><a class="recipeLink" href="/recipe_ingredient_search_results.php?query=(_QU5E__1__________155__[]_1_1)">Recipes with cheese, Cheddar, aged</a></td></tr><tr role="row" class="odd"><td tabindex="0"><i class="fa fa-thumbs-up"></i><i class="fa fa-thumbs-up"></i></td><td class=" not_printable"><div class="addToGL" data-soscuisine-aisle="5" data-soscuisine-sip="3941811"><i class="fa fa-cart-plus" title="Add to My Grocery List"></i><div></div></div></td><td><img class="storeItemImage" alt="cheese, cottage" src="/media/images/store_item/blank.jpg"></td><td>cheese, cottage</td><td class="not_printable sorting_1">dairy products &amp; eggs</td><td><img style="width:50%;" src="/media/images/logos/marchands/19.png" alt="Loblaws"></td><td><span itemprop="price">$5.00</span><span itemprop="eligibleQuantity" itemscope="" itemtype="http://schema.org/QuantitativeValue">/<span itemprop="value">2</span>x<span itemprop="unitText">500g</span></span></td><td>$0.50/100g</td><td style="display: none;">2020-02-26</td><td style="display: none;"></td><td style="display: none;">house brand</td><td style="display: none;"></td><td style="display: none;"></td><td style="display: none;"></td><td style="display: none;"></td><td style="display: none;"></td><td style="display: none;"><a class="recipeLink" href="/recipe_ingredient_search_results.php?query=(_QU5E__1__________426__[]_1_1)">Recipes with cheese, cottage</a></td></tr><tr role="row" class="even"><td tabindex="0"><i class="fas fa-hand-rock"></i></td><td class=" not_printable"><div class="addToGL" data-soscuisine-aisle="5" data-soscuisine-sip="3941809"><i class="fa fa-cart-plus" title="Add to My Grocery List"></i><div></div></div></td><td><img class="storeItemImage" alt="cheese, cottage" src="/media/images/store_item/blank.jpg"></td><td>cheese, cottage</td><td class="not_printable sorting_1">dairy products &amp; eggs</td><td><img style="width:50%;" src="/media/images/logos/marchands/19.png" alt="Loblaws"></td><td><span itemprop="price">$2.99</span><span itemprop="eligibleQuantity" itemscope="" itemtype="http://schema.org/QuantitativeValue">/<span itemprop="unitText">500g</span></span></td><td>$0.60/100g</td><td style="display: none;">2020-02-26</td><td style="display: none;"></td><td style="display: none;">house brand</td><td style="display: none;"></td><td style="display: none;"></td><td style="display: none;"></td><td style="display: none;"></td><td style="display: none;"></td><td style="display: none;"><a class="recipeLink" href="/recipe_ingredient_search_results.php?query=(_QU5E__1__________426__[]_1_1)">Recipes with cheese, cottage</a></td></tr><tr role="row" class="odd"><td tabindex="0"><i class="fa fa-thumbs-up"></i><i class="fa fa-thumbs-up"></i></td><td class=" not_printable"><div class="addToGL" data-soscuisine-aisle="5" data-soscuisine-sip="3943561"><i class="fa fa-cart-plus" title="Add to My Grocery List"></i><div></div></div></td><td><img class="storeItemImage" alt="cheese, cottage" src="/media/images/store_item/blank.jpg"></td><td>cheese, cottage</td><td class="not_printable sorting_1">dairy products &amp; eggs</td><td><img style="width:50%;" src="/media/images/logos/marchands/39.png" alt="Your Independent Grocer"></td><td><span itemprop="price">$5.00</span><span itemprop="eligibleQuantity" itemscope="" itemtype="http://schema.org/QuantitativeValue">/<span itemprop="value">2</span>x<span itemprop="unitText">500g</span></span></td><td>$0.50/100g</td><td style="display: none;">2020-02-26</td><td style="display: none;"></td><td style="display: none;">house brand</td><td style="display: none;"></td><td style="display: none;"></td><td style="display: none;"></td><td style="display: none;"></td><td style="display: none;"></td><td style="display: none;"><a class="recipeLink" href="/recipe_ingredient_search_results.php?query=(_QU5E__1__________426__[]_1_1)">Recipes with cheese, cottage</a></td></tr><tr role="row" class="even"><td tabindex="0"><i class="fas fa-hand-rock"></i></td><td class=" not_printable"><div class="addToGL" data-soscuisine-aisle="5" data-soscuisine-sip="3943559"><i class="fa fa-cart-plus" title="Add to My Grocery List"></i><div></div></div></td><td><img class="storeItemImage" alt="cheese, cottage" src="/media/images/store_item/blank.jpg"></td><td>cheese, cottage</td><td class="not_printable sorting_1">dairy products &amp; eggs</td><td><img style="width:50%;" src="/media/images/logos/marchands/39.png" alt="Your Independent Grocer"></td><td><span itemprop="price">$2.99</span><span itemprop="eligibleQuantity" itemscope="" itemtype="http://schema.org/QuantitativeValue">/<span itemprop="unitText">500g</span></span></td><td>$0.60/100g</td><td style="display: none;">2020-02-26</td><td style="display: none;"></td><td style="display: none;">house brand</td><td style="display: none;"></td><td style="display: none;"></td><td style="display: none;"></td><td style="display: none;"></td><td style="display: none;"></td><td style="display: none;"><a class="recipeLink" href="/recipe_ingredient_search_results.php?query=(_QU5E__1__________426__[]_1_1)">Recipes with cheese, cottage</a></td></tr><tr role="row" class="odd"><td tabindex="0"><i class="fa fa-thumbs-up"></i><i class="fa fa-thumbs-up"></i></td><td class=" not_printable"><div class="addToGL" data-soscuisine-aisle="5" data-soscuisine-sip="3945497"><i class="fa fa-cart-plus" title="Add to My Grocery List"></i><div></div></div></td><td><img class="storeItemImage" alt="cheese, cream cheese" src="/media/images/store_item/blank.jpg"></td><td>cheese, cream cheese</td><td class="not_printable sorting_1">dairy products &amp; eggs</td><td><img style="width:50%;" src="/media/images/logos/marchands/18.png" alt="Food Basics"></td><td><span itemprop="price">$1.99</span><span itemprop="eligibleQuantity" itemscope="" itemtype="http://schema.org/QuantitativeValue">/<span itemprop="unitText">250g</span></span></td><td>$0.80/100g</td><td style="display: none;">2020-02-26</td><td style="display: none;"></td><td style="display: none;">Lactantia</td><td style="display: none;"></td><td style="display: none;"></td><td style="display: none;"></td><td style="display: none;"></td><td style="display: none;"></td><td style="display: none;"><a class="recipeLink" href="/recipe_ingredient_search_results.php?query=(_QU5E__1__________306__[]_1_1)">Recipes with cheese, cream cheese</a></td></tr><tr role="row" class="even"><td tabindex="0"><i class="fas fa-hand-rock"></i></td><td class=" not_printable"><div class="addToGL" data-soscuisine-aisle="5" data-soscuisine-sip="3945531"><i class="fa fa-cart-plus" title="Add to My Grocery List"></i><div></div></div></td><td><img class="storeItemImage" alt="cheese, cream cheese" src="/media/images/store_item/blank.jpg"></td><td>cheese, cream cheese</td><td class="not_printable sorting_1">dairy products &amp; eggs</td><td><img style="width:50%;" src="/media/images/logos/marchands/18.png" alt="Food Basics"></td><td><span itemprop="price">$3.99</span><span itemprop="eligibleQuantity" itemscope="" itemtype="http://schema.org/QuantitativeValue">/<span itemprop="unitText">12oz (340g)</span></span></td><td>$1.17/100g</td><td style="display: none;">2020-02-26</td><td style="display: none;"></td><td style="display: none;">Philadelphia</td><td style="display: none;"></td><td style="display: none;"></td><td style="display: none;"></td><td style="display: none;"></td><td style="display: none;"></td><td style="display: none;"><a class="recipeLink" href="/recipe_ingredient_search_results.php?query=(_QU5E__1__________306__[]_1_1)">Recipes with cheese, cream cheese</a></td></tr><tr role="row" class="odd"><td tabindex="0"><i class="fas fa-hand-rock"></i></td><td class=" not_printable"><div class="addToGL" data-soscuisine-aisle="5" data-soscuisine-sip="3943219"><i class="fa fa-cart-plus" title="Add to My Grocery List"></i><div></div></div></td><td><img class="storeItemImage" alt="cheese, cream cheese" src="/media/images/store_item/blank.jpg"></td><td>cheese, cream cheese</td><td class="not_printable sorting_1">dairy products &amp; eggs</td><td><img style="width:50%;" src="/media/images/logos/marchands/16.png" alt="Foodland"></td><td><span itemprop="price">$2.99</span><span itemprop="eligibleQuantity" itemscope="" itemtype="http://schema.org/QuantitativeValue">/<span itemprop="unitText">250g</span></span></td><td>$1.20/100g</td><td style="display: none;">2020-02-26</td><td style="display: none;"></td><td style="display: none;">Philadelphia</td><td style="display: none;"></td><td style="display: none;"></td><td style="display: none;"></td><td style="display: none;"></td><td style="display: none;"></td><td style="display: none;"><a class="recipeLink" href="/recipe_ingredient_search_results.php?query=(_QU5E__1__________306__[]_1_1)">Recipes with cheese, cream cheese</a></td></tr><tr role="row" class="even"><td tabindex="0"><i class="fa fa-thumbs-up"></i><i class="fa fa-thumbs-up"></i></td><td class=" not_printable"><div class="addToGL" data-soscuisine-aisle="5" data-soscuisine-sip="3944183"><i class="fa fa-cart-plus" title="Add to My Grocery List"></i><div></div></div></td><td><img class="storeItemImage" alt="cheese, cream cheese" src="/media/images/store_item/blank.jpg"></td><td>cheese, cream cheese</td><td class="not_printable sorting_1">dairy products &amp; eggs</td><td><img style="width:50%;" src="/media/images/logos/marchands/70.png" alt="FreshCo"></td><td><span itemprop="price">$3.00</span><span itemprop="eligibleQuantity" itemscope="" itemtype="http://schema.org/QuantitativeValue">/<span itemprop="unitText">12oz (340g)</span></span></td><td>$0.88/100g</td><td style="display: none;">2020-02-26</td><td style="display: none;"></td><td style="display: none;">Philadelphia</td><td style="display: none;"></td><td style="display: none;"></td><td style="display: none;"></td><td style="display: none;"></td><td style="display: none;"></td><td style="display: none;"><a class="recipeLink" href="/recipe_ingredient_search_results.php?query=(_QU5E__1__________306__[]_1_1)">Recipes with cheese, cream cheese</a></td></tr><tr role="row" class="odd"><td tabindex="0"><i class="fa fa-thumbs-up"></i><i class="fa fa-thumbs-up"></i></td><td class=" not_printable"><div class="addToGL" data-soscuisine-aisle="5" data-soscuisine-sip="3941817"><i class="fa fa-cart-plus" title="Add to My Grocery List"></i><div></div></div></td><td><img class="storeItemImage" alt="cheese, cream cheese" src="/media/images/store_item/blank.jpg"></td><td>cheese, cream cheese</td><td class="not_printable sorting_1">dairy products &amp; eggs</td><td><img style="width:50%;" src="/media/images/logos/marchands/19.png" alt="Loblaws"></td><td><span itemprop="price">$2.99</span><span itemprop="eligibleQuantity" itemscope="" itemtype="http://schema.org/QuantitativeValue">/<span itemprop="unitText">12oz (340g)</span></span></td><td>$0.88/100g</td><td style="display: none;">2020-02-26</td><td style="display: none;"></td><td style="display: none;">Philadelphia</td><td style="display: none;"></td><td style="display: none;"></td><td style="display: none;"></td><td style="display: none;"></td><td style="display: none;"></td><td style="display: none;"><a class="recipeLink" href="/recipe_ingredient_search_results.php?query=(_QU5E__1__________306__[]_1_1)">Recipes with cheese, cream cheese</a></td></tr><tr role="row" class="even"><td tabindex="0"><i class="fas fa-hand-rock"></i></td><td class=" not_printable"><div class="addToGL" data-soscuisine-aisle="5" data-soscuisine-sip="3945735"><i class="fa fa-cart-plus" title="Add to My Grocery List"></i><div></div></div></td><td><img class="storeItemImage" alt="cheese, cream cheese" src="/media/images/store_item/blank.jpg"></td><td>cheese, cream cheese</td><td class="not_printable sorting_1">dairy products &amp; eggs</td><td><img style="width:50%;" src="/media/images/logos/marchands/20.png" alt="Metro"></td><td><span itemprop="price">$6.00</span><span itemprop="eligibleQuantity" itemscope="" itemtype="http://schema.org/QuantitativeValue">/<span itemprop="value">2</span>x<span itemprop="unitText">250g</span></span></td><td>$1.20/100g</td><td style="display: none;">2020-02-26</td><td style="display: none;"></td><td style="display: none;">Philadelphia</td><td style="display: none;"></td><td style="display: none;"></td><td style="display: none;"></td><td style="display: none;"></td><td style="display: none;"></td><td style="display: none;"><a class="recipeLink" href="/recipe_ingredient_search_results.php?query=(_QU5E__1__________306__[]_1_1)">Recipes with cheese, cream cheese</a></td></tr><tr role="row" class="odd"><td tabindex="0"><i class="fa fa-thumbs-down"></i></td><td class=" not_printable"><div class="addToGL" data-soscuisine-aisle="5" data-soscuisine-sip="3945737"><i class="fa fa-cart-plus" title="Add to My Grocery List"></i><div></div></div></td><td><img class="storeItemImage" alt="cheese, cream cheese" src="/media/images/store_item/blank.jpg"></td><td>cheese, cream cheese</td><td class="not_printable sorting_1">dairy products &amp; eggs</td><td><img style="width:50%;" src="/media/images/logos/marchands/20.png" alt="Metro"></td><td><span itemprop="price">$3.49</span><span itemprop="eligibleQuantity" itemscope="" itemtype="http://schema.org/QuantitativeValue">/<span itemprop="unitText">250g</span></span></td><td>$1.40/100g</td><td style="display: none;">2020-02-26</td><td style="display: none;"></td><td style="display: none;">Philadelphia</td><td style="display: none;"></td><td style="display: none;"></td><td style="display: none;"></td><td style="display: none;"></td><td style="display: none;"></td><td style="display: none;"><a class="recipeLink" href="/recipe_ingredient_search_results.php?query=(_QU5E__1__________306__[]_1_1)">Recipes with cheese, cream cheese</a></td></tr><tr role="row" class="even"><td tabindex="0"><i class="fa fa-thumbs-up"></i><i class="fa fa-thumbs-up"></i></td><td class=" not_printable"><div class="addToGL" data-soscuisine-aisle="5" data-soscuisine-sip="3944825"><i class="fa fa-cart-plus" title="Add to My Grocery List"></i><div></div></div></td><td><img class="storeItemImage" alt="cheese, cream cheese" src="/media/images/store_item/blank.jpg"></td><td>cheese, cream cheese</td><td class="not_printable sorting_1">dairy products &amp; eggs</td><td><img style="width:50%;" src="/media/images/logos/marchands/52.png" alt="Real Canadian Superstore"></td><td><span itemprop="price">$2.48</span><span itemprop="eligibleQuantity" itemscope="" itemtype="http://schema.org/QuantitativeValue">/<span itemprop="unitText">250g</span></span></td><td>$0.99/100g</td><td style="display: none;">2020-02-26</td><td style="display: none;"></td><td style="display: none;">house brand</td><td style="display: none;"></td><td style="display: none;"></td><td style="display: none;"></td><td style="display: none;"></td><td style="display: none;"></td><td style="display: none;"><a class="recipeLink" href="/recipe_ingredient_search_results.php?query=(_QU5E__1__________306__[]_1_1)">Recipes with cheese, cream cheese</a></td></tr><tr role="row" class="odd"><td tabindex="0"><i class="fa fa-thumbs-up"></i><i class="fa fa-thumbs-up"></i></td><td class=" not_printable"><div class="addToGL" data-soscuisine-aisle="5" data-soscuisine-sip="3943573"><i class="fa fa-cart-plus" title="Add to My Grocery List"></i><div></div></div></td><td><img class="storeItemImage" alt="cheese, cream cheese" src="/media/images/store_item/blank.jpg"></td><td>cheese, cream cheese</td><td class="not_printable sorting_1">dairy products &amp; eggs</td><td><img style="width:50%;" src="/media/images/logos/marchands/39.png" alt="Your Independent Grocer"></td><td><span itemprop="price">$2.99</span><span itemprop="eligibleQuantity" itemscope="" itemtype="http://schema.org/QuantitativeValue">/<span itemprop="unitText">12oz (340g)</span></span></td><td>$0.88/100g</td><td style="display: none;">2020-02-26</td><td style="display: none;"></td><td style="display: none;">Philadelphia</td><td style="display: none;"></td><td style="display: none;"></td><td style="display: none;"></td><td style="display: none;"></td><td style="display: none;"></td><td style="display: none;"><a class="recipeLink" href="/recipe_ingredient_search_results.php?query=(_QU5E__1__________306__[]_1_1)">Recipes with cheese, cream cheese</a></td></tr><tr role="row" class="even"><td tabindex="0"><i class="fas fa-hand-rock"></i></td><td class=" not_printable"><div class="addToGL" data-soscuisine-aisle="5" data-soscuisine-sip="3945617"><i class="fa fa-cart-plus" title="Add to My Grocery List"></i><div></div></div></td><td><img class="storeItemImage" alt="cheese, feta" src="/media/images/store_item/blank.jpg"></td><td>cheese, feta</td><td class="not_printable sorting_1">dairy products &amp; eggs</td><td><img style="width:50%;" src="/media/images/logos/marchands/18.png" alt="Food Basics"></td><td><span itemprop="price">$3.99</span><span itemprop="eligibleQuantity" itemscope="" itemtype="http://schema.org/QuantitativeValue">/<span itemprop="unitText">200g</span></span></td><td>$2.00/100g</td><td style="display: none;">2020-02-26</td><td style="display: none;"></td><td style="display: none;">house brand</td><td style="display: none;"></td><td style="display: none;"></td><td style="display: none;"></td><td style="display: none;"></td><td style="display: none;"></td><td style="display: none;"><a class="recipeLink" href="/recipe_ingredient_search_results.php?query=(_QU5E__1__________150__[]_1_1)">Recipes with cheese, feta</a></td></tr><tr role="row" class="odd"><td tabindex="0"><i class="fa fa-thumbs-down"></i></td><td class=" not_printable"><div class="addToGL" data-soscuisine-aisle="5" data-soscuisine-sip="3942321"><i class="fa fa-cart-plus" title="Add to My Grocery List"></i><div></div></div></td><td><img class="storeItemImage" alt="cheese, feta" src="/media/images/store_item/blank.jpg"></td><td>cheese, feta</td><td class="not_printable sorting_1">dairy products &amp; eggs</td><td><img style="width:50%;" src="/media/images/logos/marchands/16.png" alt="Foodland"></td><td><span itemprop="price">$4.99</span><span itemprop="eligibleQuantity" itemscope="" itemtype="http://schema.org/QuantitativeValue">/<span itemprop="unitText">200g</span></span></td><td>$2.49/100g</td><td style="display: none;">2020-02-26</td><td style="display: none;"></td><td style="display: none;">house brand</td><td style="display: none;"></td><td style="display: none;">regular, light</td><td style="display: none;"></td><td style="display: none;"></td><td style="display: none;">available at most locations</td><td style="display: none;"><a class="recipeLink" href="/recipe_ingredient_search_results.php?query=(_QU5E__1__________150__[]_1_1)">Recipes with cheese, feta</a></td></tr><tr role="row" class="even"><td tabindex="0"><i class="fas fa-hand-rock"></i></td><td class=" not_printable"><div class="addToGL" data-soscuisine-aisle="5" data-soscuisine-sip="3944303"><i class="fa fa-cart-plus" title="Add to My Grocery List"></i><div></div></div></td><td><img class="storeItemImage" alt="cheese, feta" src="/media/images/store_item/blank.jpg"></td><td>cheese, feta</td><td class="not_printable sorting_1">dairy products &amp; eggs</td><td><img style="width:50%;" src="/media/images/logos/marchands/70.png" alt="FreshCo"></td><td><span itemprop="price">$3.00</span><span itemprop="eligibleQuantity" itemscope="" itemtype="http://schema.org/QuantitativeValue">/<span itemprop="unitText">5.3oz (150g)</span></span></td><td>$2.00/100g</td><td style="display: none;">2020-02-26</td><td style="display: none;"></td><td style="display: none;">Tre Stelle</td><td style="display: none;"></td><td style="display: none;"></td><td style="display: none;"></td><td style="display: none;"></td><td style="display: none;"></td><td style="display: none;"><a class="recipeLink" href="/recipe_ingredient_search_results.php?query=(_QU5E__1__________150__[]_1_1)">Recipes with cheese, feta</a></td></tr><tr role="row" class="odd"><td tabindex="0"><i class="fas fa-hand-rock"></i></td><td class=" not_printable"><div class="addToGL" data-soscuisine-aisle="5" data-soscuisine-sip="3944521"><i class="fa fa-cart-plus" title="Add to My Grocery List"></i><div></div></div></td><td><img class="storeItemImage" alt="cheese, feta" src="/media/images/store_item/blank.jpg"></td><td>cheese, feta</td><td class="not_printable sorting_1">dairy products &amp; eggs</td><td><img style="width:50%;" src="/media/images/logos/marchands/17.png" alt="Price Chopper"></td><td><span itemprop="price">$3.00</span><span itemprop="eligibleQuantity" itemscope="" itemtype="http://schema.org/QuantitativeValue">/<span itemprop="unitText">5.3oz (150g)</span></span></td><td>$2.00/100g</td><td style="display: none;">2020-02-26</td><td style="display: none;"></td><td style="display: none;">Tre Stelle</td><td style="display: none;"></td><td style="display: none;"></td><td style="display: none;"></td><td style="display: none;"></td><td style="display: none;"></td><td style="display: none;"><a class="recipeLink" href="/recipe_ingredient_search_results.php?query=(_QU5E__1__________150__[]_1_1)">Recipes with cheese, feta</a></td></tr><tr role="row" class="even"><td tabindex="0"><i class="fa fa-thumbs-down"></i></td><td class=" not_printable"><div class="addToGL" data-soscuisine-aisle="5" data-soscuisine-sip="3943509"><i class="fa fa-cart-plus" title="Add to My Grocery List"></i><div></div></div></td><td><img class="storeItemImage" alt="cheese, feta" src="/media/images/store_item/blank.jpg"></td><td>cheese, feta</td><td class="not_printable sorting_1">dairy products &amp; eggs</td><td><img style="width:50%;" src="/media/images/logos/marchands/15.png" alt="Sobeys"></td><td><span itemprop="price">$8.99</span><span itemprop="eligibleQuantity" itemscope="" itemtype="http://schema.org/QuantitativeValue">/<span itemprop="unitText">400g</span></span></td><td>$2.25/100g</td><td style="display: none;">2020-02-26</td><td style="display: none;"></td><td style="display: none;">house brand</td><td style="display: none;"></td><td style="display: none;"></td><td style="display: none;"></td><td style="display: none;"></td><td style="display: none;"></td><td style="display: none;"><a class="recipeLink" href="/recipe_ingredient_search_results.php?query=(_QU5E__1__________150__[]_1_1)">Recipes with cheese, feta</a></td></tr><tr role="row" class="odd"><td tabindex="0"><i class="fa fa-thumbs-down"></i></td><td class=" not_printable"><div class="addToGL" data-soscuisine-aisle="5" data-soscuisine-sip="3944963"><i class="fa fa-cart-plus" title="Add to My Grocery List"></i><div></div></div></td><td><img class="storeItemImage" alt="cheese, goat cheese" src="/media/images/store_item/blank.jpg"></td><td>cheese, goat cheese</td><td class="not_printable sorting_1">dairy products &amp; eggs</td><td><img style="width:50%;" src="/media/images/logos/marchands/38.png" alt="Farm Boy"></td><td><span itemprop="price">$5.99</span><span itemprop="eligibleQuantity" itemscope="" itemtype="http://schema.org/QuantitativeValue">/<span itemprop="unitText">165g</span></span></td><td>$3.63/100g</td><td style="display: none;">2020-02-26</td><td style="display: none;">Canada</td><td style="display: none;">Woolwich</td><td style="display: none;"></td><td style="display: none;"></td><td style="display: none;"></td><td style="display: none;"></td><td style="display: none;"></td><td style="display: none;"><a class="recipeLink" href="/recipe_ingredient_search_results.php?query=(_QU5E__1__________156__[]_1_1)">Recipes with cheese, goat cheese</a></td></tr><tr role="row" class="even"><td tabindex="0"><i class="fa fa-thumbs-down"></i></td><td class=" not_printable"><div class="addToGL" data-soscuisine-aisle="5" data-soscuisine-sip="3945903"><i class="fa fa-cart-plus" title="Add to My Grocery List"></i><div></div></div></td><td><img class="storeItemImage" alt="cheese, Gorgonzola" src="/media/images/store_item/blank.jpg"></td><td>cheese, Gorgonzola</td><td class="not_printable sorting_1">dairy products &amp; eggs</td><td><img style="width:50%;" src="/media/images/logos/marchands/20.png" alt="Metro"></td><td><span itemprop="price">$3.59</span><span itemprop="eligibleQuantity" itemscope="" itemtype="http://schema.org/QuantitativeValue">/<span itemprop="unitText">100g</span></span></td><td>$3.59/100g</td><td style="display: none;">2020-02-26</td><td style="display: none;"></td><td style="display: none;">Castello</td><td style="display: none;"></td><td style="display: none;"></td><td style="display: none;"></td><td style="display: none;"></td><td style="display: none;"></td><td style="display: none;"><a class="recipeLink" href="/recipe_ingredient_search_results.php?query=(_QU5E__1__________148__[]_1_1)">Recipes with cheese, Gorgonzola</a></td></tr><tr role="row" class="odd"><td tabindex="0"><i class="fas fa-hand-rock"></i></td><td class=" not_printable"><div class="addToGL" data-soscuisine-aisle="5" data-soscuisine-sip="3941771"><i class="fa fa-cart-plus" title="Add to My Grocery List"></i><div></div></div></td><td><img class="storeItemImage" alt="cheese, gouda" src="/media/images/store_item/blank.jpg"></td><td>cheese, gouda</td><td class="not_printable sorting_1">dairy products &amp; eggs</td><td><img style="width:50%;" src="/media/images/logos/marchands/19.png" alt="Loblaws"></td><td><span itemprop="price">$2.99</span><span itemprop="eligibleQuantity" itemscope="" itemtype="http://schema.org/QuantitativeValue">/<span itemprop="unitText">100g</span></span></td><td>$2.99/100g</td><td style="display: none;">2020-02-26</td><td style="display: none;"></td><td style="display: none;">Beemster</td><td style="display: none;"></td><td style="display: none;"></td><td style="display: none;"></td><td style="display: none;"></td><td style="display: none;">mild</td><td style="display: none;"></td></tr><tr role="row" class="even"><td tabindex="0"><i class="fas fa-hand-rock"></i></td><td class=" not_printable"><div class="addToGL" data-soscuisine-aisle="5" data-soscuisine-sip="3943475"><i class="fa fa-cart-plus" title="Add to My Grocery List"></i><div></div></div></td><td><img class="storeItemImage" alt="cheese, gouda" src="/media/images/store_item/blank.jpg"></td><td>cheese, gouda</td><td class="not_printable sorting_1">dairy products &amp; eggs</td><td><img style="width:50%;" src="/media/images/logos/marchands/39.png" alt="Your Independent Grocer"></td><td><span itemprop="price">$2.99</span><span itemprop="eligibleQuantity" itemscope="" itemtype="http://schema.org/QuantitativeValue">/<span itemprop="unitText">100g</span></span></td><td>$2.99/100g</td><td style="display: none;">2020-02-26</td><td style="display: none;"></td><td style="display: none;">Beemster</td><td style="display: none;"></td><td style="display: none;"></td><td style="display: none;"></td><td style="display: none;"></td><td style="display: none;"></td><td style="display: none;"></td></tr><tr role="row" class="odd"><td tabindex="0"><i class="fas fa-hand-rock"></i></td><td class=" not_printable"><div class="addToGL" data-soscuisine-aisle="5" data-soscuisine-sip="3941777"><i class="fa fa-cart-plus" title="Add to My Grocery List"></i><div></div></div></td><td><img class="storeItemImage" alt="cheese, Parmigiano" src="/media/images/store_item/blank.jpg"></td><td>cheese, Parmigiano</td><td class="not_printable sorting_1">dairy products &amp; eggs</td><td><img style="width:50%;" src="/media/images/logos/marchands/19.png" alt="Loblaws"></td><td><span itemprop="price">$3.49</span><span itemprop="eligibleQuantity" itemscope="" itemtype="http://schema.org/QuantitativeValue">/<span itemprop="unitText">100g</span></span></td><td>$3.49/100g</td><td style="display: none;">2020-02-26</td><td style="display: none;">Italy</td><td style="display: none;"></td><td style="display: none;"></td><td style="display: none;">Reggiano</td><td style="display: none;"></td><td style="display: none;"></td><td style="display: none;"></td><td style="display: none;"><a class="recipeLink" href="/recipe_ingredient_search_results.php?query=(_QU5E__1__________15__[]_1_1)">Recipes with cheese, Parmigiano</a></td></tr><tr role="row" class="even"><td tabindex="0"><i class="fa fa-thumbs-up"></i></td><td class=" not_printable"><div class="addToGL" data-soscuisine-aisle="5" data-soscuisine-sip="3945659"><i class="fa fa-cart-plus" title="Add to My Grocery List"></i><div></div></div></td><td><img class="storeItemImage" alt="cheese, Parmigiano" src="/media/images/store_item/blank.jpg"></td><td>cheese, Parmigiano</td><td class="not_printable sorting_1">dairy products &amp; eggs</td><td><img style="width:50%;" src="/media/images/logos/marchands/20.png" alt="Metro"></td><td><span itemprop="price">$2.89</span><span itemprop="eligibleQuantity" itemscope="" itemtype="http://schema.org/QuantitativeValue">/<span itemprop="unitText">100g</span></span></td><td>$2.89/100g</td><td style="display: none;">2020-02-26</td><td style="display: none;"></td><td style="display: none;"></td><td style="display: none;"></td><td style="display: none;">Reggiano</td><td style="display: none;"></td><td style="display: none;"></td><td style="display: none;"></td><td style="display: none;"><a class="recipeLink" href="/recipe_ingredient_search_results.php?query=(_QU5E__1__________15__[]_1_1)">Recipes with cheese, Parmigiano</a></td></tr><tr role="row" class="odd"><td tabindex="0"><i class="fa fa-thumbs-up"></i><i class="fa fa-thumbs-up"></i></td><td class=" not_printable"><div class="addToGL" data-soscuisine-aisle="5" data-soscuisine-sip="3944887"><i class="fa fa-cart-plus" title="Add to My Grocery List"></i><div></div></div></td><td><img class="storeItemImage" alt="cheese, Parmigiano" src="/media/images/store_item/blank.jpg"></td><td>cheese, Parmigiano</td><td class="not_printable sorting_1">dairy products &amp; eggs</td><td><img style="width:50%;" src="/media/images/logos/marchands/52.png" alt="Real Canadian Superstore"></td><td><span itemprop="price">$20.00</span><span itemprop="eligibleQuantity" itemscope="" itemtype="http://schema.org/QuantitativeValue">/<span itemprop="unitText">800g</span></span></td><td>$2.50/100g</td><td style="display: none;">2020-02-26</td><td style="display: none;"></td><td style="display: none;">house brand</td><td style="display: none;"></td><td style="display: none;"></td><td style="display: none;"></td><td style="display: none;"></td><td style="display: none;">Splendido</td><td style="display: none;"><a class="recipeLink" href="/recipe_ingredient_search_results.php?query=(_QU5E__1__________15__[]_1_1)">Recipes with cheese, Parmigiano</a></td></tr><tr role="row" class="even"><td tabindex="0"><i class="fas fa-hand-rock"></i></td><td class=" not_printable"><div class="addToGL" data-soscuisine-aisle="5" data-soscuisine-sip="3943483"><i class="fa fa-cart-plus" title="Add to My Grocery List"></i><div></div></div></td><td><img class="storeItemImage" alt="cheese, Parmigiano" src="/media/images/store_item/blank.jpg"></td><td>cheese, Parmigiano</td><td class="not_printable sorting_1">dairy products &amp; eggs</td><td><img style="width:50%;" src="/media/images/logos/marchands/39.png" alt="Your Independent Grocer"></td><td><span itemprop="price">$3.49</span><span itemprop="eligibleQuantity" itemscope="" itemtype="http://schema.org/QuantitativeValue">/<span itemprop="unitText">100g</span></span></td><td>$3.49/100g</td><td style="display: none;">2020-02-26</td><td style="display: none;">Italy</td><td style="display: none;"></td><td style="display: none;"></td><td style="display: none;">Reggiano</td><td style="display: none;"></td><td style="display: none;"></td><td style="display: none;"></td><td style="display: none;"><a class="recipeLink" href="/recipe_ingredient_search_results.php?query=(_QU5E__1__________15__[]_1_1)">Recipes with cheese, Parmigiano</a></td></tr><tr role="row" class="odd"><td tabindex="0"><i class="fas fa-hand-rock"></i></td><td class=" not_printable"><div class="addToGL" data-soscuisine-aisle="5" data-soscuisine-sip="3945901"><i class="fa fa-cart-plus" title="Add to My Grocery List"></i><div></div></div></td><td><img class="storeItemImage" alt="cheese, Provolone" src="/media/images/store_item/blank.jpg"></td><td>cheese, Provolone</td><td class="not_printable sorting_1">dairy products &amp; eggs</td><td><img style="width:50%;" src="/media/images/logos/marchands/20.png" alt="Metro"></td><td><span itemprop="price">$2.49</span><span itemprop="eligibleQuantity" itemscope="" itemtype="http://schema.org/QuantitativeValue">/<span itemprop="unitText">100g</span></span></td><td>$2.49/100g</td><td style="display: none;">2020-02-26</td><td style="display: none;"></td><td style="display: none;">Saputo</td><td style="display: none;"></td><td style="display: none;"></td><td style="display: none;"></td><td style="display: none;"></td><td style="display: none;"></td><td style="display: none;"></td></tr><tr role="row" class="even"><td tabindex="0"><i class="fa fa-thumbs-down"></i></td><td class=" not_printable"><div class="addToGL" data-soscuisine-aisle="5" data-soscuisine-sip="3942335"><i class="fa fa-cart-plus" title="Add to My Grocery List"></i><div></div></div></td><td><img class="storeItemImage" alt="cheese, ricotta" src="/media/images/store_item/blank.jpg"></td><td>cheese, ricotta</td><td class="not_printable sorting_1">dairy products &amp; eggs</td><td><img style="width:50%;" src="/media/images/logos/marchands/16.png" alt="Foodland"></td><td><span itemprop="price">$5.99</span><span itemprop="eligibleQuantity" itemscope="" itemtype="http://schema.org/QuantitativeValue">/<span itemprop="unitText">475g</span></span></td><td>$1.26/100g</td><td style="display: none;">2020-02-26</td><td style="display: none;"></td><td style="display: none;">Tre Stelle</td><td style="display: none;"></td><td style="display: none;"></td><td style="display: none;"></td><td style="display: none;"></td><td style="display: none;">available at most locations</td><td style="display: none;"><a class="recipeLink" href="/recipe_ingredient_search_results.php?query=(_QU5E__1__________427__[]_1_1)">Recipes with cheese, ricotta</a></td></tr><tr role="row" class="odd"><td tabindex="0"><i class="fa fa-thumbs-down"></i></td><td class=" not_printable"><div class="addToGL" data-soscuisine-aisle="5" data-soscuisine-sip="3941775"><i class="fa fa-cart-plus" title="Add to My Grocery List"></i><div></div></div></td><td><img class="storeItemImage" alt="cheese, ricotta" src="/media/images/store_item/blank.jpg"></td><td>cheese, ricotta</td><td class="not_printable sorting_1">dairy products &amp; eggs</td><td><img style="width:50%;" src="/media/images/logos/marchands/19.png" alt="Loblaws"></td><td><span itemprop="price">$5.49</span><span itemprop="eligibleQuantity" itemscope="" itemtype="http://schema.org/QuantitativeValue">/<span itemprop="unitText">454g (1lb)</span></span></td><td>$1.21/100g</td><td style="display: none;">2020-02-26</td><td style="display: none;">Canada</td><td style="display: none;">house brand</td><td style="display: none;"></td><td style="display: none;"></td><td style="display: none;"></td><td style="display: none;"></td><td style="display: none;"></td><td style="display: none;"><a class="recipeLink" href="/recipe_ingredient_search_results.php?query=(_QU5E__1__________427__[]_1_1)">Recipes with cheese, ricotta</a></td></tr><tr role="row" class="even"><td tabindex="0"><i class="fa fa-thumbs-down"></i></td><td class=" not_printable"><div class="addToGL" data-soscuisine-aisle="5" data-soscuisine-sip="3945895"><i class="fa fa-cart-plus" title="Add to My Grocery List"></i><div></div></div></td><td><img class="storeItemImage" alt="cheese, ricotta" src="/media/images/store_item/blank.jpg"></td><td>cheese, ricotta</td><td class="not_printable sorting_1">dairy products &amp; eggs</td><td><img style="width:50%;" src="/media/images/logos/marchands/20.png" alt="Metro"></td><td><span itemprop="price">$6.49</span><span itemprop="eligibleQuantity" itemscope="" itemtype="http://schema.org/QuantitativeValue">/<span itemprop="unitText">475g</span></span></td><td>$1.37/100g</td><td style="display: none;">2020-02-26</td><td style="display: none;"></td><td style="display: none;">Tre Stelle</td><td style="display: none;"></td><td style="display: none;"></td><td style="display: none;"></td><td style="display: none;"></td><td style="display: none;"></td><td style="display: none;"><a class="recipeLink" href="/recipe_ingredient_search_results.php?query=(_QU5E__1__________427__[]_1_1)">Recipes with cheese, ricotta</a></td></tr><tr role="row" class="odd"><td tabindex="0"><i class="fa fa-thumbs-down"></i></td><td class=" not_printable"><div class="addToGL" data-soscuisine-aisle="5" data-soscuisine-sip="3943481"><i class="fa fa-cart-plus" title="Add to My Grocery List"></i><div></div></div></td><td><img class="storeItemImage" alt="cheese, ricotta" src="/media/images/store_item/blank.jpg"></td><td>cheese, ricotta</td><td class="not_printable sorting_1">dairy products &amp; eggs</td><td><img style="width:50%;" src="/media/images/logos/marchands/39.png" alt="Your Independent Grocer"></td><td><span itemprop="price">$5.49</span><span itemprop="eligibleQuantity" itemscope="" itemtype="http://schema.org/QuantitativeValue">/<span itemprop="unitText">454g (1lb)</span></span></td><td>$1.21/100g</td><td style="display: none;">2020-02-26</td><td style="display: none;">Canada</td><td style="display: none;">house brand</td><td style="display: none;"></td><td style="display: none;"></td><td style="display: none;"></td><td style="display: none;"></td><td style="display: none;"></td><td style="display: none;"><a class="recipeLink" href="/recipe_ingredient_search_results.php?query=(_QU5E__1__________427__[]_1_1)">Recipes with cheese, ricotta</a></td></tr><tr role="row" class="even"><td tabindex="0"><i class="fa fa-thumbs-up"></i></td><td class=" not_printable"><div class="addToGL" data-soscuisine-aisle="5" data-soscuisine-sip="3945675"><i class="fa fa-cart-plus" title="Add to My Grocery List"></i><div></div></div></td><td><img class="storeItemImage" alt="chocolate milk" src="/media/images/store_item/blank.jpg"></td><td>chocolate milk</td><td class="not_printable sorting_1">dairy products &amp; eggs</td><td><img style="width:50%;" src="/media/images/logos/marchands/20.png" alt="Metro"></td><td><span itemprop="price">$0.99</span><span itemprop="eligibleQuantity" itemscope="" itemtype="http://schema.org/QuantitativeValue">/<span itemprop="unitText">750mL</span></span></td><td>$1.32/L</td><td style="display: none;">2020-02-26</td><td style="display: none;"></td><td style="display: none;">Beatrice</td><td style="display: none;"></td><td style="display: none;"></td><td style="display: none;"></td><td style="display: none;"></td><td style="display: none;"></td><td style="display: none;"><a class="recipeLink" href="/recipe_ingredient_search_results.php?query=(_QU5E__1__________1167__[]_1_1)">Recipes with chocolate milk</a></td></tr><tr role="row" class="odd"><td tabindex="0"><i class="fa fa-thumbs-up"></i></td><td class=" not_printable"><div class="addToGL" data-soscuisine-aisle="5" data-soscuisine-sip="3945319"><i class="fa fa-cart-plus" title="Add to My Grocery List"></i><div></div></div></td><td><img class="storeItemImage" alt="chocolate milk" src="/media/images/store_item/blank.jpg"></td><td>chocolate milk</td><td class="not_printable sorting_1">dairy products &amp; eggs</td><td><img style="width:50%;" src="/media/images/logos/marchands/14.png" alt="No Frills"></td><td><span itemprop="price">$1.00</span><span itemprop="eligibleQuantity" itemscope="" itemtype="http://schema.org/QuantitativeValue">/<span itemprop="unitText">750mL</span></span></td><td>$1.33/L</td><td style="display: none;">2020-02-26</td><td style="display: none;"></td><td style="display: none;">Neilson</td><td style="display: none;"></td><td style="display: none;"></td><td style="display: none;"></td><td style="display: none;"></td><td style="display: none;"></td><td style="display: none;"><a class="recipeLink" href="/recipe_ingredient_search_results.php?query=(_QU5E__1__________1167__[]_1_1)">Recipes with chocolate milk</a></td></tr><tr role="row" class="even"><td tabindex="0"><i class="fas fa-circle"></i></td><td class=" not_printable"><div class="addToGL" data-soscuisine-aisle="5" data-soscuisine-sip="3941793"><i class="fa fa-cart-plus" title="Add to My Grocery List"></i><div></div></div></td><td><img class="storeItemImage" alt="chocolate milk, ultrafiltered, lactose-free" src="/media/images/store_item/blank.jpg"></td><td>chocolate milk, ultrafiltered, lactose-free</td><td class="not_printable sorting_1">dairy products &amp; eggs</td><td><img style="width:50%;" src="/media/images/logos/marchands/19.png" alt="Loblaws"></td><td><span itemprop="price">$3.99</span><span itemprop="eligibleQuantity" itemscope="" itemtype="http://schema.org/QuantitativeValue">/<span itemprop="unitText">1,5L</span></span></td><td>N/A</td><td style="display: none;">2020-02-26</td><td style="display: none;"></td><td style="display: none;">Fairlife</td><td style="display: none;"></td><td style="display: none;"></td><td style="display: none;"></td><td style="display: none;"></td><td style="display: none;"></td><td style="display: none;"></td></tr><tr role="row" class="odd"><td tabindex="0"><i class="fas fa-circle"></i></td><td class=" not_printable"><div class="addToGL" data-soscuisine-aisle="5" data-soscuisine-sip="3943525"><i class="fa fa-cart-plus" title="Add to My Grocery List"></i><div></div></div></td><td><img class="storeItemImage" alt="chocolate milk, ultrafiltered, lactose-free" src="/media/images/store_item/blank.jpg"></td><td>chocolate milk, ultrafiltered, lactose-free</td><td class="not_printable sorting_1">dairy products &amp; eggs</td><td><img style="width:50%;" src="/media/images/logos/marchands/39.png" alt="Your Independent Grocer"></td><td><span itemprop="price">$3.99</span><span itemprop="eligibleQuantity" itemscope="" itemtype="http://schema.org/QuantitativeValue">/<span itemprop="unitText">1,5L</span></span></td><td>N/A</td><td style="display: none;">2020-02-26</td><td style="display: none;"></td><td style="display: none;">Fairlife</td><td style="display: none;"></td><td style="display: none;"></td><td style="display: none;"></td><td style="display: none;"></td><td style="display: none;"></td><td style="display: none;"></td></tr><tr role="row" class="even"><td tabindex="0"><i class="fas fa-hand-rock"></i></td><td class=" not_printable"><div class="addToGL" data-soscuisine-aisle="5" data-soscuisine-sip="3945555"><i class="fa fa-cart-plus" title="Add to My Grocery List"></i><div></div></div></td><td><img class="storeItemImage" alt="cream 10%" src="/media/images/store_item/blank.jpg"></td><td>cream 10%</td><td class="not_printable sorting_1">dairy products &amp; eggs</td><td><img style="width:50%;" src="/media/images/logos/marchands/18.png" alt="Food Basics"></td><td><span itemprop="price">$2.47</span><span itemprop="eligibleQuantity" itemscope="" itemtype="http://schema.org/QuantitativeValue">/<span itemprop="unitText">1L</span></span></td><td>$0.25/100mL</td><td style="display: none;">2020-02-26</td><td style="display: none;"></td><td style="display: none;">house brand</td><td style="display: none;"></td><td style="display: none;"></td><td style="display: none;"></td><td style="display: none;"></td><td style="display: none;"></td><td style="display: none;"><a class="recipeLink" href="/recipe_ingredient_search_results.php?query=(_QU5E__1__________774__[]_1_1)">Recipes with cream 10%</a></td></tr><tr role="row" class="odd"><td tabindex="0"><i class="fas fa-hand-rock"></i></td><td class=" not_printable"><div class="addToGL" data-soscuisine-aisle="5" data-soscuisine-sip="3945557"><i class="fa fa-cart-plus" title="Add to My Grocery List"></i><div></div></div></td><td><img class="storeItemImage" alt="cream 35%" src="/media/images/store_item/blank.jpg"></td><td>cream 35%</td><td class="not_printable sorting_1">dairy products &amp; eggs</td><td><img style="width:50%;" src="/media/images/logos/marchands/18.png" alt="Food Basics"></td><td><span itemprop="price">$2.47</span><span itemprop="eligibleQuantity" itemscope="" itemtype="http://schema.org/QuantitativeValue">/<span itemprop="unitText">16oz (473mL)</span></span></td><td>$0.52/100mL</td><td style="display: none;">2020-02-26</td><td style="display: none;"></td><td style="display: none;">house brand</td><td style="display: none;"></td><td style="display: none;">whipping</td><td style="display: none;"></td><td style="display: none;"></td><td style="display: none;"></td><td style="display: none;"><a class="recipeLink" href="/recipe_ingredient_search_results.php?query=(_QU5E__1__________146__[]_1_1)">Recipes with cream 35%</a></td></tr><tr role="row" class="even"><td tabindex="0"><i class="fas fa-hand-rock"></i></td><td class=" not_printable"><div class="addToGL" data-soscuisine-aisle="5" data-soscuisine-sip="3943221"><i class="fa fa-cart-plus" title="Add to My Grocery List"></i><div></div></div></td><td><img class="storeItemImage" alt="egg whites" src="/media/images/store_item/blank.jpg"></td><td>egg whites</td><td class="not_printable sorting_1">dairy products &amp; eggs</td><td><img style="width:50%;" src="/media/images/logos/marchands/16.png" alt="Foodland"></td><td><span itemprop="price">$3.49</span><span itemprop="eligibleQuantity" itemscope="" itemtype="http://schema.org/QuantitativeValue">/<span itemprop="unitText">500g</span></span></td><td>$0.70/100g</td><td style="display: none;">2020-02-26</td><td style="display: none;"></td><td style="display: none;">Egg Creations</td><td style="display: none;"></td><td style="display: none;"></td><td style="display: none;"></td><td style="display: none;"></td><td style="display: none;"></td><td style="display: none;"><a class="recipeLink" href="/recipe_ingredient_search_results.php?query=(_QU5E__1__________906__[]_1_1)">Recipes with egg whites</a></td></tr><tr role="row" class="odd"><td tabindex="0"><i class="fas fa-hand-rock"></i></td><td class=" not_printable"><div class="addToGL" data-soscuisine-aisle="5" data-soscuisine-sip="3944185"><i class="fa fa-cart-plus" title="Add to My Grocery List"></i><div></div></div></td><td><img class="storeItemImage" alt="eggs" src="/media/images/store_item/blank.jpg"></td><td>eggs</td><td class="not_printable sorting_1">dairy products &amp; eggs</td><td><img style="width:50%;" src="/media/images/logos/marchands/70.png" alt="FreshCo"></td><td><span itemprop="price">$3.00</span><span itemprop="eligibleQuantity" itemscope="" itemtype="http://schema.org/QuantitativeValue">/<span itemprop="unitText">dozen</span></span></td><td>$0.42/100g</td><td style="display: none;">2020-02-26</td><td style="display: none;"></td><td style="display: none;">house brand</td><td style="display: none;">standard</td><td style="display: none;"></td><td style="display: none;">omega-3</td><td style="display: none;"></td><td style="display: none;"></td><td style="display: none;"><a class="recipeLink" href="/recipe_ingredient_search_results.php?query=(_QU5E__1__________157__[]_1_1)">Recipes with eggs</a></td></tr><tr role="row" class="even"><td tabindex="0"><i class="fas fa-hand-rock"></i></td><td class=" not_printable"><div class="addToGL" data-soscuisine-aisle="5" data-soscuisine-sip="3944821"><i class="fa fa-cart-plus" title="Add to My Grocery List"></i><div></div></div></td><td><img class="storeItemImage" alt="eggs" src="/media/images/store_item/blank.jpg"></td><td>eggs</td><td class="not_printable sorting_1">dairy products &amp; eggs</td><td><img style="width:50%;" src="/media/images/logos/marchands/52.png" alt="Real Canadian Superstore"></td><td><span itemprop="price">$2.88</span><span itemprop="eligibleQuantity" itemscope="" itemtype="http://schema.org/QuantitativeValue">/<span itemprop="unitText">dozen</span></span></td><td>$0.36/100g</td><td style="display: none;">2020-02-26</td><td style="display: none;"></td><td style="display: none;">house brand</td><td style="display: none;">extra-large</td><td style="display: none;">white</td><td style="display: none;"></td><td style="display: none;"></td><td style="display: none;"></td><td style="display: none;"><a class="recipeLink" href="/recipe_ingredient_search_results.php?query=(_QU5E__1__________157__[]_1_1)">Recipes with eggs</a></td></tr><tr role="row" class="odd"><td tabindex="0"><i class="fas fa-hand-rock"></i></td><td class=" not_printable"><div class="addToGL" data-soscuisine-aisle="5" data-soscuisine-sip="3943703"><i class="fa fa-cart-plus" title="Add to My Grocery List"></i><div></div></div></td><td><img class="storeItemImage" alt="eggs" src="/media/images/store_item/blank.jpg"></td><td>eggs</td><td class="not_printable sorting_1">dairy products &amp; eggs</td><td><img style="width:50%;" src="/media/images/logos/marchands/15.png" alt="Sobeys"></td><td><span itemprop="price">$3.99</span><span itemprop="eligibleQuantity" itemscope="" itemtype="http://schema.org/QuantitativeValue">/<span itemprop="unitText">dozen</span></span></td><td>$0.56/100g</td><td style="display: none;">2020-02-26</td><td style="display: none;"></td><td style="display: none;">house brand</td><td style="display: none;">standard</td><td style="display: none;"></td><td style="display: none;">omega-3</td><td style="display: none;"></td><td style="display: none;"></td><td style="display: none;"><a class="recipeLink" href="/recipe_ingredient_search_results.php?query=(_QU5E__1__________157__[]_1_1)">Recipes with eggs</a></td></tr><tr role="row" class="even"><td tabindex="0"><i class="fa fa-thumbs-up"></i><i class="fa fa-thumbs-up"></i></td><td class=" not_printable"><div class="addToGL" data-soscuisine-aisle="5" data-soscuisine-sip="3941911"><i class="fa fa-cart-plus" title="Add to My Grocery List"></i><div></div></div></td><td><img class="storeItemImage" alt="kefir" src="/media/images/store_item/blank.jpg"></td><td>kefir</td><td class="not_printable sorting_1">dairy products &amp; eggs</td><td><img style="width:50%;" src="/media/images/logos/marchands/19.png" alt="Loblaws"></td><td><span itemprop="price">$3.99</span><span itemprop="eligibleQuantity" itemscope="" itemtype="http://schema.org/QuantitativeValue">/<span itemprop="unitText">1L</span></span></td><td>$0.45/100g</td><td style="display: none;">2020-02-26</td><td style="display: none;"></td><td style="display: none;">Liberté</td><td style="display: none;"></td><td style="display: none;"></td><td style="display: none;"></td><td style="display: none;"></td><td style="display: none;"></td><td style="display: none;"><a class="recipeLink" href="/recipe_ingredient_search_results.php?query=(_QU5E__1__________422__[]_1_1)">Recipes with kefir</a></td></tr><tr role="row" class="odd"><td tabindex="0"><i class="fa fa-thumbs-down"></i></td><td class=" not_printable"><div class="addToGL" data-soscuisine-aisle="5" data-soscuisine-sip="3943715"><i class="fa fa-cart-plus" title="Add to My Grocery List"></i><div></div></div></td><td><img class="storeItemImage" alt="kefir" src="/media/images/store_item/blank.jpg"></td><td>kefir</td><td class="not_printable sorting_1">dairy products &amp; eggs</td><td><img style="width:50%;" src="/media/images/logos/marchands/15.png" alt="Sobeys"></td><td><span itemprop="price">$6.00</span><span itemprop="eligibleQuantity" itemscope="" itemtype="http://schema.org/QuantitativeValue">/<span itemprop="value">2</span>x<span itemprop="unitText">500g</span></span></td><td>$0.60/100g</td><td style="display: none;">2020-02-26</td><td style="display: none;"></td><td style="display: none;">Astro</td><td style="display: none;"></td><td style="display: none;"></td><td style="display: none;"></td><td style="display: none;"></td><td style="display: none;"></td><td style="display: none;"><a class="recipeLink" href="/recipe_ingredient_search_results.php?query=(_QU5E__1__________422__[]_1_1)">Recipes with kefir</a></td></tr><tr role="row" class="even"><td tabindex="0"><i class="fa fa-thumbs-up"></i><i class="fa fa-thumbs-up"></i></td><td class=" not_printable"><div class="addToGL" data-soscuisine-aisle="5" data-soscuisine-sip="3944259"><i class="fa fa-cart-plus" title="Add to My Grocery List"></i><div></div></div></td><td><img class="storeItemImage" alt="kefir" src="/media/images/store_item/blank.jpg"></td><td>kefir</td><td class="not_printable sorting_1">dairy products &amp; eggs</td><td><img style="width:50%;" src="/media/images/logos/marchands/39.png" alt="Your Independent Grocer"></td><td><span itemprop="price">$3.99</span><span itemprop="eligibleQuantity" itemscope="" itemtype="http://schema.org/QuantitativeValue">/<span itemprop="unitText">1L</span></span></td><td>$0.45/100g</td><td style="display: none;">2020-02-26</td><td style="display: none;"></td><td style="display: none;">Liberté</td><td style="display: none;"></td><td style="display: none;"></td><td style="display: none;"></td><td style="display: none;"></td><td style="display: none;"></td><td style="display: none;"><a class="recipeLink" href="/recipe_ingredient_search_results.php?query=(_QU5E__1__________422__[]_1_1)">Recipes with kefir</a></td></tr><tr role="row" class="odd"><td tabindex="0"><i class="fa fa-thumbs-down"></i></td><td class=" not_printable"><div class="addToGL" data-soscuisine-aisle="5" data-soscuisine-sip="3944969"><i class="fa fa-cart-plus" title="Add to My Grocery List"></i><div></div></div></td><td><img class="storeItemImage" alt="milk ORGANIC" src="/media/images/store_item/blank.jpg"></td><td>milk ORGANIC</td><td class="not_printable sorting_1">dairy products &amp; eggs</td><td><img style="width:50%;" src="/media/images/logos/marchands/38.png" alt="Farm Boy"></td><td><span itemprop="price">$3.49</span><span itemprop="eligibleQuantity" itemscope="" itemtype="http://schema.org/QuantitativeValue">/<span itemprop="unitText">946mL</span></span></td><td>$3.69/L</td><td style="display: none;">2020-02-26</td><td style="display: none;"></td><td style="display: none;">house brand</td><td style="display: none;"></td><td style="display: none;"></td><td style="display: none;"></td><td style="display: none;"></td><td style="display: none;"></td><td style="display: none;"><a class="recipeLink" href="/recipe_ingredient_search_results.php?query=(_QU5E__1__________796__[]_1_1)">Recipes with milk ORGANIC</a></td></tr><tr role="row" class="even"><td tabindex="0"><i class="fas fa-hand-rock"></i></td><td class=" not_printable"><div class="addToGL" data-soscuisine-aisle="5" data-soscuisine-sip="3945963"><i class="fa fa-cart-plus" title="Add to My Grocery List"></i><div></div></div></td><td><img class="storeItemImage" alt="milk ORGANIC" src="/media/images/store_item/blank.jpg"></td><td>milk ORGANIC</td><td class="not_printable sorting_1">dairy products &amp; eggs</td><td><img style="width:50%;" src="/media/images/logos/marchands/20.png" alt="Metro"></td><td><span itemprop="price">$5.99</span><span itemprop="eligibleQuantity" itemscope="" itemtype="http://schema.org/QuantitativeValue">/<span itemprop="unitText">2L</span></span></td><td>$2.99/L</td><td style="display: none;">2020-02-26</td><td style="display: none;"></td><td style="display: none;">Natrel</td><td style="display: none;"></td><td style="display: none;"></td><td style="display: none;"></td><td style="display: none;"></td><td style="display: none;"></td><td style="display: none;"><a class="recipeLink" href="/recipe_ingredient_search_results.php?query=(_QU5E__1__________796__[]_1_1)">Recipes with milk ORGANIC</a></td></tr><tr role="row" class="odd"><td tabindex="0"><i class="fa fa-thumbs-down"></i></td><td class=" not_printable"><div class="addToGL" data-soscuisine-aisle="5" data-soscuisine-sip="3945729"><i class="fa fa-cart-plus" title="Add to My Grocery List"></i><div></div></div></td><td><img class="storeItemImage" alt="milk, lactose-free" src="/media/images/store_item/blank.jpg"></td><td>milk, lactose-free</td><td class="not_printable sorting_1">dairy products &amp; eggs</td><td><img style="width:50%;" src="/media/images/logos/marchands/20.png" alt="Metro"></td><td><span itemprop="price">$5.49</span><span itemprop="eligibleQuantity" itemscope="" itemtype="http://schema.org/QuantitativeValue">/<span itemprop="unitText">2L</span></span></td><td>$2.74/L</td><td style="display: none;">2020-02-26</td><td style="display: none;"></td><td style="display: none;">Lactantia</td><td style="display: none;"></td><td style="display: none;"></td><td style="display: none;"></td><td style="display: none;"></td><td style="display: none;"></td><td style="display: none;"><a class="recipeLink" href="/recipe_ingredient_search_results.php?query=(_QU5E__1__________672__[]_1_1)">Recipes with milk, lactose-free</a></td></tr><tr role="row" class="even"><td tabindex="0"><i class="fa fa-thumbs-up"></i></td><td class=" not_printable"><div class="addToGL" data-soscuisine-aisle="5" data-soscuisine-sip="3943425"><i class="fa fa-cart-plus" title="Add to My Grocery List"></i><div></div></div></td><td><img class="storeItemImage" alt="milk, lactose-free" src="/media/images/store_item/blank.jpg"></td><td>milk, lactose-free</td><td class="not_printable sorting_1">dairy products &amp; eggs</td><td><img style="width:50%;" src="/media/images/logos/marchands/15.png" alt="Sobeys"></td><td><span itemprop="price">$4.97</span><span itemprop="eligibleQuantity" itemscope="" itemtype="http://schema.org/QuantitativeValue">/<span itemprop="unitText">2L</span></span></td><td>$2.48/L</td><td style="display: none;">2020-02-26</td><td style="display: none;"></td><td style="display: none;">Natrel</td><td style="display: none;"></td><td style="display: none;"></td><td style="display: none;"></td><td style="display: none;"></td><td style="display: none;"></td><td style="display: none;"><a class="recipeLink" href="/recipe_ingredient_search_results.php?query=(_QU5E__1__________672__[]_1_1)">Recipes with milk, lactose-free</a></td></tr><tr role="row" class="odd"><td tabindex="0"><i class="fa fa-thumbs-down"></i></td><td class=" not_printable"><div class="addToGL" data-soscuisine-aisle="5" data-soscuisine-sip="3943177"><i class="fa fa-cart-plus" title="Add to My Grocery List"></i><div></div></div></td><td><img class="storeItemImage" alt="milk, partly skimmed, 2%" src="/media/images/store_item/blank.jpg"></td><td>milk, partly skimmed, 2%</td><td class="not_printable sorting_1">dairy products &amp; eggs</td><td><img style="width:50%;" src="/media/images/logos/marchands/16.png" alt="Foodland"></td><td><span itemprop="price">$2.99</span><span itemprop="eligibleQuantity" itemscope="" itemtype="http://schema.org/QuantitativeValue">/<span itemprop="unitText">1L</span></span></td><td>$2.99/L</td><td style="display: none;">2020-02-26</td><td style="display: none;"></td><td style="display: none;">Natrel</td><td style="display: none;"></td><td style="display: none;"></td><td style="display: none;"></td><td style="display: none;"></td><td style="display: none;"></td><td style="display: none;"><a class="recipeLink" href="/recipe_ingredient_search_results.php?query=(_QU5E__1__________19__[]_1_1)">Recipes with milk, partly skimmed, 2%</a></td></tr><tr role="row" class="even"><td tabindex="0"><i class="fas fa-hand-rock"></i></td><td class=" not_printable"><div class="addToGL" data-soscuisine-aisle="5" data-soscuisine-sip="3945727"><i class="fa fa-cart-plus" title="Add to My Grocery List"></i><div></div></div></td><td><img class="storeItemImage" alt="milk, partly skimmed, 2%" src="/media/images/store_item/blank.jpg"></td><td>milk, partly skimmed, 2%</td><td class="not_printable sorting_1">dairy products &amp; eggs</td><td><img style="width:50%;" src="/media/images/logos/marchands/20.png" alt="Metro"></td><td><span itemprop="price">$5.49</span><span itemprop="eligibleQuantity" itemscope="" itemtype="http://schema.org/QuantitativeValue">/<span itemprop="unitText">4L</span></span></td><td>$1.37/L</td><td style="display: none;">2020-02-26</td><td style="display: none;"></td><td style="display: none;">Lactantia</td><td style="display: none;"></td><td style="display: none;"></td><td style="display: none;"></td><td style="display: none;"></td><td style="display: none;"></td><td style="display: none;"><a class="recipeLink" href="/recipe_ingredient_search_results.php?query=(_QU5E__1__________19__[]_1_1)">Recipes with milk, partly skimmed, 2%</a></td></tr><tr role="row" class="odd"><td tabindex="0"><i class="fa fa-thumbs-down"></i></td><td class=" not_printable"><div class="addToGL" data-soscuisine-aisle="5" data-soscuisine-sip="3945953"><i class="fa fa-cart-plus" title="Add to My Grocery List"></i><div></div></div></td><td><img class="storeItemImage" alt="milk, partly skimmed, 2%" src="/media/images/store_item/blank.jpg"></td><td>milk, partly skimmed, 2%</td><td class="not_printable sorting_1">dairy products &amp; eggs</td><td><img style="width:50%;" src="/media/images/logos/marchands/20.png" alt="Metro"></td><td><span itemprop="price">$4.99</span><span itemprop="eligibleQuantity" itemscope="" itemtype="http://schema.org/QuantitativeValue">/<span itemprop="unitText">2L</span></span></td><td>$2.49/L</td><td style="display: none;">2020-02-26</td><td style="display: none;"></td><td style="display: none;">Natrel</td><td style="display: none;"></td><td style="display: none;"></td><td style="display: none;"></td><td style="display: none;"></td><td style="display: none;"></td><td style="display: none;"><a class="recipeLink" href="/recipe_ingredient_search_results.php?query=(_QU5E__1__________19__[]_1_1)">Recipes with milk, partly skimmed, 2%</a></td></tr><tr role="row" class="even"><td tabindex="0"><i class="fas fa-circle"></i></td><td class=" not_printable"><div class="addToGL" data-soscuisine-aisle="5" data-soscuisine-sip="3941797"><i class="fa fa-cart-plus" title="Add to My Grocery List"></i><div></div></div></td><td><img class="storeItemImage" alt="milk, ultrafiltered, lactose-free" src="/media/images/store_item/blank.jpg"></td><td>milk, ultrafiltered, lactose-free</td><td class="not_printable sorting_1">dairy products &amp; eggs</td><td><img style="width:50%;" src="/media/images/logos/marchands/19.png" alt="Loblaws"></td><td><span itemprop="price">$3.99</span><span itemprop="eligibleQuantity" itemscope="" itemtype="http://schema.org/QuantitativeValue">/<span itemprop="unitText">1,5L</span></span></td><td>N/A</td><td style="display: none;">2020-02-26</td><td style="display: none;"></td><td style="display: none;">Fairlife</td><td style="display: none;"></td><td style="display: none;"></td><td style="display: none;"></td><td style="display: none;"></td><td style="display: none;"></td><td style="display: none;"></td></tr><tr role="row" class="odd"><td tabindex="0"><i class="fas fa-circle"></i></td><td class=" not_printable"><div class="addToGL" data-soscuisine-aisle="5" data-soscuisine-sip="3943533"><i class="fa fa-cart-plus" title="Add to My Grocery List"></i><div></div></div></td><td><img class="storeItemImage" alt="milk, ultrafiltered, lactose-free" src="/media/images/store_item/blank.jpg"></td><td>milk, ultrafiltered, lactose-free</td><td class="not_printable sorting_1">dairy products &amp; eggs</td><td><img style="width:50%;" src="/media/images/logos/marchands/39.png" alt="Your Independent Grocer"></td><td><span itemprop="price">$3.99</span><span itemprop="eligibleQuantity" itemscope="" itemtype="http://schema.org/QuantitativeValue">/<span itemprop="unitText">1,5L</span></span></td><td>N/A</td><td style="display: none;">2020-02-26</td><td style="display: none;"></td><td style="display: none;">Fairlife</td><td style="display: none;"></td><td style="display: none;"></td><td style="display: none;"></td><td style="display: none;"></td><td style="display: none;"></td><td style="display: none;"></td></tr><tr role="row" class="even"><td tabindex="0"><i class="fas fa-exclamation"></i></td><td class=" not_printable"><div class="addToGL" data-soscuisine-aisle="5" data-soscuisine-sip="3944993"><i class="fa fa-cart-plus" title="Add to My Grocery List"></i><div></div></div></td><td><img class="storeItemImage" alt="probiotic" src="/media/images/store_item/blank.jpg"></td><td>probiotic</td><td class="not_printable sorting_1">dairy products &amp; eggs</td><td><img style="width:50%;" src="/media/images/logos/marchands/38.png" alt="Farm Boy"></td><td><span itemprop="price">$17.99</span><span itemprop="eligibleQuantity" itemscope="" itemtype="http://schema.org/QuantitativeValue">/<span itemprop="value">6</span>x<span itemprop="unitText">98g</span></span></td><td>$30.60/kg</td><td style="display: none;">2020-02-26</td><td style="display: none;"></td><td style="display: none;">Bio-K</td><td style="display: none;"></td><td style="display: none;"></td><td style="display: none;"></td><td style="display: none;"></td><td style="display: none;"></td><td style="display: none;"><a class="recipeLink" href="/recipe_ingredient_search_results.php?query=(_QU5E__1__________1025__[]_1_1)">Recipes with probiotic</a></td></tr><tr role="row" class="odd"><td tabindex="0"><i class="fas fa-hand-rock"></i></td><td class=" not_printable"><div class="addToGL" data-soscuisine-aisle="5" data-soscuisine-sip="3945513"><i class="fa fa-cart-plus" title="Add to My Grocery List"></i><div></div></div></td><td><img class="storeItemImage" alt="probiotic drink" src="/media/images/store_item/blank.jpg"></td><td>probiotic drink</td><td class="not_printable sorting_1">dairy products &amp; eggs</td><td><img style="width:50%;" src="/media/images/logos/marchands/18.png" alt="Food Basics"></td><td><span itemprop="price">$4.99</span><span itemprop="eligibleQuantity" itemscope="" itemtype="http://schema.org/QuantitativeValue">/<span itemprop="value">8</span>x<span itemprop="unitText">93mL</span></span></td><td>$0.67/100mL</td><td style="display: none;">2020-02-26</td><td style="display: none;"></td><td style="display: none;">Activia</td><td style="display: none;"></td><td style="display: none;"></td><td style="display: none;"></td><td style="display: none;"></td><td style="display: none;"></td><td style="display: none;"></td></tr><tr role="row" class="even"><td tabindex="0"><i class="fas fa-hand-rock"></i></td><td class=" not_printable"><div class="addToGL" data-soscuisine-aisle="5" data-soscuisine-sip="3941815"><i class="fa fa-cart-plus" title="Add to My Grocery List"></i><div></div></div></td><td><img class="storeItemImage" alt="sour cream" src="/media/images/store_item/blank.jpg"></td><td>sour cream</td><td class="not_printable sorting_1">dairy products &amp; eggs</td><td><img style="width:50%;" src="/media/images/logos/marchands/19.png" alt="Loblaws"></td><td><span itemprop="price">$5.00</span><span itemprop="eligibleQuantity" itemscope="" itemtype="http://schema.org/QuantitativeValue">/<span itemprop="value">2</span>x<span itemprop="unitText">500mL</span></span></td><td>$0.50/100mL</td><td style="display: none;">2020-02-26</td><td style="display: none;"></td><td style="display: none;">house brand</td><td style="display: none;"></td><td style="display: none;"></td><td style="display: none;"></td><td style="display: none;"></td><td style="display: none;"></td><td style="display: none;"><a class="recipeLink" href="/recipe_ingredient_search_results.php?query=(_QU5E__1__________21__[]_1_1)">Recipes with sour cream</a></td></tr><tr role="row" class="odd"><td tabindex="0"><i class="fa fa-thumbs-down"></i></td><td class=" not_printable"><div class="addToGL" data-soscuisine-aisle="5" data-soscuisine-sip="3941813"><i class="fa fa-cart-plus" title="Add to My Grocery List"></i><div></div></div></td><td><img class="storeItemImage" alt="sour cream" src="/media/images/store_item/blank.jpg"></td><td>sour cream</td><td class="not_printable sorting_1">dairy products &amp; eggs</td><td><img style="width:50%;" src="/media/images/logos/marchands/19.png" alt="Loblaws"></td><td><span itemprop="price">$2.99</span><span itemprop="eligibleQuantity" itemscope="" itemtype="http://schema.org/QuantitativeValue">/<span itemprop="unitText">500mL</span></span></td><td>$0.60/100mL</td><td style="display: none;">2020-02-26</td><td style="display: none;"></td><td style="display: none;">house brand</td><td style="display: none;"></td><td style="display: none;"></td><td style="display: none;"></td><td style="display: none;"></td><td style="display: none;"></td><td style="display: none;"><a class="recipeLink" href="/recipe_ingredient_search_results.php?query=(_QU5E__1__________21__[]_1_1)">Recipes with sour cream</a></td></tr><tr role="row" class="even"><td tabindex="0"><i class="fa fa-thumbs-up"></i></td><td class=" not_printable"><div class="addToGL" data-soscuisine-aisle="5" data-soscuisine-sip="3945407"><i class="fa fa-cart-plus" title="Add to My Grocery List"></i><div></div></div></td><td><img class="storeItemImage" alt="sour cream" src="/media/images/store_item/blank.jpg"></td><td>sour cream</td><td class="not_printable sorting_1">dairy products &amp; eggs</td><td><img style="width:50%;" src="/media/images/logos/marchands/14.png" alt="No Frills"></td><td><span itemprop="price">$1.00</span><span itemprop="eligibleQuantity" itemscope="" itemtype="http://schema.org/QuantitativeValue">/<span itemprop="unitText">250mL</span></span></td><td>$0.40/100mL</td><td style="display: none;">2020-02-26</td><td style="display: none;"></td><td style="display: none;">Neilson</td><td style="display: none;"></td><td style="display: none;"></td><td style="display: none;"></td><td style="display: none;"></td><td style="display: none;"></td><td style="display: none;"><a class="recipeLink" href="/recipe_ingredient_search_results.php?query=(_QU5E__1__________21__[]_1_1)">Recipes with sour cream</a></td></tr><tr role="row" class="odd"><td tabindex="0"><i class="fas fa-hand-rock"></i></td><td class=" not_printable"><div class="addToGL" data-soscuisine-aisle="5" data-soscuisine-sip="3943721"><i class="fa fa-cart-plus" title="Add to My Grocery List"></i><div></div></div></td><td><img class="storeItemImage" alt="sour cream" src="/media/images/store_item/blank.jpg"></td><td>sour cream</td><td class="not_printable sorting_1">dairy products &amp; eggs</td><td><img style="width:50%;" src="/media/images/logos/marchands/15.png" alt="Sobeys"></td><td><span itemprop="price">$5.00</span><span itemprop="eligibleQuantity" itemscope="" itemtype="http://schema.org/QuantitativeValue">/<span itemprop="value">2</span>x<span itemprop="unitText">500mL</span></span></td><td>$0.50/100mL</td><td style="display: none;">2020-02-26</td><td style="display: none;"></td><td style="display: none;">Gay Lea</td><td style="display: none;"></td><td style="display: none;"></td><td style="display: none;"></td><td style="display: none;"></td><td style="display: none;"></td><td style="display: none;"><a class="recipeLink" href="/recipe_ingredient_search_results.php?query=(_QU5E__1__________21__[]_1_1)">Recipes with sour cream</a></td></tr><tr role="row" class="even"><td tabindex="0"><i class="fas fa-hand-rock"></i></td><td class=" not_printable"><div class="addToGL" data-soscuisine-aisle="5" data-soscuisine-sip="3943567"><i class="fa fa-cart-plus" title="Add to My Grocery List"></i><div></div></div></td><td><img class="storeItemImage" alt="sour cream" src="/media/images/store_item/blank.jpg"></td><td>sour cream</td><td class="not_printable sorting_1">dairy products &amp; eggs</td><td><img style="width:50%;" src="/media/images/logos/marchands/39.png" alt="Your Independent Grocer"></td><td><span itemprop="price">$5.00</span><span itemprop="eligibleQuantity" itemscope="" itemtype="http://schema.org/QuantitativeValue">/<span itemprop="value">2</span>x<span itemprop="unitText">500mL</span></span></td><td>$0.50/100mL</td><td style="display: none;">2020-02-26</td><td style="display: none;"></td><td style="display: none;">house brand</td><td style="display: none;"></td><td style="display: none;"></td><td style="display: none;"></td><td style="display: none;"></td><td style="display: none;"></td><td style="display: none;"><a class="recipeLink" href="/recipe_ingredient_search_results.php?query=(_QU5E__1__________21__[]_1_1)">Recipes with sour cream</a></td></tr><tr role="row" class="odd"><td tabindex="0"><i class="fa fa-thumbs-down"></i></td><td class=" not_printable"><div class="addToGL" data-soscuisine-aisle="5" data-soscuisine-sip="3943565"><i class="fa fa-cart-plus" title="Add to My Grocery List"></i><div></div></div></td><td><img class="storeItemImage" alt="sour cream" src="/media/images/store_item/blank.jpg"></td><td>sour cream</td><td class="not_printable sorting_1">dairy products &amp; eggs</td><td><img style="width:50%;" src="/media/images/logos/marchands/39.png" alt="Your Independent Grocer"></td><td><span itemprop="price">$2.99</span><span itemprop="eligibleQuantity" itemscope="" itemtype="http://schema.org/QuantitativeValue">/<span itemprop="unitText">500mL</span></span></td><td>$0.60/100mL</td><td style="display: none;">2020-02-26</td><td style="display: none;"></td><td style="display: none;">house brand</td><td style="display: none;"></td><td style="display: none;"></td><td style="display: none;"></td><td style="display: none;"></td><td style="display: none;"></td><td style="display: none;"><a class="recipeLink" href="/recipe_ingredient_search_results.php?query=(_QU5E__1__________21__[]_1_1)">Recipes with sour cream</a></td></tr><tr role="row" class="even"><td tabindex="0"><i class="fa fa-thumbs-up"></i><i class="fa fa-thumbs-up"></i></td><td class=" not_printable"><div class="addToGL" data-soscuisine-aisle="5" data-soscuisine-sip="3944413"><i class="fa fa-cart-plus" title="Add to My Grocery List"></i><div></div></div></td><td><img class="storeItemImage" alt="yogurt, fruit" src="/media/images/store_item/blank.jpg"></td><td>yogurt, fruit</td><td class="not_printable sorting_1">dairy products &amp; eggs</td><td><img style="width:50%;" src="/media/images/logos/marchands/70.png" alt="FreshCo"></td><td><span itemprop="price">$2.00</span><span itemprop="eligibleQuantity" itemscope="" itemtype="http://schema.org/QuantitativeValue">/<span itemprop="unitText">650g</span></span></td><td>$3.08/kg</td><td style="display: none;">2020-02-26</td><td style="display: none;"></td><td style="display: none;">Yoplait</td><td style="display: none;"></td><td style="display: none;"></td><td style="display: none;"></td><td style="display: none;"></td><td style="display: none;">or Astro</td><td style="display: none;"><a class="recipeLink" href="/recipe_ingredient_search_results.php?query=(_QU5E__1__________655__[]_1_1)">Recipes with yogurt, fruit</a></td></tr><tr role="row" class="odd"><td tabindex="0"><i class="fa fa-thumbs-up"></i></td><td class=" not_printable"><div class="addToGL" data-soscuisine-aisle="5" data-soscuisine-sip="3941923"><i class="fa fa-cart-plus" title="Add to My Grocery List"></i><div></div></div></td><td><img class="storeItemImage" alt="yogurt, fruit" src="/media/images/store_item/blank.jpg"></td><td>yogurt, fruit</td><td class="not_printable sorting_1">dairy products &amp; eggs</td><td><img style="width:50%;" src="/media/images/logos/marchands/19.png" alt="Loblaws"></td><td><span itemprop="price">$7.50</span><span itemprop="eligibleQuantity" itemscope="" itemtype="http://schema.org/QuantitativeValue">/<span itemprop="value">3</span>x<span itemprop="unitText">650g</span></span></td><td>$3.85/kg</td><td style="display: none;">2020-02-26</td><td style="display: none;"></td><td style="display: none;">Yoplait</td><td style="display: none;"></td><td style="display: none;"></td><td style="display: none;"></td><td style="display: none;"></td><td style="display: none;">Source</td><td style="display: none;"><a class="recipeLink" href="/recipe_ingredient_search_results.php?query=(_QU5E__1__________655__[]_1_1)">Recipes with yogurt, fruit</a></td></tr><tr role="row" class="even"><td tabindex="0"><i class="fas fa-hand-rock"></i></td><td class=" not_printable"><div class="addToGL" data-soscuisine-aisle="5" data-soscuisine-sip="3941909"><i class="fa fa-cart-plus" title="Add to My Grocery List"></i><div></div></div></td><td><img class="storeItemImage" alt="yogurt, fruit" src="/media/images/store_item/blank.jpg"></td><td>yogurt, fruit</td><td class="not_printable sorting_1">dairy products &amp; eggs</td><td><img style="width:50%;" src="/media/images/logos/marchands/19.png" alt="Loblaws"></td><td><span itemprop="price">$2.99</span><span itemprop="eligibleQuantity" itemscope="" itemtype="http://schema.org/QuantitativeValue">/<span itemprop="unitText">650g</span></span></td><td>$4.60/kg</td><td style="display: none;">2020-02-26</td><td style="display: none;"></td><td style="display: none;">Danone</td><td style="display: none;"></td><td style="display: none;"></td><td style="display: none;"></td><td style="display: none;"></td><td style="display: none;">or Yoplait, Source</td><td style="display: none;"><a class="recipeLink" href="/recipe_ingredient_search_results.php?query=(_QU5E__1__________655__[]_1_1)">Recipes with yogurt, fruit</a></td></tr><tr role="row" class="odd"><td tabindex="0"><i class="fa fa-thumbs-down"></i></td><td class=" not_printable"><div class="addToGL" data-soscuisine-aisle="5" data-soscuisine-sip="3941897"><i class="fa fa-cart-plus" title="Add to My Grocery List"></i><div></div></div></td><td><img class="storeItemImage" alt="yogurt, fruit" src="/media/images/store_item/blank.jpg"></td><td>yogurt, fruit</td><td class="not_printable sorting_1">dairy products &amp; eggs</td><td><img style="width:50%;" src="/media/images/logos/marchands/19.png" alt="Loblaws"></td><td><span itemprop="price">$5.49</span><span itemprop="eligibleQuantity" itemscope="" itemtype="http://schema.org/QuantitativeValue">/<span itemprop="unitText">710g</span></span></td><td>$7.73/kg</td><td style="display: none;">2020-02-26</td><td style="display: none;"></td><td style="display: none;"></td><td style="display: none;"></td><td style="display: none;"></td><td style="display: none;"></td><td style="display: none;"></td><td style="display: none;">Light &amp; Free</td><td style="display: none;"><a class="recipeLink" href="/recipe_ingredient_search_results.php?query=(_QU5E__1__________655__[]_1_1)">Recipes with yogurt, fruit</a></td></tr><tr role="row" class="even"><td tabindex="0"><i class="fa fa-thumbs-down"></i></td><td class=" not_printable"><div class="addToGL" data-soscuisine-aisle="5" data-soscuisine-sip="3941915"><i class="fa fa-cart-plus" title="Add to My Grocery List"></i><div></div></div></td><td><img class="storeItemImage" alt="yogurt, fruit" src="/media/images/store_item/blank.jpg"></td><td>yogurt, fruit</td><td class="not_printable sorting_1">dairy products &amp; eggs</td><td><img style="width:50%;" src="/media/images/logos/marchands/19.png" alt="Loblaws"></td><td><span itemprop="price">$3.99</span><span itemprop="eligibleQuantity" itemscope="" itemtype="http://schema.org/QuantitativeValue">/<span itemprop="unitText">500g</span></span></td><td>$7.98/kg</td><td style="display: none;">2020-02-26</td><td style="display: none;"></td><td style="display: none;">Liberté</td><td style="display: none;"></td><td style="display: none;"></td><td style="display: none;"></td><td style="display: none;"></td><td style="display: none;">Skyr</td><td style="display: none;"><a class="recipeLink" href="/recipe_ingredient_search_results.php?query=(_QU5E__1__________655__[]_1_1)">Recipes with yogurt, fruit</a></td></tr><tr role="row" class="odd"><td tabindex="0"><i class="fa fa-thumbs-down"></i></td><td class=" not_printable"><div class="addToGL" data-soscuisine-aisle="5" data-soscuisine-sip="3941903"><i class="fa fa-cart-plus" title="Add to My Grocery List"></i><div></div></div></td><td><img class="storeItemImage" alt="yogurt, fruit" src="/media/images/store_item/blank.jpg"></td><td>yogurt, fruit</td><td class="not_printable sorting_1">dairy products &amp; eggs</td><td><img style="width:50%;" src="/media/images/logos/marchands/19.png" alt="Loblaws"></td><td><span itemprop="price">$4.49</span><span itemprop="eligibleQuantity" itemscope="" itemtype="http://schema.org/QuantitativeValue">/<span itemprop="unitText">500g</span></span></td><td>$8.98/kg</td><td style="display: none;">2020-02-26</td><td style="display: none;"></td><td style="display: none;">Danone</td><td style="display: none;"></td><td style="display: none;"></td><td style="display: none;"></td><td style="display: none;"></td><td style="display: none;">YoPRO</td><td style="display: none;"><a class="recipeLink" href="/recipe_ingredient_search_results.php?query=(_QU5E__1__________655__[]_1_1)">Recipes with yogurt, fruit</a></td></tr><tr role="row" class="even"><td tabindex="0"><i class="fa fa-thumbs-down"></i></td><td class=" not_printable"><div class="addToGL" data-soscuisine-aisle="5" data-soscuisine-sip="3945975"><i class="fa fa-cart-plus" title="Add to My Grocery List"></i><div></div></div></td><td><img class="storeItemImage" alt="yogurt, fruit" src="/media/images/store_item/blank.jpg"></td><td>yogurt, fruit</td><td class="not_printable sorting_1">dairy products &amp; eggs</td><td><img style="width:50%;" src="/media/images/logos/marchands/20.png" alt="Metro"></td><td><span itemprop="price">$4.99</span><span itemprop="eligibleQuantity" itemscope="" itemtype="http://schema.org/QuantitativeValue">/<span itemprop="unitText">750g</span></span></td><td>$6.65/kg</td><td style="display: none;">2020-02-26</td><td style="display: none;"></td><td style="display: none;">Liberté</td><td style="display: none;"></td><td style="display: none;">greek</td><td style="display: none;"></td><td style="display: none;"></td><td style="display: none;"></td><td style="display: none;"><a class="recipeLink" href="/recipe_ingredient_search_results.php?query=(_QU5E__1__________655__[]_1_1)">Recipes with yogurt, fruit</a></td></tr><tr role="row" class="odd"><td tabindex="0"><i class="fa fa-thumbs-up"></i><i class="fa fa-thumbs-up"></i></td><td class=" not_printable"><div class="addToGL" data-soscuisine-aisle="5" data-soscuisine-sip="3945357"><i class="fa fa-cart-plus" title="Add to My Grocery List"></i><div></div></div></td><td><img class="storeItemImage" alt="yogurt, fruit" src="/media/images/store_item/blank.jpg"></td><td>yogurt, fruit</td><td class="not_printable sorting_1">dairy products &amp; eggs</td><td><img style="width:50%;" src="/media/images/logos/marchands/14.png" alt="No Frills"></td><td><span itemprop="price">$1.00</span><span itemprop="eligibleQuantity" itemscope="" itemtype="http://schema.org/QuantitativeValue">/<span itemprop="unitText">500g</span></span></td><td>$2.00/kg</td><td style="display: none;">2020-02-26</td><td style="display: none;"></td><td style="display: none;">Beatrice</td><td style="display: none;"></td><td style="display: none;"></td><td style="display: none;"></td><td style="display: none;"></td><td style="display: none;"></td><td style="display: none;"><a class="recipeLink" href="/recipe_ingredient_search_results.php?query=(_QU5E__1__________655__[]_1_1)">Recipes with yogurt, fruit</a></td></tr><tr role="row" class="even"><td tabindex="0"><i class="fa fa-thumbs-up"></i><i class="fa fa-thumbs-up"></i></td><td class=" not_printable"><div class="addToGL" data-soscuisine-aisle="5" data-soscuisine-sip="3944573"><i class="fa fa-cart-plus" title="Add to My Grocery List"></i><div></div></div></td><td><img class="storeItemImage" alt="yogurt, fruit" src="/media/images/store_item/blank.jpg"></td><td>yogurt, fruit</td><td class="not_printable sorting_1">dairy products &amp; eggs</td><td><img style="width:50%;" src="/media/images/logos/marchands/17.png" alt="Price Chopper"></td><td><span itemprop="price">$2.00</span><span itemprop="eligibleQuantity" itemscope="" itemtype="http://schema.org/QuantitativeValue">/<span itemprop="unitText">650g</span></span></td><td>$3.08/kg</td><td style="display: none;">2020-02-26</td><td style="display: none;"></td><td style="display: none;">Yoplait</td><td style="display: none;"></td><td style="display: none;"></td><td style="display: none;"></td><td style="display: none;"></td><td style="display: none;">or Astro</td><td style="display: none;"><a class="recipeLink" href="/recipe_ingredient_search_results.php?query=(_QU5E__1__________655__[]_1_1)">Recipes with yogurt, fruit</a></td></tr><tr role="row" class="odd"><td tabindex="0"><i class="fa fa-thumbs-up"></i><i class="fa fa-thumbs-up"></i></td><td class=" not_printable"><div class="addToGL" data-soscuisine-aisle="5" data-soscuisine-sip="3944819"><i class="fa fa-cart-plus" title="Add to My Grocery List"></i><div></div></div></td><td><img class="storeItemImage" alt="yogurt, fruit" src="/media/images/store_item/blank.jpg"></td><td>yogurt, fruit</td><td class="not_printable sorting_1">dairy products &amp; eggs</td><td><img style="width:50%;" src="/media/images/logos/marchands/52.png" alt="Real Canadian Superstore"></td><td><span itemprop="price">$2.00</span><span itemprop="eligibleQuantity" itemscope="" itemtype="http://schema.org/QuantitativeValue">/<span itemprop="unitText">650g</span></span></td><td>$3.08/kg</td><td style="display: none;">2020-02-26</td><td style="display: none;"></td><td style="display: none;">Yoplait</td><td style="display: none;"></td><td style="display: none;"></td><td style="display: none;"></td><td style="display: none;"></td><td style="display: none;">Source</td><td style="display: none;"><a class="recipeLink" href="/recipe_ingredient_search_results.php?query=(_QU5E__1__________655__[]_1_1)">Recipes with yogurt, fruit</a></td></tr><tr role="row" class="even"><td tabindex="0"><i class="fa fa-thumbs-down"></i></td><td class=" not_printable"><div class="addToGL" data-soscuisine-aisle="5" data-soscuisine-sip="3943421"><i class="fa fa-cart-plus" title="Add to My Grocery List"></i><div></div></div></td><td><img class="storeItemImage" alt="yogurt, fruit" src="/media/images/store_item/blank.jpg"></td><td>yogurt, fruit</td><td class="not_printable sorting_1">dairy products &amp; eggs</td><td><img style="width:50%;" src="/media/images/logos/marchands/15.png" alt="Sobeys"></td><td><span itemprop="price">$4.97</span><span itemprop="eligibleQuantity" itemscope="" itemtype="http://schema.org/QuantitativeValue">/<span itemprop="unitText">750g</span></span></td><td>$6.63/kg</td><td style="display: none;">2020-02-26</td><td style="display: none;"></td><td style="display: none;">Oikos</td><td style="display: none;"></td><td style="display: none;">greek</td><td style="display: none;"></td><td style="display: none;"></td><td style="display: none;"></td><td style="display: none;"><a class="recipeLink" href="/recipe_ingredient_search_results.php?query=(_QU5E__1__________655__[]_1_1)">Recipes with yogurt, fruit</a></td></tr><tr role="row" class="odd"><td tabindex="0"><i class="fa fa-thumbs-up"></i></td><td class=" not_printable"><div class="addToGL" data-soscuisine-aisle="5" data-soscuisine-sip="3944285"><i class="fa fa-cart-plus" title="Add to My Grocery List"></i><div></div></div></td><td><img class="storeItemImage" alt="yogurt, fruit" src="/media/images/store_item/blank.jpg"></td><td>yogurt, fruit</td><td class="not_printable sorting_1">dairy products &amp; eggs</td><td><img style="width:50%;" src="/media/images/logos/marchands/39.png" alt="Your Independent Grocer"></td><td><span itemprop="price">$7.50</span><span itemprop="eligibleQuantity" itemscope="" itemtype="http://schema.org/QuantitativeValue">/<span itemprop="value">3</span>x<span itemprop="unitText">650g</span></span></td><td>$3.85/kg</td><td style="display: none;">2020-02-26</td><td style="display: none;"></td><td style="display: none;">Yoplait</td><td style="display: none;"></td><td style="display: none;"></td><td style="display: none;"></td><td style="display: none;"></td><td style="display: none;">Source</td><td style="display: none;"><a class="recipeLink" href="/recipe_ingredient_search_results.php?query=(_QU5E__1__________655__[]_1_1)">Recipes with yogurt, fruit</a></td></tr><tr role="row" class="even"><td tabindex="0"><i class="fas fa-hand-rock"></i></td><td class=" not_printable"><div class="addToGL" data-soscuisine-aisle="5" data-soscuisine-sip="3944255"><i class="fa fa-cart-plus" title="Add to My Grocery List"></i><div></div></div></td><td><img class="storeItemImage" alt="yogurt, fruit" src="/media/images/store_item/blank.jpg"></td><td>yogurt, fruit</td><td class="not_printable sorting_1">dairy products &amp; eggs</td><td><img style="width:50%;" src="/media/images/logos/marchands/39.png" alt="Your Independent Grocer"></td><td><span itemprop="price">$2.99</span><span itemprop="eligibleQuantity" itemscope="" itemtype="http://schema.org/QuantitativeValue">/<span itemprop="unitText">650g</span></span></td><td>$4.60/kg</td><td style="display: none;">2020-02-26</td><td style="display: none;"></td><td style="display: none;">Danone</td><td style="display: none;"></td><td style="display: none;"></td><td style="display: none;"></td><td style="display: none;"></td><td style="display: none;">or Yoplait, Source</td><td style="display: none;"><a class="recipeLink" href="/recipe_ingredient_search_results.php?query=(_QU5E__1__________655__[]_1_1)">Recipes with yogurt, fruit</a></td></tr><tr role="row" class="odd"><td tabindex="0"><i class="fa fa-thumbs-down"></i></td><td class=" not_printable"><div class="addToGL" data-soscuisine-aisle="5" data-soscuisine-sip="3944231"><i class="fa fa-cart-plus" title="Add to My Grocery List"></i><div></div></div></td><td><img class="storeItemImage" alt="yogurt, fruit" src="/media/images/store_item/blank.jpg"></td><td>yogurt, fruit</td><td class="not_printable sorting_1">dairy products &amp; eggs</td><td><img style="width:50%;" src="/media/images/logos/marchands/39.png" alt="Your Independent Grocer"></td><td><span itemprop="price">$5.49</span><span itemprop="eligibleQuantity" itemscope="" itemtype="http://schema.org/QuantitativeValue">/<span itemprop="unitText">710g</span></span></td><td>$7.73/kg</td><td style="display: none;">2020-02-26</td><td style="display: none;"></td><td style="display: none;"></td><td style="display: none;"></td><td style="display: none;"></td><td style="display: none;"></td><td style="display: none;"></td><td style="display: none;">Light &amp; Free</td><td style="display: none;"><a class="recipeLink" href="/recipe_ingredient_search_results.php?query=(_QU5E__1__________655__[]_1_1)">Recipes with yogurt, fruit</a></td></tr><tr role="row" class="even"><td tabindex="0"><i class="fa fa-thumbs-down"></i></td><td class=" not_printable"><div class="addToGL" data-soscuisine-aisle="5" data-soscuisine-sip="3944273"><i class="fa fa-cart-plus" title="Add to My Grocery List"></i><div></div></div></td><td><img class="storeItemImage" alt="yogurt, fruit" src="/media/images/store_item/blank.jpg"></td><td>yogurt, fruit</td><td class="not_printable sorting_1">dairy products &amp; eggs</td><td><img style="width:50%;" src="/media/images/logos/marchands/39.png" alt="Your Independent Grocer"></td><td><span itemprop="price">$3.99</span><span itemprop="eligibleQuantity" itemscope="" itemtype="http://schema.org/QuantitativeValue">/<span itemprop="unitText">500g</span></span></td><td>$7.98/kg</td><td style="display: none;">2020-02-26</td><td style="display: none;"></td><td style="display: none;">Liberté</td><td style="display: none;"></td><td style="display: none;"></td><td style="display: none;"></td><td style="display: none;"></td><td style="display: none;">Skyr</td><td style="display: none;"><a class="recipeLink" href="/recipe_ingredient_search_results.php?query=(_QU5E__1__________655__[]_1_1)">Recipes with yogurt, fruit</a></td></tr><tr role="row" class="odd"><td tabindex="0"><i class="fa fa-thumbs-down"></i></td><td class=" not_printable"><div class="addToGL" data-soscuisine-aisle="5" data-soscuisine-sip="3944247"><i class="fa fa-cart-plus" title="Add to My Grocery List"></i><div></div></div></td><td><img class="storeItemImage" alt="yogurt, fruit" src="/media/images/store_item/blank.jpg"></td><td>yogurt, fruit</td><td class="not_printable sorting_1">dairy products &amp; eggs</td><td><img style="width:50%;" src="/media/images/logos/marchands/39.png" alt="Your Independent Grocer"></td><td><span itemprop="price">$4.49</span><span itemprop="eligibleQuantity" itemscope="" itemtype="http://schema.org/QuantitativeValue">/<span itemprop="unitText">500g</span></span></td><td>$8.98/kg</td><td style="display: none;">2020-02-26</td><td style="display: none;"></td><td style="display: none;">Danone</td><td style="display: none;"></td><td style="display: none;"></td><td style="display: none;"></td><td style="display: none;"></td><td style="display: none;">YoPRO</td><td style="display: none;"><a class="recipeLink" href="/recipe_ingredient_search_results.php?query=(_QU5E__1__________655__[]_1_1)">Recipes with yogurt, fruit</a></td></tr><tr role="row" class="even"><td tabindex="0"><i class="fa fa-thumbs-up"></i></td><td class=" not_printable"><div class="addToGL" data-soscuisine-aisle="5" data-soscuisine-sip="3944971"><i class="fa fa-cart-plus" title="Add to My Grocery List"></i><div></div></div></td><td><img class="storeItemImage" alt="yogurt, fruit, more than 6% M.F." src="/media/images/store_item/blank.jpg"></td><td>yogurt, fruit, more than 6% M.F.</td><td class="not_printable sorting_1">dairy products &amp; eggs</td><td><img style="width:50%;" src="/media/images/logos/marchands/38.png" alt="Farm Boy"></td><td><span itemprop="price">$4.99</span><span itemprop="eligibleQuantity" itemscope="" itemtype="http://schema.org/QuantitativeValue">/<span itemprop="unitText">750g</span></span></td><td>$6.65/kg</td><td style="display: none;">2020-02-26</td><td style="display: none;"></td><td style="display: none;">Liberté</td><td style="display: none;"></td><td style="display: none;">méditérranée</td><td style="display: none;"></td><td style="display: none;"></td><td style="display: none;"></td><td style="display: none;"></td></tr><tr role="row" class="odd"><td tabindex="0"><i class="fa fa-thumbs-up"></i><i class="fa fa-thumbs-up"></i></td><td class=" not_printable"><div class="addToGL" data-soscuisine-aisle="5" data-soscuisine-sip="3945543"><i class="fa fa-cart-plus" title="Add to My Grocery List"></i><div></div></div></td><td><img class="storeItemImage" alt="yogurt, fruit, more than 6% M.F." src="/media/images/store_item/blank.jpg"></td><td>yogurt, fruit, more than 6% M.F.</td><td class="not_printable sorting_1">dairy products &amp; eggs</td><td><img style="width:50%;" src="/media/images/logos/marchands/18.png" alt="Food Basics"></td><td><span itemprop="price">$2.99</span><span itemprop="eligibleQuantity" itemscope="" itemtype="http://schema.org/QuantitativeValue">/<span itemprop="unitText">500g</span></span></td><td>$5.98/kg</td><td style="display: none;">2020-02-26</td><td style="display: none;"></td><td style="display: none;">Liberté</td><td style="display: none;"></td><td style="display: none;">méditérranée, 9%</td><td style="display: none;"></td><td style="display: none;"></td><td style="display: none;"></td><td style="display: none;"></td></tr><tr role="row" class="even"><td tabindex="0"><i class="fa fa-thumbs-up"></i></td><td class=" not_printable"><div class="addToGL" data-soscuisine-aisle="5" data-soscuisine-sip="3945449"><i class="fa fa-cart-plus" title="Add to My Grocery List"></i><div></div></div></td><td><img class="storeItemImage" alt="yogurt, plain" src="/media/images/store_item/blank.jpg"></td><td>yogurt, plain</td><td class="not_printable sorting_1">dairy products &amp; eggs</td><td><img style="width:50%;" src="/media/images/logos/marchands/18.png" alt="Food Basics"></td><td><span itemprop="price">$5.00</span><span itemprop="eligibleQuantity" itemscope="" itemtype="http://schema.org/QuantitativeValue">/<span itemprop="value">2</span>x<span itemprop="unitText">750g</span></span></td><td>$3.33/kg</td><td style="display: none;">2020-02-26</td><td style="display: none;"></td><td style="display: none;">Astro</td><td style="display: none;"></td><td style="display: none;"></td><td style="display: none;"></td><td style="display: none;"></td><td style="display: none;"></td><td style="display: none;"><a class="recipeLink" href="/recipe_ingredient_search_results.php?query=(_QU5E__1__________20__[]_1_1)">Recipes with yogurt, plain</a></td></tr><tr role="row" class="odd"><td tabindex="0"><i class="fas fa-hand-rock"></i></td><td class=" not_printable"><div class="addToGL" data-soscuisine-aisle="5" data-soscuisine-sip="3945511"><i class="fa fa-cart-plus" title="Add to My Grocery List"></i><div></div></div></td><td><img class="storeItemImage" alt="yogurt, plain" src="/media/images/store_item/blank.jpg"></td><td>yogurt, plain</td><td class="not_printable sorting_1">dairy products &amp; eggs</td><td><img style="width:50%;" src="/media/images/logos/marchands/18.png" alt="Food Basics"></td><td><span itemprop="price">$4.99</span><span itemprop="eligibleQuantity" itemscope="" itemtype="http://schema.org/QuantitativeValue">/<span itemprop="unitText">750g</span></span></td><td>$6.65/kg</td><td style="display: none;">2020-02-26</td><td style="display: none;"></td><td style="display: none;">Oikos</td><td style="display: none;"></td><td style="display: none;">greek</td><td style="display: none;"></td><td style="display: none;"></td><td style="display: none;"></td><td style="display: none;"><a class="recipeLink" href="/recipe_ingredient_search_results.php?query=(_QU5E__1__________20__[]_1_1)">Recipes with yogurt, plain</a></td></tr><tr role="row" class="even"><td tabindex="0"><i class="fa fa-thumbs-down"></i></td><td class=" not_printable"><div class="addToGL" data-soscuisine-aisle="5" data-soscuisine-sip="3943181"><i class="fa fa-cart-plus" title="Add to My Grocery List"></i><div></div></div></td><td><img class="storeItemImage" alt="yogurt, plain" src="/media/images/store_item/blank.jpg"></td><td>yogurt, plain</td><td class="not_printable sorting_1">dairy products &amp; eggs</td><td><img style="width:50%;" src="/media/images/logos/marchands/16.png" alt="Foodland"></td><td><span itemprop="price">$3.99</span><span itemprop="eligibleQuantity" itemscope="" itemtype="http://schema.org/QuantitativeValue">/<span itemprop="unitText">500g</span></span></td><td>$7.98/kg</td><td style="display: none;">2020-02-26</td><td style="display: none;"></td><td style="display: none;">Shepherd Gourmet</td><td style="display: none;"></td><td style="display: none;"></td><td style="display: none;"></td><td style="display: none;"></td><td style="display: none;">Skyr</td><td style="display: none;"><a class="recipeLink" href="/recipe_ingredient_search_results.php?query=(_QU5E__1__________20__[]_1_1)">Recipes with yogurt, plain</a></td></tr><tr role="row" class="odd"><td tabindex="0"><i class="fa fa-thumbs-up"></i><i class="fa fa-thumbs-up"></i></td><td class=" not_printable"><div class="addToGL" data-soscuisine-aisle="5" data-soscuisine-sip="3944353"><i class="fa fa-cart-plus" title="Add to My Grocery List"></i><div></div></div></td><td><img class="storeItemImage" alt="yogurt, plain" src="/media/images/store_item/blank.jpg"></td><td>yogurt, plain</td><td class="not_printable sorting_1">dairy products &amp; eggs</td><td><img style="width:50%;" src="/media/images/logos/marchands/70.png" alt="FreshCo"></td><td><span itemprop="price">$1.50</span><span itemprop="eligibleQuantity" itemscope="" itemtype="http://schema.org/QuantitativeValue">/<span itemprop="unitText">750g</span></span></td><td>$2.00/kg</td><td style="display: none;">2020-02-26</td><td style="display: none;"></td><td style="display: none;">Parmalat</td><td style="display: none;"></td><td style="display: none;"></td><td style="display: none;">Halal</td><td style="display: none;"></td><td style="display: none;">or dahi</td><td style="display: none;"><a class="recipeLink" href="/recipe_ingredient_search_results.php?query=(_QU5E__1__________20__[]_1_1)">Recipes with yogurt, plain</a></td></tr><tr role="row" class="even"><td tabindex="0"><i class="fa fa-thumbs-up"></i></td><td class=" not_printable"><div class="addToGL" data-soscuisine-aisle="5" data-soscuisine-sip="3944427"><i class="fa fa-cart-plus" title="Add to My Grocery List"></i><div></div></div></td><td><img class="storeItemImage" alt="yogurt, plain" src="/media/images/store_item/blank.jpg"></td><td>yogurt, plain</td><td class="not_printable sorting_1">dairy products &amp; eggs</td><td><img style="width:50%;" src="/media/images/logos/marchands/70.png" alt="FreshCo"></td><td><span itemprop="price">$2.00</span><span itemprop="eligibleQuantity" itemscope="" itemtype="http://schema.org/QuantitativeValue">/<span itemprop="unitText">650g</span></span></td><td>$3.08/kg</td><td style="display: none;">2020-02-26</td><td style="display: none;"></td><td style="display: none;">Astro</td><td style="display: none;"></td><td style="display: none;"></td><td style="display: none;"></td><td style="display: none;"></td><td style="display: none;"></td><td style="display: none;"><a class="recipeLink" href="/recipe_ingredient_search_results.php?query=(_QU5E__1__________20__[]_1_1)">Recipes with yogurt, plain</a></td></tr><tr role="row" class="odd"><td tabindex="0"><i class="fas fa-hand-rock"></i></td><td class=" not_printable"><div class="addToGL" data-soscuisine-aisle="5" data-soscuisine-sip="3941893"><i class="fa fa-cart-plus" title="Add to My Grocery List"></i><div></div></div></td><td><img class="storeItemImage" alt="yogurt, plain" src="/media/images/store_item/blank.jpg"></td><td>yogurt, plain</td><td class="not_printable sorting_1">dairy products &amp; eggs</td><td><img style="width:50%;" src="/media/images/logos/marchands/19.png" alt="Loblaws"></td><td><span itemprop="price">$5.49</span><span itemprop="eligibleQuantity" itemscope="" itemtype="http://schema.org/QuantitativeValue">/<span itemprop="unitText">750g</span></span></td><td>$7.32/kg</td><td style="display: none;">2020-02-26</td><td style="display: none;"></td><td style="display: none;">Oikos</td><td style="display: none;"></td><td style="display: none;"></td><td style="display: none;">greek</td><td style="display: none;"></td><td style="display: none;"></td><td style="display: none;"><a class="recipeLink" href="/recipe_ingredient_search_results.php?query=(_QU5E__1__________20__[]_1_1)">Recipes with yogurt, plain</a></td></tr><tr role="row" class="even"><td tabindex="0"><i class="fa fa-thumbs-down"></i></td><td class=" not_printable"><div class="addToGL" data-soscuisine-aisle="5" data-soscuisine-sip="3941913"><i class="fa fa-cart-plus" title="Add to My Grocery List"></i><div></div></div></td><td><img class="storeItemImage" alt="yogurt, plain" src="/media/images/store_item/blank.jpg"></td><td>yogurt, plain</td><td class="not_printable sorting_1">dairy products &amp; eggs</td><td><img style="width:50%;" src="/media/images/logos/marchands/19.png" alt="Loblaws"></td><td><span itemprop="price">$3.99</span><span itemprop="eligibleQuantity" itemscope="" itemtype="http://schema.org/QuantitativeValue">/<span itemprop="unitText">500g</span></span></td><td>$7.98/kg</td><td style="display: none;">2020-02-26</td><td style="display: none;"></td><td style="display: none;">Liberté</td><td style="display: none;"></td><td style="display: none;"></td><td style="display: none;">greek</td><td style="display: none;"></td><td style="display: none;"></td><td style="display: none;"><a class="recipeLink" href="/recipe_ingredient_search_results.php?query=(_QU5E__1__________20__[]_1_1)">Recipes with yogurt, plain</a></td></tr><tr role="row" class="odd"><td tabindex="0"><i class="fa fa-thumbs-down"></i></td><td class=" not_printable"><div class="addToGL" data-soscuisine-aisle="5" data-soscuisine-sip="3941905"><i class="fa fa-cart-plus" title="Add to My Grocery List"></i><div></div></div></td><td><img class="storeItemImage" alt="yogurt, plain" src="/media/images/store_item/blank.jpg"></td><td>yogurt, plain</td><td class="not_printable sorting_1">dairy products &amp; eggs</td><td><img style="width:50%;" src="/media/images/logos/marchands/19.png" alt="Loblaws"></td><td><span itemprop="price">$4.49</span><span itemprop="eligibleQuantity" itemscope="" itemtype="http://schema.org/QuantitativeValue">/<span itemprop="unitText">500g</span></span></td><td>$8.98/kg</td><td style="display: none;">2020-02-26</td><td style="display: none;"></td><td style="display: none;">Danone</td><td style="display: none;"></td><td style="display: none;"></td><td style="display: none;"></td><td style="display: none;"></td><td style="display: none;">YoPRO</td><td style="display: none;"><a class="recipeLink" href="/recipe_ingredient_search_results.php?query=(_QU5E__1__________20__[]_1_1)">Recipes with yogurt, plain</a></td></tr><tr role="row" class="even"><td tabindex="0"><i class="fas fa-hand-rock"></i></td><td class=" not_printable"><div class="addToGL" data-soscuisine-aisle="5" data-soscuisine-sip="3945973"><i class="fa fa-cart-plus" title="Add to My Grocery List"></i><div></div></div></td><td><img class="storeItemImage" alt="yogurt, plain" src="/media/images/store_item/blank.jpg"></td><td>yogurt, plain</td><td class="not_printable sorting_1">dairy products &amp; eggs</td><td><img style="width:50%;" src="/media/images/logos/marchands/20.png" alt="Metro"></td><td><span itemprop="price">$4.99</span><span itemprop="eligibleQuantity" itemscope="" itemtype="http://schema.org/QuantitativeValue">/<span itemprop="unitText">750g</span></span></td><td>$6.65/kg</td><td style="display: none;">2020-02-26</td><td style="display: none;"></td><td style="display: none;">Liberté</td><td style="display: none;"></td><td style="display: none;">greek</td><td style="display: none;"></td><td style="display: none;"></td><td style="display: none;"></td><td style="display: none;"><a class="recipeLink" href="/recipe_ingredient_search_results.php?query=(_QU5E__1__________20__[]_1_1)">Recipes with yogurt, plain</a></td></tr><tr role="row" class="odd"><td tabindex="0"><i class="fa fa-thumbs-up"></i></td><td class=" not_printable"><div class="addToGL" data-soscuisine-aisle="5" data-soscuisine-sip="3944585"><i class="fa fa-cart-plus" title="Add to My Grocery List"></i><div></div></div></td><td><img class="storeItemImage" alt="yogurt, plain" src="/media/images/store_item/blank.jpg"></td><td>yogurt, plain</td><td class="not_printable sorting_1">dairy products &amp; eggs</td><td><img style="width:50%;" src="/media/images/logos/marchands/17.png" alt="Price Chopper"></td><td><span itemprop="price">$2.00</span><span itemprop="eligibleQuantity" itemscope="" itemtype="http://schema.org/QuantitativeValue">/<span itemprop="unitText">650g</span></span></td><td>$3.08/kg</td><td style="display: none;">2020-02-26</td><td style="display: none;"></td><td style="display: none;">Astro</td><td style="display: none;"></td><td style="display: none;"></td><td style="display: none;"></td><td style="display: none;"></td><td style="display: none;"></td><td style="display: none;"><a class="recipeLink" href="/recipe_ingredient_search_results.php?query=(_QU5E__1__________20__[]_1_1)">Recipes with yogurt, plain</a></td></tr><tr role="row" class="even"><td tabindex="0"><i class="fas fa-hand-rock"></i></td><td class=" not_printable"><div class="addToGL" data-soscuisine-aisle="5" data-soscuisine-sip="3944835"><i class="fa fa-cart-plus" title="Add to My Grocery List"></i><div></div></div></td><td><img class="storeItemImage" alt="yogurt, plain" src="/media/images/store_item/blank.jpg"></td><td>yogurt, plain</td><td class="not_printable sorting_1">dairy products &amp; eggs</td><td><img style="width:50%;" src="/media/images/logos/marchands/52.png" alt="Real Canadian Superstore"></td><td><span itemprop="price">$4.98</span><span itemprop="eligibleQuantity" itemscope="" itemtype="http://schema.org/QuantitativeValue">/<span itemprop="unitText">750g</span></span></td><td>$6.64/kg</td><td style="display: none;">2020-02-26</td><td style="display: none;"></td><td style="display: none;">Liberté</td><td style="display: none;"></td><td style="display: none;"></td><td style="display: none;">greek</td><td style="display: none;"></td><td style="display: none;"></td><td style="display: none;"><a class="recipeLink" href="/recipe_ingredient_search_results.php?query=(_QU5E__1__________20__[]_1_1)">Recipes with yogurt, plain</a></td></tr><tr role="row" class="odd"><td tabindex="0"><i class="fa fa-thumbs-up"></i></td><td class=" not_printable"><div class="addToGL" data-soscuisine-aisle="5" data-soscuisine-sip="3943711"><i class="fa fa-cart-plus" title="Add to My Grocery List"></i><div></div></div></td><td><img class="storeItemImage" alt="yogurt, plain" src="/media/images/store_item/blank.jpg"></td><td>yogurt, plain</td><td class="not_printable sorting_1">dairy products &amp; eggs</td><td><img style="width:50%;" src="/media/images/logos/marchands/15.png" alt="Sobeys"></td><td><span itemprop="price">$6.00</span><span itemprop="eligibleQuantity" itemscope="" itemtype="http://schema.org/QuantitativeValue">/<span itemprop="value">2</span>x<span itemprop="unitText">750g</span></span></td><td>$4.00/kg</td><td style="display: none;">2020-02-26</td><td style="display: none;"></td><td style="display: none;">Astro</td><td style="display: none;"></td><td style="display: none;">2%</td><td style="display: none;"></td><td style="display: none;"></td><td style="display: none;"></td><td style="display: none;"><a class="recipeLink" href="/recipe_ingredient_search_results.php?query=(_QU5E__1__________20__[]_1_1)">Recipes with yogurt, plain</a></td></tr><tr role="row" class="even"><td tabindex="0"><i class="fas fa-hand-rock"></i></td><td class=" not_printable"><div class="addToGL" data-soscuisine-aisle="5" data-soscuisine-sip="3944227"><i class="fa fa-cart-plus" title="Add to My Grocery List"></i><div></div></div></td><td><img class="storeItemImage" alt="yogurt, plain" src="/media/images/store_item/blank.jpg"></td><td>yogurt, plain</td><td class="not_printable sorting_1">dairy products &amp; eggs</td><td><img style="width:50%;" src="/media/images/logos/marchands/39.png" alt="Your Independent Grocer"></td><td><span itemprop="price">$5.49</span><span itemprop="eligibleQuantity" itemscope="" itemtype="http://schema.org/QuantitativeValue">/<span itemprop="unitText">750g</span></span></td><td>$7.32/kg</td><td style="display: none;">2020-02-26</td><td style="display: none;"></td><td style="display: none;">Oikos</td><td style="display: none;"></td><td style="display: none;"></td><td style="display: none;">greek</td><td style="display: none;"></td><td style="display: none;"></td><td style="display: none;"><a class="recipeLink" href="/recipe_ingredient_search_results.php?query=(_QU5E__1__________20__[]_1_1)">Recipes with yogurt, plain</a></td></tr><tr role="row" class="odd"><td tabindex="0"><i class="fa fa-thumbs-down"></i></td><td class=" not_printable"><div class="addToGL" data-soscuisine-aisle="5" data-soscuisine-sip="3944267"><i class="fa fa-cart-plus" title="Add to My Grocery List"></i><div></div></div></td><td><img class="storeItemImage" alt="yogurt, plain" src="/media/images/store_item/blank.jpg"></td><td>yogurt, plain</td><td class="not_printable sorting_1">dairy products &amp; eggs</td><td><img style="width:50%;" src="/media/images/logos/marchands/39.png" alt="Your Independent Grocer"></td><td><span itemprop="price">$3.99</span><span itemprop="eligibleQuantity" itemscope="" itemtype="http://schema.org/QuantitativeValue">/<span itemprop="unitText">500g</span></span></td><td>$7.98/kg</td><td style="display: none;">2020-02-26</td><td style="display: none;"></td><td style="display: none;">Liberté</td><td style="display: none;"></td><td style="display: none;"></td><td style="display: none;">greek</td><td style="display: none;"></td><td style="display: none;"></td><td style="display: none;"><a class="recipeLink" href="/recipe_ingredient_search_results.php?query=(_QU5E__1__________20__[]_1_1)">Recipes with yogurt, plain</a></td></tr><tr role="row" class="even"><td tabindex="0"><i class="fa fa-thumbs-down"></i></td><td class=" not_printable"><div class="addToGL" data-soscuisine-aisle="5" data-soscuisine-sip="3944239"><i class="fa fa-cart-plus" title="Add to My Grocery List"></i><div></div></div></td><td><img class="storeItemImage" alt="yogurt, plain" src="/media/images/store_item/blank.jpg"></td><td>yogurt, plain</td><td class="not_printable sorting_1">dairy products &amp; eggs</td><td><img style="width:50%;" src="/media/images/logos/marchands/39.png" alt="Your Independent Grocer"></td><td><span itemprop="price">$4.49</span><span itemprop="eligibleQuantity" itemscope="" itemtype="http://schema.org/QuantitativeValue">/<span itemprop="unitText">500g</span></span></td><td>$8.98/kg</td><td style="display: none;">2020-02-26</td><td style="display: none;"></td><td style="display: none;">Danone</td><td style="display: none;"></td><td style="display: none;"></td><td style="display: none;"></td><td style="display: none;"></td><td style="display: none;">YoPRO</td><td style="display: none;"><a class="recipeLink" href="/recipe_ingredient_search_results.php?query=(_QU5E__1__________20__[]_1_1)">Recipes with yogurt, plain</a></td></tr><tr role="row" class="odd"><td tabindex="0"><i class="fas fa-hand-rock"></i></td><td class=" not_printable"><div class="addToGL" data-soscuisine-aisle="5" data-soscuisine-sip="3944853"><i class="fa fa-cart-plus" title="Add to My Grocery List"></i><div></div></div></td><td><img class="storeItemImage" alt="yogurt, plain ORGANIC" src="/media/images/store_item/blank.jpg"></td><td>yogurt, plain ORGANIC</td><td class="not_printable sorting_1">dairy products &amp; eggs</td><td><img style="width:50%;" src="/media/images/logos/marchands/52.png" alt="Real Canadian Superstore"></td><td><span itemprop="price">$3.48</span><span itemprop="eligibleQuantity" itemscope="" itemtype="http://schema.org/QuantitativeValue">/<span itemprop="unitText">650g</span></span></td><td>$5.35/kg</td><td style="display: none;">2020-02-26</td><td style="display: none;"></td><td style="display: none;">Olympic</td><td style="display: none;"></td><td style="display: none;"></td><td style="display: none;"></td><td style="display: none;"></td><td style="display: none;"></td><td style="display: none;"><a class="recipeLink" href="/recipe_ingredient_search_results.php?query=(_QU5E__1__________683__[]_1_1)">Recipes with yogurt, plain ORGANIC</a></td></tr><tr role="row" class="even"><td tabindex="0"><i class="fas fa-exclamation"></i></td><td class=" not_printable"><div class="addToGL" data-soscuisine-aisle="5" data-soscuisine-sip="3941919"><i class="fa fa-cart-plus" title="Add to My Grocery List"></i><div></div></div></td><td><img class="storeItemImage" alt="yogurt, plain, more than 6% M.F." src="/media/images/store_item/blank.jpg"></td><td>yogurt, plain, more than 6% M.F.</td><td class="not_printable sorting_1">dairy products &amp; eggs</td><td><img style="width:50%;" src="/media/images/logos/marchands/19.png" alt="Loblaws"></td><td><span itemprop="price">$9.99</span><span itemprop="eligibleQuantity" itemscope="" itemtype="http://schema.org/QuantitativeValue">/<span itemprop="value">3</span>x<span itemprop="unitText">500g</span></span></td><td>$6.66/kg</td><td style="display: none;">2020-02-26</td><td style="display: none;"></td><td style="display: none;">Liberté</td><td style="display: none;"></td><td style="display: none;">méditérranée</td><td style="display: none;"></td><td style="display: none;"></td><td style="display: none;"></td><td style="display: none;"><a class="recipeLink" href="/recipe_ingredient_search_results.php?query=(_QU5E__1__________1253__[]_1_1)">Recipes with yogurt, plain, more than 6% M.F.</a></td></tr><tr role="row" class="odd"><td tabindex="0"><i class="fas fa-exclamation"></i></td><td class=" not_printable"><div class="addToGL" data-soscuisine-aisle="5" data-soscuisine-sip="3941895"><i class="fa fa-cart-plus" title="Add to My Grocery List"></i><div></div></div></td><td><img class="storeItemImage" alt="yogurt, plain, more than 6% M.F." src="/media/images/store_item/blank.jpg"></td><td>yogurt, plain, more than 6% M.F.</td><td class="not_printable sorting_1">dairy products &amp; eggs</td><td><img style="width:50%;" src="/media/images/logos/marchands/19.png" alt="Loblaws"></td><td><span itemprop="price">$5.49</span><span itemprop="eligibleQuantity" itemscope="" itemtype="http://schema.org/QuantitativeValue">/<span itemprop="unitText">750g</span></span></td><td>$7.32/kg</td><td style="display: none;">2020-02-26</td><td style="display: none;"></td><td style="display: none;">Oikos</td><td style="display: none;"></td><td style="display: none;"></td><td style="display: none;"></td><td style="display: none;"></td><td style="display: none;"></td><td style="display: none;"><a class="recipeLink" href="/recipe_ingredient_search_results.php?query=(_QU5E__1__________1253__[]_1_1)">Recipes with yogurt, plain, more than 6% M.F.</a></td></tr><tr role="row" class="even"><td tabindex="0"><i class="fas fa-exclamation"></i></td><td class=" not_printable"><div class="addToGL" data-soscuisine-aisle="5" data-soscuisine-sip="3941917"><i class="fa fa-cart-plus" title="Add to My Grocery List"></i><div></div></div></td><td><img class="storeItemImage" alt="yogurt, plain, more than 6% M.F." src="/media/images/store_item/blank.jpg"></td><td>yogurt, plain, more than 6% M.F.</td><td class="not_printable sorting_1">dairy products &amp; eggs</td><td><img style="width:50%;" src="/media/images/logos/marchands/19.png" alt="Loblaws"></td><td><span itemprop="price">$3.99</span><span itemprop="eligibleQuantity" itemscope="" itemtype="http://schema.org/QuantitativeValue">/<span itemprop="unitText">500g</span></span></td><td>$7.98/kg</td><td style="display: none;">2020-02-26</td><td style="display: none;"></td><td style="display: none;">Liberté</td><td style="display: none;"></td><td style="display: none;">méditérranée</td><td style="display: none;"></td><td style="display: none;"></td><td style="display: none;"></td><td style="display: none;"><a class="recipeLink" href="/recipe_ingredient_search_results.php?query=(_QU5E__1__________1253__[]_1_1)">Recipes with yogurt, plain, more than 6% M.F.</a></td></tr><tr role="row" class="odd"><td tabindex="0"><i class="fas fa-exclamation"></i></td><td class=" not_printable"><div class="addToGL" data-soscuisine-aisle="5" data-soscuisine-sip="3944283"><i class="fa fa-cart-plus" title="Add to My Grocery List"></i><div></div></div></td><td><img class="storeItemImage" alt="yogurt, plain, more than 6% M.F." src="/media/images/store_item/blank.jpg"></td><td>yogurt, plain, more than 6% M.F.</td><td class="not_printable sorting_1">dairy products &amp; eggs</td><td><img style="width:50%;" src="/media/images/logos/marchands/39.png" alt="Your Independent Grocer"></td><td><span itemprop="price">$9.99</span><span itemprop="eligibleQuantity" itemscope="" itemtype="http://schema.org/QuantitativeValue">/<span itemprop="value">3</span>x<span itemprop="unitText">500g</span></span></td><td>$6.66/kg</td><td style="display: none;">2020-02-26</td><td style="display: none;"></td><td style="display: none;">Liberté</td><td style="display: none;"></td><td style="display: none;">méditérranée</td><td style="display: none;"></td><td style="display: none;"></td><td style="display: none;"></td><td style="display: none;"><a class="recipeLink" href="/recipe_ingredient_search_results.php?query=(_QU5E__1__________1253__[]_1_1)">Recipes with yogurt, plain, more than 6% M.F.</a></td></tr><tr role="row" class="even"><td tabindex="0"><i class="fas fa-exclamation"></i></td><td class=" not_printable"><div class="addToGL" data-soscuisine-aisle="5" data-soscuisine-sip="3944229"><i class="fa fa-cart-plus" title="Add to My Grocery List"></i><div></div></div></td><td><img class="storeItemImage" alt="yogurt, plain, more than 6% M.F." src="/media/images/store_item/blank.jpg"></td><td>yogurt, plain, more than 6% M.F.</td><td class="not_printable sorting_1">dairy products &amp; eggs</td><td><img style="width:50%;" src="/media/images/logos/marchands/39.png" alt="Your Independent Grocer"></td><td><span itemprop="price">$5.49</span><span itemprop="eligibleQuantity" itemscope="" itemtype="http://schema.org/QuantitativeValue">/<span itemprop="unitText">750g</span></span></td><td>$7.32/kg</td><td style="display: none;">2020-02-26</td><td style="display: none;"></td><td style="display: none;">Oikos</td><td style="display: none;"></td><td style="display: none;"></td><td style="display: none;"></td><td style="display: none;"></td><td style="display: none;"></td><td style="display: none;"><a class="recipeLink" href="/recipe_ingredient_search_results.php?query=(_QU5E__1__________1253__[]_1_1)">Recipes with yogurt, plain, more than 6% M.F.</a></td></tr><tr role="row" class="odd"><td tabindex="0"><i class="fas fa-exclamation"></i></td><td class=" not_printable"><div class="addToGL" data-soscuisine-aisle="5" data-soscuisine-sip="3944279"><i class="fa fa-cart-plus" title="Add to My Grocery List"></i><div></div></div></td><td><img class="storeItemImage" alt="yogurt, plain, more than 6% M.F." src="/media/images/store_item/blank.jpg"></td><td>yogurt, plain, more than 6% M.F.</td><td class="not_printable sorting_1">dairy products &amp; eggs</td><td><img style="width:50%;" src="/media/images/logos/marchands/39.png" alt="Your Independent Grocer"></td><td><span itemprop="price">$3.99</span><span itemprop="eligibleQuantity" itemscope="" itemtype="http://schema.org/QuantitativeValue">/<span itemprop="unitText">500g</span></span></td><td>$7.98/kg</td><td style="display: none;">2020-02-26</td><td style="display: none;"></td><td style="display: none;">Liberté</td><td style="display: none;"></td><td style="display: none;">méditérranée</td><td style="display: none;"></td><td style="display: none;"></td><td style="display: none;"></td><td style="display: none;"><a class="recipeLink" href="/recipe_ingredient_search_results.php?query=(_QU5E__1__________1253__[]_1_1)">Recipes with yogurt, plain, more than 6% M.F.</a></td></tr><tr role="row" class="even"><td tabindex="0"><i class="fas fa-hand-rock"></i></td><td class=" not_printable"><div class="addToGL" data-soscuisine-aisle="5" data-soscuisine-sip="3944973"><i class="fa fa-cart-plus" title="Add to My Grocery List"></i><div></div></div></td><td><img class="storeItemImage" alt="yogurt, probiotic" src="/media/images/store_item/blank.jpg"></td><td>yogurt, probiotic</td><td class="not_printable sorting_1">dairy products &amp; eggs</td><td><img style="width:50%;" src="/media/images/logos/marchands/38.png" alt="Farm Boy"></td><td><span itemprop="price">$3.99</span><span itemprop="eligibleQuantity" itemscope="" itemtype="http://schema.org/QuantitativeValue">/<span itemprop="value">8</span>x<span itemprop="unitText">100g</span></span></td><td>$4.99/kg</td><td style="display: none;">2020-02-26</td><td style="display: none;"></td><td style="display: none;">Activia</td><td style="display: none;"></td><td style="display: none;"></td><td style="display: none;"></td><td style="display: none;"></td><td style="display: none;"></td><td style="display: none;"><a class="recipeLink" href="/recipe_ingredient_search_results.php?query=(_QU5E__1__________999__[]_1_1)">Recipes with yogurt, probiotic</a></td></tr><tr role="row" class="odd"><td tabindex="0"><i class="fas fa-hand-rock"></i></td><td class=" not_printable"><div class="addToGL" data-soscuisine-aisle="5" data-soscuisine-sip="3945509"><i class="fa fa-cart-plus" title="Add to My Grocery List"></i><div></div></div></td><td><img class="storeItemImage" alt="yogurt, probiotic" src="/media/images/store_item/blank.jpg"></td><td>yogurt, probiotic</td><td class="not_printable sorting_1">dairy products &amp; eggs</td><td><img style="width:50%;" src="/media/images/logos/marchands/18.png" alt="Food Basics"></td><td><span itemprop="price">$3.49</span><span itemprop="eligibleQuantity" itemscope="" itemtype="http://schema.org/QuantitativeValue">/<span itemprop="value">8</span>x<span itemprop="unitText">100g</span></span></td><td>$4.36/kg</td><td style="display: none;">2020-02-26</td><td style="display: none;"></td><td style="display: none;">Activia</td><td style="display: none;"></td><td style="display: none;"></td><td style="display: none;"></td><td style="display: none;"></td><td style="display: none;"></td><td style="display: none;"><a class="recipeLink" href="/recipe_ingredient_search_results.php?query=(_QU5E__1__________999__[]_1_1)">Recipes with yogurt, probiotic</a></td></tr><tr role="row" class="even"><td tabindex="0"><i class="fas fa-hand-rock"></i></td><td class=" not_printable"><div class="addToGL" data-soscuisine-aisle="5" data-soscuisine-sip="3945527"><i class="fa fa-cart-plus" title="Add to My Grocery List"></i><div></div></div></td><td><img class="storeItemImage" alt="yogurt, probiotic" src="/media/images/store_item/blank.jpg"></td><td>yogurt, probiotic</td><td class="not_printable sorting_1">dairy products &amp; eggs</td><td><img style="width:50%;" src="/media/images/logos/marchands/18.png" alt="Food Basics"></td><td><span itemprop="price">$2.99</span><span itemprop="eligibleQuantity" itemscope="" itemtype="http://schema.org/QuantitativeValue">/<span itemprop="unitText">650g</span></span></td><td>$4.60/kg</td><td style="display: none;">2020-02-26</td><td style="display: none;"></td><td style="display: none;">Activia</td><td style="display: none;"></td><td style="display: none;"></td><td style="display: none;"></td><td style="display: none;"></td><td style="display: none;"></td><td style="display: none;"><a class="recipeLink" href="/recipe_ingredient_search_results.php?query=(_QU5E__1__________999__[]_1_1)">Recipes with yogurt, probiotic</a></td></tr><tr role="row" class="odd"><td tabindex="0"><i class="fa fa-thumbs-down"></i></td><td class=" not_printable"><div class="addToGL" data-soscuisine-aisle="5" data-soscuisine-sip="3943179"><i class="fa fa-cart-plus" title="Add to My Grocery List"></i><div></div></div></td><td><img class="storeItemImage" alt="yogurt, probiotic" src="/media/images/store_item/blank.jpg"></td><td>yogurt, probiotic</td><td class="not_printable sorting_1">dairy products &amp; eggs</td><td><img style="width:50%;" src="/media/images/logos/marchands/16.png" alt="Foodland"></td><td><span itemprop="price">$3.49</span><span itemprop="eligibleQuantity" itemscope="" itemtype="http://schema.org/QuantitativeValue">/<span itemprop="unitText">650g</span></span></td><td>$5.37/kg</td><td style="display: none;">2020-02-26</td><td style="display: none;"></td><td style="display: none;">Activia</td><td style="display: none;"></td><td style="display: none;"></td><td style="display: none;"></td><td style="display: none;"></td><td style="display: none;"></td><td style="display: none;"><a class="recipeLink" href="/recipe_ingredient_search_results.php?query=(_QU5E__1__________999__[]_1_1)">Recipes with yogurt, probiotic</a></td></tr><tr role="row" class="even"><td tabindex="0"><i class="fa fa-thumbs-up"></i><i class="fa fa-thumbs-up"></i></td><td class=" not_printable"><div class="addToGL" data-soscuisine-aisle="5" data-soscuisine-sip="3944169"><i class="fa fa-cart-plus" title="Add to My Grocery List"></i><div></div></div></td><td><img class="storeItemImage" alt="yogurt, probiotic" src="/media/images/store_item/blank.jpg"></td><td>yogurt, probiotic</td><td class="not_printable sorting_1">dairy products &amp; eggs</td><td><img style="width:50%;" src="/media/images/logos/marchands/70.png" alt="FreshCo"></td><td><span itemprop="price">$2.99</span><span itemprop="eligibleQuantity" itemscope="" itemtype="http://schema.org/QuantitativeValue">/<span itemprop="value">12</span>x<span itemprop="unitText">100g</span></span></td><td>$2.49/kg</td><td style="display: none;">2020-02-26</td><td style="display: none;"></td><td style="display: none;">Activia</td><td style="display: none;"></td><td style="display: none;"></td><td style="display: none;"></td><td style="display: none;"></td><td style="display: none;">valid from the 20th to the 22nd</td><td style="display: none;"><a class="recipeLink" href="/recipe_ingredient_search_results.php?query=(_QU5E__1__________999__[]_1_1)">Recipes with yogurt, probiotic</a></td></tr><tr role="row" class="odd"><td tabindex="0"><i class="fa fa-thumbs-up"></i><i class="fa fa-thumbs-up"></i></td><td class=" not_printable"><div class="addToGL" data-soscuisine-aisle="5" data-soscuisine-sip="3944173"><i class="fa fa-cart-plus" title="Add to My Grocery List"></i><div></div></div></td><td><img class="storeItemImage" alt="yogurt, probiotic" src="/media/images/store_item/blank.jpg"></td><td>yogurt, probiotic</td><td class="not_printable sorting_1">dairy products &amp; eggs</td><td><img style="width:50%;" src="/media/images/logos/marchands/70.png" alt="FreshCo"></td><td><span itemprop="price">$3.99</span><span itemprop="eligibleQuantity" itemscope="" itemtype="http://schema.org/QuantitativeValue">/<span itemprop="value">12</span>x<span itemprop="unitText">100g</span></span></td><td>$3.33/kg</td><td style="display: none;">2020-02-26</td><td style="display: none;"></td><td style="display: none;">Activia</td><td style="display: none;"></td><td style="display: none;"></td><td style="display: none;"></td><td style="display: none;"></td><td style="display: none;">valid from the 23rd to the 26th</td><td style="display: none;"><a class="recipeLink" href="/recipe_ingredient_search_results.php?query=(_QU5E__1__________999__[]_1_1)">Recipes with yogurt, probiotic</a></td></tr><tr role="row" class="even"><td tabindex="0"><i class="fas fa-hand-rock"></i></td><td class=" not_printable"><div class="addToGL" data-soscuisine-aisle="5" data-soscuisine-sip="3941907"><i class="fa fa-cart-plus" title="Add to My Grocery List"></i><div></div></div></td><td><img class="storeItemImage" alt="yogurt, probiotic" src="/media/images/store_item/blank.jpg"></td><td>yogurt, probiotic</td><td class="not_printable sorting_1">dairy products &amp; eggs</td><td><img style="width:50%;" src="/media/images/logos/marchands/19.png" alt="Loblaws"></td><td><span itemprop="price">$2.99</span><span itemprop="eligibleQuantity" itemscope="" itemtype="http://schema.org/QuantitativeValue">/<span itemprop="unitText">650g</span></span></td><td>$4.60/kg</td><td style="display: none;">2020-02-26</td><td style="display: none;"></td><td style="display: none;">Activia</td><td style="display: none;"></td><td style="display: none;"></td><td style="display: none;"></td><td style="display: none;"></td><td style="display: none;"></td><td style="display: none;"><a class="recipeLink" href="/recipe_ingredient_search_results.php?query=(_QU5E__1__________999__[]_1_1)">Recipes with yogurt, probiotic</a></td></tr><tr role="row" class="odd"><td tabindex="0"><i class="fas fa-hand-rock"></i></td><td class=" not_printable"><div class="addToGL" data-soscuisine-aisle="5" data-soscuisine-sip="3941943"><i class="fa fa-cart-plus" title="Add to My Grocery List"></i><div></div></div></td><td><img class="storeItemImage" alt="yogurt, probiotic" src="/media/images/store_item/blank.jpg"></td><td>yogurt, probiotic</td><td class="not_printable sorting_1">dairy products &amp; eggs</td><td><img style="width:50%;" src="/media/images/logos/marchands/19.png" alt="Loblaws"></td><td><span itemprop="price">$5.99</span><span itemprop="eligibleQuantity" itemscope="" itemtype="http://schema.org/QuantitativeValue">/<span itemprop="value">12</span>x<span itemprop="unitText">100g</span></span></td><td>$4.99/kg</td><td style="display: none;">2020-02-26</td><td style="display: none;"></td><td style="display: none;">Activia</td><td style="display: none;"></td><td style="display: none;"></td><td style="display: none;"></td><td style="display: none;"></td><td style="display: none;"></td><td style="display: none;"><a class="recipeLink" href="/recipe_ingredient_search_results.php?query=(_QU5E__1__________999__[]_1_1)">Recipes with yogurt, probiotic</a></td></tr><tr role="row" class="even"><td tabindex="0"><i class="fas fa-hand-rock"></i></td><td class=" not_printable"><div class="addToGL" data-soscuisine-aisle="5" data-soscuisine-sip="3941899"><i class="fa fa-cart-plus" title="Add to My Grocery List"></i><div></div></div></td><td><img class="storeItemImage" alt="yogurt, probiotic" src="/media/images/store_item/blank.jpg"></td><td>yogurt, probiotic</td><td class="not_printable sorting_1">dairy products &amp; eggs</td><td><img style="width:50%;" src="/media/images/logos/marchands/19.png" alt="Loblaws"></td><td><span itemprop="price">$3.99</span><span itemprop="eligibleQuantity" itemscope="" itemtype="http://schema.org/QuantitativeValue">/<span itemprop="value">8</span>x<span itemprop="unitText">100g</span></span></td><td>$4.99/kg</td><td style="display: none;">2020-02-26</td><td style="display: none;"></td><td style="display: none;">Activia</td><td style="display: none;"></td><td style="display: none;"></td><td style="display: none;"></td><td style="display: none;"></td><td style="display: none;"></td><td style="display: none;"><a class="recipeLink" href="/recipe_ingredient_search_results.php?query=(_QU5E__1__________999__[]_1_1)">Recipes with yogurt, probiotic</a></td></tr><tr role="row" class="odd"><td tabindex="0"><i class="fa fa-thumbs-up"></i><i class="fa fa-thumbs-up"></i></td><td class=" not_printable"><div class="addToGL" data-soscuisine-aisle="5" data-soscuisine-sip="3944907"><i class="fa fa-cart-plus" title="Add to My Grocery List"></i><div></div></div></td><td><img class="storeItemImage" alt="yogurt, probiotic" src="/media/images/store_item/blank.jpg"></td><td>yogurt, probiotic</td><td class="not_printable sorting_1">dairy products &amp; eggs</td><td><img style="width:50%;" src="/media/images/logos/marchands/52.png" alt="Real Canadian Superstore"></td><td><span itemprop="price">$8.98</span><span itemprop="eligibleQuantity" itemscope="" itemtype="http://schema.org/QuantitativeValue">/<span itemprop="value">24</span>x<span itemprop="unitText">100g</span></span></td><td>$3.74/kg</td><td style="display: none;">2020-02-26</td><td style="display: none;"></td><td style="display: none;">Activia</td><td style="display: none;"></td><td style="display: none;"></td><td style="display: none;"></td><td style="display: none;"></td><td style="display: none;"></td><td style="display: none;"><a class="recipeLink" href="/recipe_ingredient_search_results.php?query=(_QU5E__1__________999__[]_1_1)">Recipes with yogurt, probiotic</a></td></tr><tr role="row" class="even"><td tabindex="0"><i class="fas fa-hand-rock"></i></td><td class=" not_printable"><div class="addToGL" data-soscuisine-aisle="5" data-soscuisine-sip="3943417"><i class="fa fa-cart-plus" title="Add to My Grocery List"></i><div></div></div></td><td><img class="storeItemImage" alt="yogurt, probiotic" src="/media/images/store_item/blank.jpg"></td><td>yogurt, probiotic</td><td class="not_printable sorting_1">dairy products &amp; eggs</td><td><img style="width:50%;" src="/media/images/logos/marchands/15.png" alt="Sobeys"></td><td><span itemprop="price">$4.97</span><span itemprop="eligibleQuantity" itemscope="" itemtype="http://schema.org/QuantitativeValue">/<span itemprop="value">12</span>x<span itemprop="unitText">100g</span></span></td><td>$4.14/kg</td><td style="display: none;">2020-02-26</td><td style="display: none;"></td><td style="display: none;">Activia</td><td style="display: none;"></td><td style="display: none;"></td><td style="display: none;"></td><td style="display: none;"></td><td style="display: none;"></td><td style="display: none;"><a class="recipeLink" href="/recipe_ingredient_search_results.php?query=(_QU5E__1__________999__[]_1_1)">Recipes with yogurt, probiotic</a></td></tr><tr role="row" class="odd"><td tabindex="0"><i class="fa fa-thumbs-up"></i><i class="fa fa-thumbs-up"></i></td><td class=" not_printable"><div class="addToGL" data-soscuisine-aisle="5" data-soscuisine-sip="3941333"><i class="fa fa-cart-plus" title="Add to My Grocery List"></i><div></div></div></td><td><img class="storeItemImage" alt="yogurt, probiotic" src="/media/images/store_item/blank.jpg"></td><td>yogurt, probiotic</td><td class="not_printable sorting_1">dairy products &amp; eggs</td><td><img style="width:50%;" src="/media/images/logos/marchands/74.png" alt="Walmart"></td><td><span itemprop="price">$4.47</span><span itemprop="eligibleQuantity" itemscope="" itemtype="http://schema.org/QuantitativeValue">/<span itemprop="value">12</span>x<span itemprop="unitText">100g</span></span></td><td>$3.72/kg</td><td style="display: none;">2020-02-26</td><td style="display: none;"></td><td style="display: none;">IÖGO</td><td style="display: none;"></td><td style="display: none;"></td><td style="display: none;"></td><td style="display: none;"></td><td style="display: none;">participating stores</td><td style="display: none;"><a class="recipeLink" href="/recipe_ingredient_search_results.php?query=(_QU5E__1__________999__[]_1_1)">Recipes with yogurt, probiotic</a></td></tr><tr role="row" class="even"><td tabindex="0"><i class="fas fa-hand-rock"></i></td><td class=" not_printable"><div class="addToGL" data-soscuisine-aisle="5" data-soscuisine-sip="3944251"><i class="fa fa-cart-plus" title="Add to My Grocery List"></i><div></div></div></td><td><img class="storeItemImage" alt="yogurt, probiotic" src="/media/images/store_item/blank.jpg"></td><td>yogurt, probiotic</td><td class="not_printable sorting_1">dairy products &amp; eggs</td><td><img style="width:50%;" src="/media/images/logos/marchands/39.png" alt="Your Independent Grocer"></td><td><span itemprop="price">$2.99</span><span itemprop="eligibleQuantity" itemscope="" itemtype="http://schema.org/QuantitativeValue">/<span itemprop="unitText">650g</span></span></td><td>$4.60/kg</td><td style="display: none;">2020-02-26</td><td style="display: none;"></td><td style="display: none;">Activia</td><td style="display: none;"></td><td style="display: none;"></td><td style="display: none;"></td><td style="display: none;"></td><td style="display: none;"></td><td style="display: none;"><a class="recipeLink" href="/recipe_ingredient_search_results.php?query=(_QU5E__1__________999__[]_1_1)">Recipes with yogurt, probiotic</a></td></tr><tr role="row" class="odd"><td tabindex="0"><i class="fas fa-hand-rock"></i></td><td class=" not_printable"><div class="addToGL" data-soscuisine-aisle="5" data-soscuisine-sip="3944331"><i class="fa fa-cart-plus" title="Add to My Grocery List"></i><div></div></div></td><td><img class="storeItemImage" alt="yogurt, probiotic" src="/media/images/store_item/blank.jpg"></td><td>yogurt, probiotic</td><td class="not_printable sorting_1">dairy products &amp; eggs</td><td><img style="width:50%;" src="/media/images/logos/marchands/39.png" alt="Your Independent Grocer"></td><td><span itemprop="price">$5.99</span><span itemprop="eligibleQuantity" itemscope="" itemtype="http://schema.org/QuantitativeValue">/<span itemprop="value">12</span>x<span itemprop="unitText">100g</span></span></td><td>$4.99/kg</td><td style="display: none;">2020-02-26</td><td style="display: none;"></td><td style="display: none;">Activia</td><td style="display: none;"></td><td style="display: none;"></td><td style="display: none;"></td><td style="display: none;"></td><td style="display: none;"></td><td style="display: none;"><a class="recipeLink" href="/recipe_ingredient_search_results.php?query=(_QU5E__1__________999__[]_1_1)">Recipes with yogurt, probiotic</a></td></tr><tr role="row" class="even"><td tabindex="0"><i class="fas fa-hand-rock"></i></td><td class=" not_printable"><div class="addToGL" data-soscuisine-aisle="5" data-soscuisine-sip="3944235"><i class="fa fa-cart-plus" title="Add to My Grocery List"></i><div></div></div></td><td><img class="storeItemImage" alt="yogurt, probiotic" src="/media/images/store_item/blank.jpg"></td><td>yogurt, probiotic</td><td class="not_printable sorting_1">dairy products &amp; eggs</td><td><img style="width:50%;" src="/media/images/logos/marchands/39.png" alt="Your Independent Grocer"></td><td><span itemprop="price">$3.99</span><span itemprop="eligibleQuantity" itemscope="" itemtype="http://schema.org/QuantitativeValue">/<span itemprop="value">8</span>x<span itemprop="unitText">100g</span></span></td><td>$4.99/kg</td><td style="display: none;">2020-02-26</td><td style="display: none;"></td><td style="display: none;">Activia</td><td style="display: none;"></td><td style="display: none;"></td><td style="display: none;"></td><td style="display: none;"></td><td style="display: none;"></td><td style="display: none;"><a class="recipeLink" href="/recipe_ingredient_search_results.php?query=(_QU5E__1__________999__[]_1_1)">Recipes with yogurt, probiotic</a></td></tr><tr role="row" class="odd"><td tabindex="0"><i class="fa fa-thumbs-up"></i></td><td class=" not_printable"><div class="addToGL" data-soscuisine-aisle="6" data-soscuisine-sip="3942081"><i class="fa fa-cart-plus" title="Add to My Grocery List"></i><div></div></div></td><td><img class="storeItemImage" itemprop="image" alt="beef cubes for stewing" src="/media/images/store_item/535.jpg"></td><td>beef cubes for stewing</td><td class="not_printable sorting_1">meat &amp; poultry</td><td><img style="width:50%;" src="/media/images/logos/marchands/16.png" alt="Foodland"></td><td><span itemprop="price">$5.99</span><span itemprop="eligibleQuantity" itemscope="" itemtype="http://schema.org/QuantitativeValue">/<span itemprop="unitText">lb</span></span></td><td>$13.21/kg</td><td style="display: none;">2020-02-26</td><td style="display: none;">Canada</td><td style="display: none;"></td><td style="display: none;"></td><td style="display: none;"></td><td style="display: none;">Cat.AAA</td><td style="display: none;">large pack</td><td style="display: none;">Sterling Silver</td><td style="display: none;"><a class="recipeLink" href="/recipe_ingredient_search_results.php?query=(_QU5E__1__________535__[]_1_1)">Recipes with beef cubes for stewing</a></td></tr><tr role="row" class="even"><td tabindex="0"><i class="fas fa-hand-rock"></i></td><td class=" not_printable"><div class="addToGL" data-soscuisine-aisle="6" data-soscuisine-sip="3941739"><i class="fa fa-cart-plus" title="Add to My Grocery List"></i><div></div></div></td><td><img class="storeItemImage" itemprop="image" alt="beef cubes for stewing" src="/media/images/store_item/535.jpg"></td><td>beef cubes for stewing</td><td class="not_printable sorting_1">meat &amp; poultry</td><td><img style="width:50%;" src="/media/images/logos/marchands/19.png" alt="Loblaws"></td><td><span itemprop="price">$6.99</span><span itemprop="eligibleQuantity" itemscope="" itemtype="http://schema.org/QuantitativeValue">/<span itemprop="unitText">lb</span></span></td><td>$15.41/kg</td><td style="display: none;">2020-02-26</td><td style="display: none;"></td><td style="display: none;"></td><td style="display: none;"></td><td style="display: none;"></td><td style="display: none;"></td><td style="display: none;">boneless, large size</td><td style="display: none;">fresh</td><td style="display: none;"><a class="recipeLink" href="/recipe_ingredient_search_results.php?query=(_QU5E__1__________535__[]_1_1)">Recipes with beef cubes for stewing</a></td></tr><tr role="row" class="odd"><td tabindex="0"><i class="fa fa-thumbs-up"></i></td><td class=" not_printable"><div class="addToGL" data-soscuisine-aisle="6" data-soscuisine-sip="3945843"><i class="fa fa-cart-plus" title="Add to My Grocery List"></i><div></div></div></td><td><img class="storeItemImage" itemprop="image" alt="beef cubes for stewing" src="/media/images/store_item/535.jpg"></td><td>beef cubes for stewing</td><td class="not_printable sorting_1">meat &amp; poultry</td><td><img style="width:50%;" src="/media/images/logos/marchands/20.png" alt="Metro"></td><td><span itemprop="price">$5.99</span><span itemprop="eligibleQuantity" itemscope="" itemtype="http://schema.org/QuantitativeValue">/<span itemprop="unitText">lb</span></span></td><td>$13.21/kg</td><td style="display: none;">2020-02-26</td><td style="display: none;">Canada</td><td style="display: none;">Red Grill</td><td style="display: none;"></td><td style="display: none;"></td><td style="display: none;">Cat.AA or better</td><td style="display: none;">large pack</td><td style="display: none;"></td><td style="display: none;"><a class="recipeLink" href="/recipe_ingredient_search_results.php?query=(_QU5E__1__________535__[]_1_1)">Recipes with beef cubes for stewing</a></td></tr><tr role="row" class="even"><td tabindex="0"><i class="fas fa-circle"></i></td><td class=" not_printable"><div class="addToGL" data-soscuisine-aisle="6" data-soscuisine-sip="3941327"><i class="fa fa-cart-plus" title="Add to My Grocery List"></i><div></div></div></td><td><img class="storeItemImage" itemprop="image" alt="beef cubes for stewing" src="/media/images/store_item/535.jpg"></td><td>beef cubes for stewing</td><td class="not_printable sorting_1">meat &amp; poultry</td><td><img style="width:50%;" src="/media/images/logos/marchands/74.png" alt="Walmart"></td><td><span itemprop="price">$10.00</span><span itemprop="eligibleQuantity" itemscope="" itemtype="http://schema.org/QuantitativeValue">/<span itemprop="unitText">pack</span></span></td><td>N/A</td><td style="display: none;">2020-02-26</td><td style="display: none;">Canada</td><td style="display: none;">house brand</td><td style="display: none;">standard</td><td style="display: none;">Angus</td><td style="display: none;">Cat.AAA</td><td style="display: none;">boneless</td><td style="display: none;">supercentres only</td><td style="display: none;"><a class="recipeLink" href="/recipe_ingredient_search_results.php?query=(_QU5E__1__________535__[]_1_1)">Recipes with beef cubes for stewing</a></td></tr><tr role="row" class="odd"><td tabindex="0"><i class="fa fa-thumbs-up"></i><i class="fa fa-thumbs-up"></i></td><td class=" not_printable"><div class="addToGL" data-soscuisine-aisle="6" data-soscuisine-sip="3943395"><i class="fa fa-cart-plus" title="Add to My Grocery List"></i><div></div></div></td><td><img class="storeItemImage" itemprop="image" alt="beef cubes for stewing" src="/media/images/store_item/535.jpg"></td><td>beef cubes for stewing</td><td class="not_printable sorting_1">meat &amp; poultry</td><td><img style="width:50%;" src="/media/images/logos/marchands/39.png" alt="Your Independent Grocer"></td><td><span itemprop="price">$4.99</span><span itemprop="eligibleQuantity" itemscope="" itemtype="http://schema.org/QuantitativeValue">/<span itemprop="unitText">lb</span></span></td><td>$11.00/kg</td><td style="display: none;">2020-02-26</td><td style="display: none;"></td><td style="display: none;"></td><td style="display: none;"></td><td style="display: none;"></td><td style="display: none;"></td><td style="display: none;">boneless, large size</td><td style="display: none;">fresh</td><td style="display: none;"><a class="recipeLink" href="/recipe_ingredient_search_results.php?query=(_QU5E__1__________535__[]_1_1)">Recipes with beef cubes for stewing</a></td></tr><tr role="row" class="even"><td tabindex="0"><i class="fas fa-hand-rock"></i></td><td class=" not_printable"><div class="addToGL" data-soscuisine-aisle="6" data-soscuisine-sip="3944903"><i class="fa fa-cart-plus" title="Add to My Grocery List"></i><div></div></div></td><td><img class="storeItemImage" itemprop="image" alt="beef, ground, extra-lean" src="/media/images/store_item/240.jpg"></td><td>beef, ground, extra-lean</td><td class="not_printable sorting_1">meat &amp; poultry</td><td><img style="width:50%;" src="/media/images/logos/marchands/38.png" alt="Farm Boy"></td><td><span itemprop="price">$4.99</span><span itemprop="eligibleQuantity" itemscope="" itemtype="http://schema.org/QuantitativeValue">/<span itemprop="unitText">lb</span></span></td><td>$11.00/kg</td><td style="display: none;">2020-02-26</td><td style="display: none;">Canada</td><td style="display: none;"></td><td style="display: none;"></td><td style="display: none;">sirloin</td><td style="display: none;">Cat.AAA</td><td style="display: none;"></td><td style="display: none;"></td><td style="display: none;"><a class="recipeLink" href="/recipe_ingredient_search_results.php?query=(_QU5E__1__________240__[]_1_1)">Recipes with beef, ground, extra-lean</a></td></tr><tr role="row" class="odd"><td tabindex="0"><i class="fa fa-thumbs-up"></i><i class="fa fa-thumbs-up"></i></td><td class=" not_printable"><div class="addToGL" data-soscuisine-aisle="6" data-soscuisine-sip="3945463"><i class="fa fa-cart-plus" title="Add to My Grocery List"></i><div></div></div></td><td><img class="storeItemImage" itemprop="image" alt="beef, ground, lean" src="/media/images/store_item/6.jpg"></td><td>beef, ground, lean</td><td class="not_printable sorting_1">meat &amp; poultry</td><td><img style="width:50%;" src="/media/images/logos/marchands/18.png" alt="Food Basics"></td><td><span itemprop="price">$2.88</span><span itemprop="eligibleQuantity" itemscope="" itemtype="http://schema.org/QuantitativeValue">/<span itemprop="unitText">lb</span></span></td><td>$6.35/kg</td><td style="display: none;">2020-02-26</td><td style="display: none;"></td><td style="display: none;"></td><td style="display: none;"></td><td style="display: none;"></td><td style="display: none;"></td><td style="display: none;">large pack</td><td style="display: none;"></td><td style="display: none;"><a class="recipeLink" href="/recipe_ingredient_search_results.php?query=(_QU5E__1__________6__[]_1_1)">Recipes with beef, ground, lean</a></td></tr><tr role="row" class="even"><td tabindex="0"><i class="fas fa-hand-rock"></i></td><td class=" not_printable"><div class="addToGL" data-soscuisine-aisle="6" data-soscuisine-sip="3941729"><i class="fa fa-cart-plus" title="Add to My Grocery List"></i><div></div></div></td><td><img class="storeItemImage" itemprop="image" alt="beef, ground, lean" src="/media/images/store_item/6.jpg"></td><td>beef, ground, lean</td><td class="not_printable sorting_1">meat &amp; poultry</td><td><img style="width:50%;" src="/media/images/logos/marchands/19.png" alt="Loblaws"></td><td><span itemprop="price">$4.99</span><span itemprop="eligibleQuantity" itemscope="" itemtype="http://schema.org/QuantitativeValue">/<span itemprop="unitText">lb</span></span></td><td>$11.00/kg</td><td style="display: none;">2020-02-26</td><td style="display: none;"></td><td style="display: none;"></td><td style="display: none;"></td><td style="display: none;"></td><td style="display: none;"></td><td style="display: none;">large pack</td><td style="display: none;"></td><td style="display: none;"><a class="recipeLink" href="/recipe_ingredient_search_results.php?query=(_QU5E__1__________6__[]_1_1)">Recipes with beef, ground, lean</a></td></tr><tr role="row" class="odd"><td tabindex="0"><i class="fa fa-thumbs-down"></i></td><td class=" not_printable"><div class="addToGL" data-soscuisine-aisle="6" data-soscuisine-sip="3945849"><i class="fa fa-cart-plus" title="Add to My Grocery List"></i><div></div></div></td><td><img class="storeItemImage" itemprop="image" alt="beef, ground, lean" src="/media/images/store_item/6.jpg"></td><td>beef, ground, lean</td><td class="not_printable sorting_1">meat &amp; poultry</td><td><img style="width:50%;" src="/media/images/logos/marchands/20.png" alt="Metro"></td><td><span itemprop="price">$6.99</span><span itemprop="eligibleQuantity" itemscope="" itemtype="http://schema.org/QuantitativeValue">/<span itemprop="unitText">lb</span></span></td><td>$15.41/kg</td><td style="display: none;">2020-02-26</td><td style="display: none;">Canada</td><td style="display: none;">Red Grill</td><td style="display: none;"></td><td style="display: none;"></td><td style="display: none;"></td><td style="display: none;"></td><td style="display: none;"></td><td style="display: none;"><a class="recipeLink" href="/recipe_ingredient_search_results.php?query=(_QU5E__1__________6__[]_1_1)">Recipes with beef, ground, lean</a></td></tr><tr role="row" class="even"><td tabindex="0"><i class="fas fa-hand-rock"></i></td><td class=" not_printable"><div class="addToGL" data-soscuisine-aisle="6" data-soscuisine-sip="3943379"><i class="fa fa-cart-plus" title="Add to My Grocery List"></i><div></div></div></td><td><img class="storeItemImage" itemprop="image" alt="beef, ground, medium-lean" src="/media/images/store_item/570.jpg"></td><td>beef, ground, medium-lean</td><td class="not_printable sorting_1">meat &amp; poultry</td><td><img style="width:50%;" src="/media/images/logos/marchands/39.png" alt="Your Independent Grocer"></td><td><span itemprop="price">$3.99</span><span itemprop="eligibleQuantity" itemscope="" itemtype="http://schema.org/QuantitativeValue">/<span itemprop="unitText">lb</span></span></td><td>$8.80/kg</td><td style="display: none;">2020-02-26</td><td style="display: none;"></td><td style="display: none;"></td><td style="display: none;"></td><td style="display: none;"></td><td style="display: none;"></td><td style="display: none;">large pack</td><td style="display: none;"></td><td style="display: none;"><a class="recipeLink" href="/recipe_ingredient_search_results.php?query=(_QU5E__1__________570__[]_1_1)">Recipes with beef, ground, medium-lean</a></td></tr><tr role="row" class="odd"><td tabindex="0"><i class="fas fa-exclamation"></i></td><td class=" not_printable"><div class="addToGL" data-soscuisine-aisle="6" data-soscuisine-sip="3943765"><i class="fa fa-cart-plus" title="Add to My Grocery List"></i><div></div></div></td><td><img class="storeItemImage" alt="beef, ground, regular" src="/media/images/store_item/blank.jpg"></td><td>beef, ground, regular</td><td class="not_printable sorting_1">meat &amp; poultry</td><td><img style="width:50%;" src="/media/images/logos/marchands/15.png" alt="Sobeys"></td><td><span itemprop="price">$3.49</span><span itemprop="eligibleQuantity" itemscope="" itemtype="http://schema.org/QuantitativeValue">/<span itemprop="unitText">lb</span></span></td><td>$7.69/kg</td><td style="display: none;">2020-02-26</td><td style="display: none;"></td><td style="display: none;"></td><td style="display: none;"></td><td style="display: none;"></td><td style="display: none;"></td><td style="display: none;"></td><td style="display: none;"></td><td style="display: none;"><a class="recipeLink" href="/recipe_ingredient_search_results.php?query=(_QU5E__1__________806__[]_1_1)">Recipes with beef, ground, regular</a></td></tr><tr role="row" class="even"><td tabindex="0"><i class="fa fa-thumbs-up"></i><i class="fa fa-thumbs-up"></i></td><td class=" not_printable"><div class="addToGL" data-soscuisine-aisle="6" data-soscuisine-sip="3945685"><i class="fa fa-cart-plus" title="Add to My Grocery List"></i><div></div></div></td><td><img class="storeItemImage" alt="beef, inside round" src="/media/images/store_item/blank.jpg"></td><td>beef, inside round</td><td class="not_printable sorting_1">meat &amp; poultry</td><td><img style="width:50%;" src="/media/images/logos/marchands/20.png" alt="Metro"></td><td><span itemprop="price">$3.99</span><span itemprop="eligibleQuantity" itemscope="" itemtype="http://schema.org/QuantitativeValue">/<span itemprop="unitText">lb</span></span></td><td>$8.80/kg</td><td style="display: none;">2020-02-26</td><td style="display: none;">Canada</td><td style="display: none;"></td><td style="display: none;"></td><td style="display: none;">Angus</td><td style="display: none;">Cat.AAA</td><td style="display: none;">sandwich steak, large pack</td><td style="display: none;"></td><td style="display: none;"><a class="recipeLink" href="/recipe_ingredient_search_results.php?query=(_QU5E__1__________237__[]_1_1)">Recipes with beef, inside round</a></td></tr><tr role="row" class="odd"><td tabindex="0"><i class="fa fa-thumbs-up"></i><i class="fa fa-thumbs-up"></i></td><td class=" not_printable"><div class="addToGL" data-soscuisine-aisle="6" data-soscuisine-sip="3945683"><i class="fa fa-cart-plus" title="Add to My Grocery List"></i><div></div></div></td><td><img class="storeItemImage" alt="beef, roast, inside round" src="/media/images/store_item/blank.jpg"></td><td>beef, roast, inside round</td><td class="not_printable sorting_1">meat &amp; poultry</td><td><img style="width:50%;" src="/media/images/logos/marchands/20.png" alt="Metro"></td><td><span itemprop="price">$3.99</span><span itemprop="eligibleQuantity" itemscope="" itemtype="http://schema.org/QuantitativeValue">/<span itemprop="unitText">lb</span></span></td><td>$8.80/kg</td><td style="display: none;">2020-02-26</td><td style="display: none;">Canada</td><td style="display: none;"></td><td style="display: none;"></td><td style="display: none;">Angus</td><td style="display: none;">Cat.AAA</td><td style="display: none;"></td><td style="display: none;"></td><td style="display: none;"></td></tr><tr role="row" class="even"><td tabindex="0"><i class="fa fa-thumbs-up"></i><i class="fa fa-thumbs-up"></i></td><td class=" not_printable"><div class="addToGL" data-soscuisine-aisle="6" data-soscuisine-sip="3943369"><i class="fa fa-cart-plus" title="Add to My Grocery List"></i><div></div></div></td><td><img class="storeItemImage" alt="beef, roast, inside round" src="/media/images/store_item/blank.jpg"></td><td>beef, roast, inside round</td><td class="not_printable sorting_1">meat &amp; poultry</td><td><img style="width:50%;" src="/media/images/logos/marchands/15.png" alt="Sobeys"></td><td><span itemprop="price">$3.99</span><span itemprop="eligibleQuantity" itemscope="" itemtype="http://schema.org/QuantitativeValue">/<span itemprop="unitText">lb</span></span></td><td>$8.80/kg</td><td style="display: none;">2020-02-26</td><td style="display: none;">Canada</td><td style="display: none;"></td><td style="display: none;"></td><td style="display: none;"></td><td style="display: none;">Cat.AAA</td><td style="display: none;"></td><td style="display: none;"></td><td style="display: none;"></td></tr><tr role="row" class="odd"><td tabindex="0"><i class="fas fa-hand-rock"></i></td><td class=" not_printable"><div class="addToGL" data-soscuisine-aisle="6" data-soscuisine-sip="3944743"><i class="fa fa-cart-plus" title="Add to My Grocery List"></i><div></div></div></td><td><img class="storeItemImage" alt="beef, roast, outside round" src="/media/images/store_item/blank.jpg"></td><td>beef, roast, outside round</td><td class="not_printable sorting_1">meat &amp; poultry</td><td><img style="width:50%;" src="/media/images/logos/marchands/52.png" alt="Real Canadian Superstore"></td><td><span itemprop="price">$5.98</span><span itemprop="eligibleQuantity" itemscope="" itemtype="http://schema.org/QuantitativeValue">/<span itemprop="unitText">lb</span></span></td><td>$13.18/kg</td><td style="display: none;">2020-02-26</td><td style="display: none;">Canada</td><td style="display: none;">house brand</td><td style="display: none;"></td><td style="display: none;">Angus</td><td style="display: none;">Cat.AAA</td><td style="display: none;"></td><td style="display: none;"></td><td style="display: none;"></td></tr><tr role="row" class="even"><td tabindex="0"><i class="fas fa-hand-rock"></i></td><td class=" not_printable"><div class="addToGL" data-soscuisine-aisle="6" data-soscuisine-sip="3944871"><i class="fa fa-cart-plus" title="Add to My Grocery List"></i><div></div></div></td><td><img class="storeItemImage" alt="beef, roast, sirloin tip" src="/media/images/store_item/blank.jpg"></td><td>beef, roast, sirloin tip</td><td class="not_printable sorting_1">meat &amp; poultry</td><td><img style="width:50%;" src="/media/images/logos/marchands/38.png" alt="Farm Boy"></td><td><span itemprop="price">$4.99</span><span itemprop="eligibleQuantity" itemscope="" itemtype="http://schema.org/QuantitativeValue">/<span itemprop="unitText">lb</span></span></td><td>$11.00/kg</td><td style="display: none;">2020-02-26</td><td style="display: none;">Canada</td><td style="display: none;"></td><td style="display: none;"></td><td style="display: none;"></td><td style="display: none;">Cat.AAA</td><td style="display: none;"></td><td style="display: none;">aged 14 days</td><td style="display: none;"></td></tr><tr role="row" class="odd"><td tabindex="0"><i class="fa fa-thumbs-down"></i></td><td class=" not_printable"><div class="addToGL" data-soscuisine-aisle="6" data-soscuisine-sip="3945637"><i class="fa fa-cart-plus" title="Add to My Grocery List"></i><div></div></div></td><td><img class="storeItemImage" alt="beef, roast, sirloin tip" src="/media/images/store_item/blank.jpg"></td><td>beef, roast, sirloin tip</td><td class="not_printable sorting_1">meat &amp; poultry</td><td><img style="width:50%;" src="/media/images/logos/marchands/18.png" alt="Food Basics"></td><td><span itemprop="price">$6.88</span><span itemprop="eligibleQuantity" itemscope="" itemtype="http://schema.org/QuantitativeValue">/<span itemprop="unitText">lb</span></span></td><td>$15.17/kg</td><td style="display: none;">2020-02-26</td><td style="display: none;">Canada</td><td style="display: none;"></td><td style="display: none;"></td><td style="display: none;"></td><td style="display: none;">Cat.AA or better</td><td style="display: none;"></td><td style="display: none;"></td><td style="display: none;"></td></tr><tr role="row" class="even"><td tabindex="0"><i class="fa fa-thumbs-up"></i><i class="fa fa-thumbs-up"></i></td><td class=" not_printable"><div class="addToGL" data-soscuisine-aisle="6" data-soscuisine-sip="3941965"><i class="fa fa-cart-plus" title="Add to My Grocery List"></i><div></div></div></td><td><img class="storeItemImage" alt="beef, roast, sirloin tip" src="/media/images/store_item/blank.jpg"></td><td>beef, roast, sirloin tip</td><td class="not_printable sorting_1">meat &amp; poultry</td><td><img style="width:50%;" src="/media/images/logos/marchands/16.png" alt="Foodland"></td><td><span itemprop="price">$3.99</span><span itemprop="eligibleQuantity" itemscope="" itemtype="http://schema.org/QuantitativeValue">/<span itemprop="unitText">lb</span></span></td><td>$8.80/kg</td><td style="display: none;">2020-02-26</td><td style="display: none;">Canada</td><td style="display: none;"></td><td style="display: none;"></td><td style="display: none;"></td><td style="display: none;">Cat.AAA</td><td style="display: none;"></td><td style="display: none;">Sterling Silver</td><td style="display: none;"></td></tr><tr role="row" class="odd"><td tabindex="0"><i class="fa fa-thumbs-up"></i><i class="fa fa-thumbs-up"></i></td><td class=" not_printable"><div class="addToGL" data-soscuisine-aisle="6" data-soscuisine-sip="3941373"><i class="fa fa-cart-plus" title="Add to My Grocery List"></i><div></div></div></td><td><img class="storeItemImage" itemprop="image" alt="beef, roast, top sirloin" src="/media/images/store_item/719.jpg"></td><td>beef, roast, top sirloin</td><td class="not_printable sorting_1">meat &amp; poultry</td><td><img style="width:50%;" src="/media/images/logos/marchands/19.png" alt="Loblaws"></td><td><span itemprop="price">$4.99</span><span itemprop="eligibleQuantity" itemscope="" itemtype="http://schema.org/QuantitativeValue">/<span itemprop="unitText">lb</span></span></td><td>$11.00/kg</td><td style="display: none;">2020-02-26</td><td style="display: none;">Canada</td><td style="display: none;"></td><td style="display: none;"></td><td style="display: none;"></td><td style="display: none;">Cat.AA or better</td><td style="display: none;">large pack</td><td style="display: none;"></td><td style="display: none;"></td></tr><tr role="row" class="even"><td tabindex="0"><i class="fa fa-thumbs-down"></i></td><td class=" not_printable"><div class="addToGL" data-soscuisine-aisle="6" data-soscuisine-sip="3943501"><i class="fa fa-cart-plus" title="Add to My Grocery List"></i><div></div></div></td><td><img class="storeItemImage" itemprop="image" alt="beef, roast, top sirloin" src="/media/images/store_item/719.jpg"></td><td>beef, roast, top sirloin</td><td class="not_printable sorting_1">meat &amp; poultry</td><td><img style="width:50%;" src="/media/images/logos/marchands/15.png" alt="Sobeys"></td><td><span itemprop="price">$8.99</span><span itemprop="eligibleQuantity" itemscope="" itemtype="http://schema.org/QuantitativeValue">/<span itemprop="unitText">lb</span></span></td><td>$19.82/kg</td><td style="display: none;">2020-02-26</td><td style="display: none;">Canada</td><td style="display: none;">house brand</td><td style="display: none;"></td><td style="display: none;"></td><td style="display: none;">Cat.AAA</td><td style="display: none;"></td><td style="display: none;"></td><td style="display: none;"></td></tr><tr role="row" class="odd"><td tabindex="0"><i class="fa fa-thumbs-up"></i><i class="fa fa-thumbs-up"></i></td><td class=" not_printable"><div class="addToGL" data-soscuisine-aisle="6" data-soscuisine-sip="3943269"><i class="fa fa-cart-plus" title="Add to My Grocery List"></i><div></div></div></td><td><img class="storeItemImage" itemprop="image" alt="beef, roast, top sirloin" src="/media/images/store_item/719.jpg"></td><td>beef, roast, top sirloin</td><td class="not_printable sorting_1">meat &amp; poultry</td><td><img style="width:50%;" src="/media/images/logos/marchands/39.png" alt="Your Independent Grocer"></td><td><span itemprop="price">$4.99</span><span itemprop="eligibleQuantity" itemscope="" itemtype="http://schema.org/QuantitativeValue">/<span itemprop="unitText">lb</span></span></td><td>$11.00/kg</td><td style="display: none;">2020-02-26</td><td style="display: none;">Canada</td><td style="display: none;"></td><td style="display: none;"></td><td style="display: none;"></td><td style="display: none;">Cat.AA or better</td><td style="display: none;">large pack</td><td style="display: none;"></td><td style="display: none;"></td></tr><tr role="row" class="even"><td tabindex="0"><i class="fa fa-thumbs-down"></i></td><td class=" not_printable"><div class="addToGL" data-soscuisine-aisle="6" data-soscuisine-sip="3945639"><i class="fa fa-cart-plus" title="Add to My Grocery List"></i><div></div></div></td><td><img class="storeItemImage" itemprop="image" alt="beef, sirloin tip" src="/media/images/store_item/242.jpg"></td><td>beef, sirloin tip</td><td class="not_printable sorting_1">meat &amp; poultry</td><td><img style="width:50%;" src="/media/images/logos/marchands/18.png" alt="Food Basics"></td><td><span itemprop="price">$6.88</span><span itemprop="eligibleQuantity" itemscope="" itemtype="http://schema.org/QuantitativeValue">/<span itemprop="unitText">lb</span></span></td><td>$15.17/kg</td><td style="display: none;">2020-02-26</td><td style="display: none;">Canada</td><td style="display: none;"></td><td style="display: none;"></td><td style="display: none;"></td><td style="display: none;">Cat.AA or better</td><td style="display: none;">steak</td><td style="display: none;"></td><td style="display: none;"><a class="recipeLink" href="/recipe_ingredient_search_results.php?query=(_QU5E__1__________242__[]_1_1)">Recipes with beef, sirloin tip</a></td></tr><tr role="row" class="odd"><td tabindex="0"><i class="fas fa-hand-rock"></i></td><td class=" not_printable"><div class="addToGL" data-soscuisine-aisle="6" data-soscuisine-sip="3942107"><i class="fa fa-cart-plus" title="Add to My Grocery List"></i><div></div></div></td><td><img class="storeItemImage" alt="beef, strip loin (top loin) steak" src="/media/images/store_item/blank.jpg"></td><td>beef, strip loin (top loin) steak</td><td class="not_printable sorting_1">meat &amp; poultry</td><td><img style="width:50%;" src="/media/images/logos/marchands/16.png" alt="Foodland"></td><td><span itemprop="price">$12.99</span><span itemprop="eligibleQuantity" itemscope="" itemtype="http://schema.org/QuantitativeValue">/<span itemprop="unitText">lb</span></span></td><td>$28.64/kg</td><td style="display: none;">2020-02-26</td><td style="display: none;">Canada</td><td style="display: none;"></td><td style="display: none;"></td><td style="display: none;"></td><td style="display: none;">Cat.AAA</td><td style="display: none;">large pack</td><td style="display: none;">Sterling Silver</td><td style="display: none;"><a class="recipeLink" href="/recipe_ingredient_search_results.php?query=(_QU5E__1__________8__[]_1_1)">Recipes with beef, strip loin (top loin) steak</a></td></tr><tr role="row" class="even"><td tabindex="0"><i class="fa fa-thumbs-down"></i></td><td class=" not_printable"><div class="addToGL" data-soscuisine-aisle="6" data-soscuisine-sip="3945851"><i class="fa fa-cart-plus" title="Add to My Grocery List"></i><div></div></div></td><td><img class="storeItemImage" itemprop="image" alt="beef, T-bone steaks" src="/media/images/store_item/507.jpg"></td><td>beef, T-bone steaks</td><td class="not_printable sorting_1">meat &amp; poultry</td><td><img style="width:50%;" src="/media/images/logos/marchands/20.png" alt="Metro"></td><td><span itemprop="price">$14.99</span><span itemprop="eligibleQuantity" itemscope="" itemtype="http://schema.org/QuantitativeValue">/<span itemprop="unitText">lb</span></span></td><td>$33.05/kg</td><td style="display: none;">2020-02-26</td><td style="display: none;">Canada</td><td style="display: none;"></td><td style="display: none;"></td><td style="display: none;">Angus</td><td style="display: none;">Cat.AAA</td><td style="display: none;"></td><td style="display: none;"></td><td style="display: none;"><a class="recipeLink" href="/recipe_ingredient_search_results.php?query=(_QU5E__1__________507__[]_1_1)">Recipes with beef, T-bone steaks</a></td></tr><tr role="row" class="odd"><td tabindex="0"><i class="fa fa-thumbs-down"></i></td><td class=" not_printable"><div class="addToGL" data-soscuisine-aisle="6" data-soscuisine-sip="3944895"><i class="fa fa-cart-plus" title="Add to My Grocery List"></i><div></div></div></td><td><img class="storeItemImage" itemprop="image" alt="beef, tenderloins" src="/media/images/store_item/642.jpg"></td><td>beef, tenderloins</td><td class="not_printable sorting_1">meat &amp; poultry</td><td><img style="width:50%;" src="/media/images/logos/marchands/38.png" alt="Farm Boy"></td><td><span itemprop="price">$22.99</span><span itemprop="eligibleQuantity" itemscope="" itemtype="http://schema.org/QuantitativeValue">/<span itemprop="unitText">lb</span></span></td><td>$50.68/kg</td><td style="display: none;">2020-02-26</td><td style="display: none;">Canada</td><td style="display: none;"></td><td style="display: none;"></td><td style="display: none;"></td><td style="display: none;">Cat.AAA</td><td style="display: none;">steak</td><td style="display: none;">aged 14 days</td><td style="display: none;"><a class="recipeLink" href="/recipe_ingredient_search_results.php?query=(_QU5E__1__________642__[]_1_1)">Recipes with beef, tenderloins</a></td></tr><tr role="row" class="even"><td tabindex="0"><i class="fa fa-thumbs-up"></i><i class="fa fa-thumbs-up"></i></td><td class=" not_printable"><div class="addToGL" data-soscuisine-aisle="6" data-soscuisine-sip="3941377"><i class="fa fa-cart-plus" title="Add to My Grocery List"></i><div></div></div></td><td><img class="storeItemImage" itemprop="image" alt="beef, top sirloin" src="/media/images/store_item/363.jpg"></td><td>beef, top sirloin</td><td class="not_printable sorting_1">meat &amp; poultry</td><td><img style="width:50%;" src="/media/images/logos/marchands/19.png" alt="Loblaws"></td><td><span itemprop="price">$4.99</span><span itemprop="eligibleQuantity" itemscope="" itemtype="http://schema.org/QuantitativeValue">/<span itemprop="unitText">lb</span></span></td><td>$11.00/kg</td><td style="display: none;">2020-02-26</td><td style="display: none;">Canada</td><td style="display: none;"></td><td style="display: none;"></td><td style="display: none;"></td><td style="display: none;">Cat.AA or better</td><td style="display: none;">family size</td><td style="display: none;">steak</td><td style="display: none;"><a class="recipeLink" href="/recipe_ingredient_search_results.php?query=(_QU5E__1__________363__[]_1_1)">Recipes with beef, top sirloin</a></td></tr><tr role="row" class="odd"><td tabindex="0"><i class="fas fa-hand-rock"></i></td><td class=" not_printable"><div class="addToGL" data-soscuisine-aisle="6" data-soscuisine-sip="3943499"><i class="fa fa-cart-plus" title="Add to My Grocery List"></i><div></div></div></td><td><img class="storeItemImage" itemprop="image" alt="beef, top sirloin" src="/media/images/store_item/363.jpg"></td><td>beef, top sirloin</td><td class="not_printable sorting_1">meat &amp; poultry</td><td><img style="width:50%;" src="/media/images/logos/marchands/15.png" alt="Sobeys"></td><td><span itemprop="price">$8.99</span><span itemprop="eligibleQuantity" itemscope="" itemtype="http://schema.org/QuantitativeValue">/<span itemprop="unitText">lb</span></span></td><td>$19.82/kg</td><td style="display: none;">2020-02-26</td><td style="display: none;">Canada</td><td style="display: none;">house brand</td><td style="display: none;"></td><td style="display: none;"></td><td style="display: none;">Cat.AAA</td><td style="display: none;">steak</td><td style="display: none;"></td><td style="display: none;"><a class="recipeLink" href="/recipe_ingredient_search_results.php?query=(_QU5E__1__________363__[]_1_1)">Recipes with beef, top sirloin</a></td></tr><tr role="row" class="even"><td tabindex="0"><i class="fa fa-thumbs-up"></i><i class="fa fa-thumbs-up"></i></td><td class=" not_printable"><div class="addToGL" data-soscuisine-aisle="6" data-soscuisine-sip="3943273"><i class="fa fa-cart-plus" title="Add to My Grocery List"></i><div></div></div></td><td><img class="storeItemImage" itemprop="image" alt="beef, top sirloin" src="/media/images/store_item/363.jpg"></td><td>beef, top sirloin</td><td class="not_printable sorting_1">meat &amp; poultry</td><td><img style="width:50%;" src="/media/images/logos/marchands/39.png" alt="Your Independent Grocer"></td><td><span itemprop="price">$4.99</span><span itemprop="eligibleQuantity" itemscope="" itemtype="http://schema.org/QuantitativeValue">/<span itemprop="unitText">lb</span></span></td><td>$11.00/kg</td><td style="display: none;">2020-02-26</td><td style="display: none;">Canada</td><td style="display: none;"></td><td style="display: none;"></td><td style="display: none;"></td><td style="display: none;">Cat.AA or better</td><td style="display: none;">family size</td><td style="display: none;">steak</td><td style="display: none;"><a class="recipeLink" href="/recipe_ingredient_search_results.php?query=(_QU5E__1__________363__[]_1_1)">Recipes with beef, top sirloin</a></td></tr><tr role="row" class="odd"><td tabindex="0"><i class="fa fa-thumbs-up"></i></td><td class=" not_printable"><div class="addToGL" data-soscuisine-aisle="6" data-soscuisine-sip="3943371"><i class="fa fa-cart-plus" title="Add to My Grocery List"></i><div></div></div></td><td><img class="storeItemImage" alt="chicken, breast, bone-in" src="/media/images/store_item/blank.jpg"></td><td>chicken, breast, bone-in</td><td class="not_printable sorting_1">meat &amp; poultry</td><td><img style="width:50%;" src="/media/images/logos/marchands/15.png" alt="Sobeys"></td><td><span itemprop="price">$2.99</span><span itemprop="eligibleQuantity" itemscope="" itemtype="http://schema.org/QuantitativeValue">/<span itemprop="unitText">lb</span></span></td><td>$6.59/kg</td><td style="display: none;">2020-02-26</td><td style="display: none;"></td><td style="display: none;">house brand</td><td style="display: none;"></td><td style="display: none;"></td><td style="display: none;"></td><td style="display: none;">halves</td><td style="display: none;">fresh</td><td style="display: none;"><a class="recipeLink" href="/recipe_ingredient_search_results.php?query=(_QU5E__1__________490__[]_1_1)">Recipes with chicken, breast, bone-in</a></td></tr><tr role="row" class="even"><td tabindex="0"><i class="fa fa-thumbs-down"></i></td><td class=" not_printable"><div class="addToGL" data-soscuisine-aisle="6" data-soscuisine-sip="3942113"><i class="fa fa-cart-plus" title="Add to My Grocery List"></i><div></div></div></td><td><img class="storeItemImage" itemprop="image" alt="chicken, breast, boneless, skinless" src="/media/images/store_item/257.jpg"></td><td>chicken, breast, boneless, skinless</td><td class="not_printable sorting_1">meat &amp; poultry</td><td><img style="width:50%;" src="/media/images/logos/marchands/16.png" alt="Foodland"></td><td><span itemprop="price">$7.99</span><span itemprop="eligibleQuantity" itemscope="" itemtype="http://schema.org/QuantitativeValue">/<span itemprop="unitText">lb</span></span></td><td>$17.62/kg</td><td style="display: none;">2020-02-26</td><td style="display: none;"></td><td style="display: none;">house brand</td><td style="display: none;"></td><td style="display: none;"></td><td style="display: none;"></td><td style="display: none;">large pack</td><td style="display: none;"></td><td style="display: none;"><a class="recipeLink" href="/recipe_ingredient_search_results.php?query=(_QU5E__1__________257__[]_1_1)">Recipes with chicken, breast, boneless, skinless</a></td></tr><tr role="row" class="odd"><td tabindex="0"><i class="fa fa-thumbs-up"></i><i class="fa fa-thumbs-up"></i></td><td class=" not_printable"><div class="addToGL" data-soscuisine-aisle="6" data-soscuisine-sip="3944189"><i class="fa fa-cart-plus" title="Add to My Grocery List"></i><div></div></div></td><td><img class="storeItemImage" itemprop="image" alt="chicken, breast, boneless, skinless" src="/media/images/store_item/257.jpg"></td><td>chicken, breast, boneless, skinless</td><td class="not_printable sorting_1">meat &amp; poultry</td><td><img style="width:50%;" src="/media/images/logos/marchands/70.png" alt="FreshCo"></td><td><span itemprop="price">$3.75</span><span itemprop="eligibleQuantity" itemscope="" itemtype="http://schema.org/QuantitativeValue">/<span itemprop="unitText">lb</span></span></td><td>$8.27/kg</td><td style="display: none;">2020-02-26</td><td style="display: none;"></td><td style="display: none;"></td><td style="display: none;"></td><td style="display: none;"></td><td style="display: none;"></td><td style="display: none;"></td><td style="display: none;"></td><td style="display: none;"><a class="recipeLink" href="/recipe_ingredient_search_results.php?query=(_QU5E__1__________257__[]_1_1)">Recipes with chicken, breast, boneless, skinless</a></td></tr><tr role="row" class="even"><td tabindex="0"><i class="fa fa-thumbs-down"></i></td><td class=" not_printable"><div class="addToGL" data-soscuisine-aisle="6" data-soscuisine-sip="3941731"><i class="fa fa-cart-plus" title="Add to My Grocery List"></i><div></div></div></td><td><img class="storeItemImage" itemprop="image" alt="chicken, breast, boneless, skinless" src="/media/images/store_item/257.jpg"></td><td>chicken, breast, boneless, skinless</td><td class="not_printable sorting_1">meat &amp; poultry</td><td><img style="width:50%;" src="/media/images/logos/marchands/19.png" alt="Loblaws"></td><td><span itemprop="price">$6.99</span><span itemprop="eligibleQuantity" itemscope="" itemtype="http://schema.org/QuantitativeValue">/<span itemprop="unitText">lb</span></span></td><td>$15.41/kg</td><td style="display: none;">2020-02-26</td><td style="display: none;">Canada</td><td style="display: none;">house brand</td><td style="display: none;"></td><td style="display: none;"></td><td style="display: none;">antibiotic free</td><td style="display: none;">large pack</td><td style="display: none;">Free From</td><td style="display: none;"><a class="recipeLink" href="/recipe_ingredient_search_results.php?query=(_QU5E__1__________257__[]_1_1)">Recipes with chicken, breast, boneless, skinless</a></td></tr><tr role="row" class="odd"><td tabindex="0"><i class="fa fa-thumbs-down"></i></td><td class=" not_printable"><div class="addToGL" data-soscuisine-aisle="6" data-soscuisine-sip="3945831"><i class="fa fa-cart-plus" title="Add to My Grocery List"></i><div></div></div></td><td><img class="storeItemImage" itemprop="image" alt="chicken, breast, boneless, skinless" src="/media/images/store_item/257.jpg"></td><td>chicken, breast, boneless, skinless</td><td class="not_printable sorting_1">meat &amp; poultry</td><td><img style="width:50%;" src="/media/images/logos/marchands/20.png" alt="Metro"></td><td><span itemprop="price">$8.99</span><span itemprop="eligibleQuantity" itemscope="" itemtype="http://schema.org/QuantitativeValue">/<span itemprop="unitText">lb</span></span></td><td>$19.82/kg</td><td style="display: none;">2020-02-26</td><td style="display: none;"></td><td style="display: none;">Maple Lodge</td><td style="display: none;"></td><td style="display: none;"></td><td style="display: none;">Halal</td><td style="display: none;">fresh</td><td style="display: none;"></td><td style="display: none;"><a class="recipeLink" href="/recipe_ingredient_search_results.php?query=(_QU5E__1__________257__[]_1_1)">Recipes with chicken, breast, boneless, skinless</a></td></tr><tr role="row" class="even"><td tabindex="0"><i class="fa fa-thumbs-down"></i></td><td class=" not_printable"><div class="addToGL" data-soscuisine-aisle="6" data-soscuisine-sip="3943381"><i class="fa fa-cart-plus" title="Add to My Grocery List"></i><div></div></div></td><td><img class="storeItemImage" itemprop="image" alt="chicken, breast, boneless, skinless" src="/media/images/store_item/257.jpg"></td><td>chicken, breast, boneless, skinless</td><td class="not_printable sorting_1">meat &amp; poultry</td><td><img style="width:50%;" src="/media/images/logos/marchands/39.png" alt="Your Independent Grocer"></td><td><span itemprop="price">$6.99</span><span itemprop="eligibleQuantity" itemscope="" itemtype="http://schema.org/QuantitativeValue">/<span itemprop="unitText">lb</span></span></td><td>$15.41/kg</td><td style="display: none;">2020-02-26</td><td style="display: none;">Canada</td><td style="display: none;">house brand</td><td style="display: none;"></td><td style="display: none;"></td><td style="display: none;">antibiotic free</td><td style="display: none;">large pack</td><td style="display: none;">Free From</td><td style="display: none;"><a class="recipeLink" href="/recipe_ingredient_search_results.php?query=(_QU5E__1__________257__[]_1_1)">Recipes with chicken, breast, boneless, skinless</a></td></tr><tr role="row" class="odd"><td tabindex="0"><i class="fas fa-hand-rock"></i></td><td class=" not_printable"><div class="addToGL" data-soscuisine-aisle="6" data-soscuisine-sip="3942095"><i class="fa fa-cart-plus" title="Add to My Grocery List"></i><div></div></div></td><td><img class="storeItemImage" itemprop="image" alt="chicken, drumsticks" src="/media/images/store_item/414.jpg"></td><td>chicken, drumsticks</td><td class="not_printable sorting_1">meat &amp; poultry</td><td><img style="width:50%;" src="/media/images/logos/marchands/16.png" alt="Foodland"></td><td><span itemprop="price">$2.99</span><span itemprop="eligibleQuantity" itemscope="" itemtype="http://schema.org/QuantitativeValue">/<span itemprop="unitText">lb</span></span></td><td>$6.59/kg</td><td style="display: none;">2020-02-26</td><td style="display: none;"></td><td style="display: none;">house brand</td><td style="display: none;"></td><td style="display: none;"></td><td style="display: none;"></td><td style="display: none;"></td><td style="display: none;"></td><td style="display: none;"><a class="recipeLink" href="/recipe_ingredient_search_results.php?query=(_QU5E__1__________414__[]_1_1)">Recipes with chicken, drumsticks</a></td></tr><tr role="row" class="even"><td tabindex="0"><i class="fa fa-thumbs-up"></i><i class="fa fa-thumbs-up"></i></td><td class=" not_printable"><div class="addToGL" data-soscuisine-aisle="6" data-soscuisine-sip="3945679"><i class="fa fa-cart-plus" title="Add to My Grocery List"></i><div></div></div></td><td><img class="storeItemImage" itemprop="image" alt="chicken, drumsticks" src="/media/images/store_item/414.jpg"></td><td>chicken, drumsticks</td><td class="not_printable sorting_1">meat &amp; poultry</td><td><img style="width:50%;" src="/media/images/logos/marchands/20.png" alt="Metro"></td><td><span itemprop="price">$1.99</span><span itemprop="eligibleQuantity" itemscope="" itemtype="http://schema.org/QuantitativeValue">/<span itemprop="unitText">lb</span></span></td><td>$4.39/kg</td><td style="display: none;">2020-02-26</td><td style="display: none;"></td><td style="display: none;"></td><td style="display: none;"></td><td style="display: none;"></td><td style="display: none;"></td><td style="display: none;">fresh</td><td style="display: none;"></td><td style="display: none;"><a class="recipeLink" href="/recipe_ingredient_search_results.php?query=(_QU5E__1__________414__[]_1_1)">Recipes with chicken, drumsticks</a></td></tr><tr role="row" class="odd"><td tabindex="0"><i class="fa fa-thumbs-down"></i></td><td class=" not_printable"><div class="addToGL" data-soscuisine-aisle="6" data-soscuisine-sip="3943495"><i class="fa fa-cart-plus" title="Add to My Grocery List"></i><div></div></div></td><td><img class="storeItemImage" itemprop="image" alt="chicken, drumsticks" src="/media/images/store_item/414.jpg"></td><td>chicken, drumsticks</td><td class="not_printable sorting_1">meat &amp; poultry</td><td><img style="width:50%;" src="/media/images/logos/marchands/15.png" alt="Sobeys"></td><td><span itemprop="price">$3.49</span><span itemprop="eligibleQuantity" itemscope="" itemtype="http://schema.org/QuantitativeValue">/<span itemprop="unitText">lb</span></span></td><td>$7.69/kg</td><td style="display: none;">2020-02-26</td><td style="display: none;"></td><td style="display: none;">house brand</td><td style="display: none;"></td><td style="display: none;"></td><td style="display: none;"></td><td style="display: none;">fresh</td><td style="display: none;"></td><td style="display: none;"><a class="recipeLink" href="/recipe_ingredient_search_results.php?query=(_QU5E__1__________414__[]_1_1)">Recipes with chicken, drumsticks</a></td></tr><tr role="row" class="even"><td tabindex="0"><i class="fa fa-thumbs-up"></i><i class="fa fa-thumbs-up"></i></td><td class=" not_printable"><div class="addToGL" data-soscuisine-aisle="6" data-soscuisine-sip="3945465"><i class="fa fa-cart-plus" title="Add to My Grocery List"></i><div></div></div></td><td><img class="storeItemImage" itemprop="image" alt="chicken, ground" src="/media/images/store_item/494.jpg"></td><td>chicken, ground</td><td class="not_printable sorting_1">meat &amp; poultry</td><td><img style="width:50%;" src="/media/images/logos/marchands/18.png" alt="Food Basics"></td><td><span itemprop="price">$2.88</span><span itemprop="eligibleQuantity" itemscope="" itemtype="http://schema.org/QuantitativeValue">/<span itemprop="unitText">450g</span></span></td><td>$6.40/kg</td><td style="display: none;">2020-02-26</td><td style="display: none;"></td><td style="display: none;">house brand</td><td style="display: none;"></td><td style="display: none;">extra-lean</td><td style="display: none;"></td><td style="display: none;"></td><td style="display: none;"></td><td style="display: none;"><a class="recipeLink" href="/recipe_ingredient_search_results.php?query=(_QU5E__1__________494__[]_1_1)">Recipes with chicken, ground</a></td></tr><tr role="row" class="odd"><td tabindex="0"><i class="fas fa-hand-rock"></i></td><td class=" not_printable"><div class="addToGL" data-soscuisine-aisle="6" data-soscuisine-sip="3941317"><i class="fa fa-cart-plus" title="Add to My Grocery List"></i><div></div></div></td><td><img class="storeItemImage" itemprop="image" alt="chicken, ground" src="/media/images/store_item/494.jpg"></td><td>chicken, ground</td><td class="not_printable sorting_1">meat &amp; poultry</td><td><img style="width:50%;" src="/media/images/logos/marchands/74.png" alt="Walmart"></td><td><span itemprop="price">$12.00</span><span itemprop="eligibleQuantity" itemscope="" itemtype="http://schema.org/QuantitativeValue">/<span itemprop="value">2</span>x<span itemprop="unitText">454g (1lb)</span></span></td><td>$13.23/kg</td><td style="display: none;">2020-02-26</td><td style="display: none;"></td><td style="display: none;">Maple Leaf</td><td style="display: none;"></td><td style="display: none;">extra-lean</td><td style="display: none;"></td><td style="display: none;"></td><td style="display: none;">or Mina Halal, lean, supercentres only</td><td style="display: none;"><a class="recipeLink" href="/recipe_ingredient_search_results.php?query=(_QU5E__1__________494__[]_1_1)">Recipes with chicken, ground</a></td></tr><tr role="row" class="even"><td tabindex="0"><i class="fa fa-thumbs-down"></i></td><td class=" not_printable"><div class="addToGL" data-soscuisine-aisle="6" data-soscuisine-sip="3941315"><i class="fa fa-cart-plus" title="Add to My Grocery List"></i><div></div></div></td><td><img class="storeItemImage" itemprop="image" alt="chicken, ground" src="/media/images/store_item/494.jpg"></td><td>chicken, ground</td><td class="not_printable sorting_1">meat &amp; poultry</td><td><img style="width:50%;" src="/media/images/logos/marchands/74.png" alt="Walmart"></td><td><span itemprop="price">$6.97</span><span itemprop="eligibleQuantity" itemscope="" itemtype="http://schema.org/QuantitativeValue">/<span itemprop="unitText">454g (1lb)</span></span></td><td>$15.37/kg</td><td style="display: none;">2020-02-26</td><td style="display: none;"></td><td style="display: none;">Maple Leaf</td><td style="display: none;"></td><td style="display: none;">extra-lean</td><td style="display: none;"></td><td style="display: none;"></td><td style="display: none;">or Mina Halal, lean, supercentres only</td><td style="display: none;"><a class="recipeLink" href="/recipe_ingredient_search_results.php?query=(_QU5E__1__________494__[]_1_1)">Recipes with chicken, ground</a></td></tr><tr role="row" class="odd"><td tabindex="0"><i class="fa fa-thumbs-up"></i><i class="fa fa-thumbs-up"></i></td><td class=" not_printable"><div class="addToGL" data-soscuisine-aisle="6" data-soscuisine-sip="3945309"><i class="fa fa-cart-plus" title="Add to My Grocery List"></i><div></div></div></td><td><img class="storeItemImage" itemprop="image" alt="chicken, legs, with back, with skin" src="/media/images/store_item/443.jpg"></td><td>chicken, legs, with back, with skin</td><td class="not_printable sorting_1">meat &amp; poultry</td><td><img style="width:50%;" src="/media/images/logos/marchands/14.png" alt="No Frills"></td><td><span itemprop="price">$1.00</span><span itemprop="eligibleQuantity" itemscope="" itemtype="http://schema.org/QuantitativeValue">/<span itemprop="unitText">lb</span></span></td><td>$2.20/kg</td><td style="display: none;">2020-02-26</td><td style="display: none;"></td><td style="display: none;"></td><td style="display: none;"></td><td style="display: none;"></td><td style="display: none;"></td><td style="display: none;">fresh</td><td style="display: none;"></td><td style="display: none;"><a class="recipeLink" href="/recipe_ingredient_search_results.php?query=(_QU5E__1__________443__[]_1_1)">Recipes with chicken, legs, with back, with skin</a></td></tr><tr role="row" class="even"><td tabindex="0"><i class="fa fa-thumbs-up"></i></td><td class=" not_printable"><div class="addToGL" data-soscuisine-aisle="6" data-soscuisine-sip="3945681"><i class="fa fa-cart-plus" title="Add to My Grocery List"></i><div></div></div></td><td><img class="storeItemImage" itemprop="image" alt="chicken, thighs, bone-in, with skin" src="/media/images/store_item/511.jpg"></td><td>chicken, thighs, bone-in, with skin</td><td class="not_printable sorting_1">meat &amp; poultry</td><td><img style="width:50%;" src="/media/images/logos/marchands/20.png" alt="Metro"></td><td><span itemprop="price">$1.99</span><span itemprop="eligibleQuantity" itemscope="" itemtype="http://schema.org/QuantitativeValue">/<span itemprop="unitText">lb</span></span></td><td>$4.39/kg</td><td style="display: none;">2020-02-26</td><td style="display: none;"></td><td style="display: none;"></td><td style="display: none;"></td><td style="display: none;"></td><td style="display: none;"></td><td style="display: none;">fresh</td><td style="display: none;"></td><td style="display: none;"><a class="recipeLink" href="/recipe_ingredient_search_results.php?query=(_QU5E__1__________511__[]_1_1)">Recipes with chicken, thighs, bone-in, with skin</a></td></tr><tr role="row" class="odd"><td tabindex="0"><i class="fa fa-thumbs-down"></i></td><td class=" not_printable"><div class="addToGL" data-soscuisine-aisle="6" data-soscuisine-sip="3943493"><i class="fa fa-cart-plus" title="Add to My Grocery List"></i><div></div></div></td><td><img class="storeItemImage" itemprop="image" alt="chicken, thighs, bone-in, with skin" src="/media/images/store_item/511.jpg"></td><td>chicken, thighs, bone-in, with skin</td><td class="not_printable sorting_1">meat &amp; poultry</td><td><img style="width:50%;" src="/media/images/logos/marchands/15.png" alt="Sobeys"></td><td><span itemprop="price">$3.49</span><span itemprop="eligibleQuantity" itemscope="" itemtype="http://schema.org/QuantitativeValue">/<span itemprop="unitText">lb</span></span></td><td>$7.69/kg</td><td style="display: none;">2020-02-26</td><td style="display: none;"></td><td style="display: none;">house brand</td><td style="display: none;"></td><td style="display: none;"></td><td style="display: none;"></td><td style="display: none;">fresh</td><td style="display: none;"></td><td style="display: none;"><a class="recipeLink" href="/recipe_ingredient_search_results.php?query=(_QU5E__1__________511__[]_1_1)">Recipes with chicken, thighs, bone-in, with skin</a></td></tr><tr role="row" class="even"><td tabindex="0"><i class="fas fa-hand-rock"></i></td><td class=" not_printable"><div class="addToGL" data-soscuisine-aisle="6" data-soscuisine-sip="3944897"><i class="fa fa-cart-plus" title="Add to My Grocery List"></i><div></div></div></td><td><img class="storeItemImage" itemprop="image" alt="chicken, thighs, boneless" src="/media/images/store_item/353.jpg"></td><td>chicken, thighs, boneless</td><td class="not_printable sorting_1">meat &amp; poultry</td><td><img style="width:50%;" src="/media/images/logos/marchands/38.png" alt="Farm Boy"></td><td><span itemprop="price">$5.99</span><span itemprop="eligibleQuantity" itemscope="" itemtype="http://schema.org/QuantitativeValue">/<span itemprop="unitText">lb</span></span></td><td>$13.21/kg</td><td style="display: none;">2020-02-26</td><td style="display: none;">Canada</td><td style="display: none;"></td><td style="display: none;"></td><td style="display: none;"></td><td style="display: none;"></td><td style="display: none;">fresh</td><td style="display: none;"></td><td style="display: none;"><a class="recipeLink" href="/recipe_ingredient_search_results.php?query=(_QU5E__1__________353__[]_1_1)">Recipes with chicken, thighs, boneless</a></td></tr><tr role="row" class="odd"><td tabindex="0"><i class="fas fa-hand-rock"></i></td><td class=" not_printable"><div class="addToGL" data-soscuisine-aisle="6" data-soscuisine-sip="3945549"><i class="fa fa-cart-plus" title="Add to My Grocery List"></i><div></div></div></td><td><img class="storeItemImage" itemprop="image" alt="chicken, thighs, boneless" src="/media/images/store_item/353.jpg"></td><td>chicken, thighs, boneless</td><td class="not_printable sorting_1">meat &amp; poultry</td><td><img style="width:50%;" src="/media/images/logos/marchands/18.png" alt="Food Basics"></td><td><span itemprop="price">$5.99</span><span itemprop="eligibleQuantity" itemscope="" itemtype="http://schema.org/QuantitativeValue">/<span itemprop="unitText">lb</span></span></td><td>$13.21/kg</td><td style="display: none;">2020-02-26</td><td style="display: none;">Ontario</td><td style="display: none;">Maple Lodge</td><td style="display: none;"></td><td style="display: none;">skinless</td><td style="display: none;"></td><td style="display: none;">family size</td><td style="display: none;"></td><td style="display: none;"><a class="recipeLink" href="/recipe_ingredient_search_results.php?query=(_QU5E__1__________353__[]_1_1)">Recipes with chicken, thighs, boneless</a></td></tr><tr role="row" class="even"><td tabindex="0"><i class="fas fa-hand-rock"></i></td><td class=" not_printable"><div class="addToGL" data-soscuisine-aisle="6" data-soscuisine-sip="3941733"><i class="fa fa-cart-plus" title="Add to My Grocery List"></i><div></div></div></td><td><img class="storeItemImage" itemprop="image" alt="chicken, thighs, boneless" src="/media/images/store_item/353.jpg"></td><td>chicken, thighs, boneless</td><td class="not_printable sorting_1">meat &amp; poultry</td><td><img style="width:50%;" src="/media/images/logos/marchands/19.png" alt="Loblaws"></td><td><span itemprop="price">$6.99</span><span itemprop="eligibleQuantity" itemscope="" itemtype="http://schema.org/QuantitativeValue">/<span itemprop="unitText">lb</span></span></td><td>$15.41/kg</td><td style="display: none;">2020-02-26</td><td style="display: none;">Canada</td><td style="display: none;">house brand</td><td style="display: none;"></td><td style="display: none;">skinless</td><td style="display: none;">antibiotic free</td><td style="display: none;">large pack</td><td style="display: none;">Free From</td><td style="display: none;"><a class="recipeLink" href="/recipe_ingredient_search_results.php?query=(_QU5E__1__________353__[]_1_1)">Recipes with chicken, thighs, boneless</a></td></tr><tr role="row" class="odd"><td tabindex="0"><i class="fas fa-hand-rock"></i></td><td class=" not_printable"><div class="addToGL" data-soscuisine-aisle="6" data-soscuisine-sip="3945839"><i class="fa fa-cart-plus" title="Add to My Grocery List"></i><div></div></div></td><td><img class="storeItemImage" itemprop="image" alt="chicken, thighs, boneless" src="/media/images/store_item/353.jpg"></td><td>chicken, thighs, boneless</td><td class="not_printable sorting_1">meat &amp; poultry</td><td><img style="width:50%;" src="/media/images/logos/marchands/20.png" alt="Metro"></td><td><span itemprop="price">$6.99</span><span itemprop="eligibleQuantity" itemscope="" itemtype="http://schema.org/QuantitativeValue">/<span itemprop="unitText">lb</span></span></td><td>$15.41/kg</td><td style="display: none;">2020-02-26</td><td style="display: none;"></td><td style="display: none;">Maple Lodge</td><td style="display: none;"></td><td style="display: none;">skinless</td><td style="display: none;"></td><td style="display: none;">fresh</td><td style="display: none;">Halal</td><td style="display: none;"><a class="recipeLink" href="/recipe_ingredient_search_results.php?query=(_QU5E__1__________353__[]_1_1)">Recipes with chicken, thighs, boneless</a></td></tr><tr role="row" class="even"><td tabindex="0"><i class="fas fa-hand-rock"></i></td><td class=" not_printable"><div class="addToGL" data-soscuisine-aisle="6" data-soscuisine-sip="3944745"><i class="fa fa-cart-plus" title="Add to My Grocery List"></i><div></div></div></td><td><img class="storeItemImage" itemprop="image" alt="chicken, thighs, boneless" src="/media/images/store_item/353.jpg"></td><td>chicken, thighs, boneless</td><td class="not_printable sorting_1">meat &amp; poultry</td><td><img style="width:50%;" src="/media/images/logos/marchands/52.png" alt="Real Canadian Superstore"></td><td><span itemprop="price">$5.98</span><span itemprop="eligibleQuantity" itemscope="" itemtype="http://schema.org/QuantitativeValue">/<span itemprop="unitText">lb</span></span></td><td>$13.18/kg</td><td style="display: none;">2020-02-26</td><td style="display: none;"></td><td style="display: none;">house brand</td><td style="display: none;"></td><td style="display: none;">skinless</td><td style="display: none;">antibiotic free</td><td style="display: none;">fresh, large pack</td><td style="display: none;">Free From</td><td style="display: none;"><a class="recipeLink" href="/recipe_ingredient_search_results.php?query=(_QU5E__1__________353__[]_1_1)">Recipes with chicken, thighs, boneless</a></td></tr><tr role="row" class="odd"><td tabindex="0"><i class="fas fa-hand-rock"></i></td><td class=" not_printable"><div class="addToGL" data-soscuisine-aisle="6" data-soscuisine-sip="3943385"><i class="fa fa-cart-plus" title="Add to My Grocery List"></i><div></div></div></td><td><img class="storeItemImage" itemprop="image" alt="chicken, thighs, boneless" src="/media/images/store_item/353.jpg"></td><td>chicken, thighs, boneless</td><td class="not_printable sorting_1">meat &amp; poultry</td><td><img style="width:50%;" src="/media/images/logos/marchands/39.png" alt="Your Independent Grocer"></td><td><span itemprop="price">$6.99</span><span itemprop="eligibleQuantity" itemscope="" itemtype="http://schema.org/QuantitativeValue">/<span itemprop="unitText">lb</span></span></td><td>$15.41/kg</td><td style="display: none;">2020-02-26</td><td style="display: none;">Canada</td><td style="display: none;">house brand</td><td style="display: none;"></td><td style="display: none;">skinless</td><td style="display: none;">antibiotic free</td><td style="display: none;">family size</td><td style="display: none;">Free From</td><td style="display: none;"><a class="recipeLink" href="/recipe_ingredient_search_results.php?query=(_QU5E__1__________353__[]_1_1)">Recipes with chicken, thighs, boneless</a></td></tr><tr role="row" class="even"><td tabindex="0"><i class="fas fa-hand-rock"></i></td><td class=" not_printable"><div class="addToGL" data-soscuisine-aisle="6" data-soscuisine-sip="3941745"><i class="fa fa-cart-plus" title="Add to My Grocery List"></i><div></div></div></td><td><img class="storeItemImage" itemprop="image" alt="chicken, wings" src="/media/images/store_item/515.jpg"></td><td>chicken, wings</td><td class="not_printable sorting_1">meat &amp; poultry</td><td><img style="width:50%;" src="/media/images/logos/marchands/19.png" alt="Loblaws"></td><td><span itemprop="price">$4.99</span><span itemprop="eligibleQuantity" itemscope="" itemtype="http://schema.org/QuantitativeValue">/<span itemprop="unitText">lb</span></span></td><td>$11.00/kg</td><td style="display: none;">2020-02-26</td><td style="display: none;">Canada</td><td style="display: none;">house brand</td><td style="display: none;"></td><td style="display: none;"></td><td style="display: none;"></td><td style="display: none;">split, fresh</td><td style="display: none;">club size, tips removed, Free From</td><td style="display: none;"><a class="recipeLink" href="/recipe_ingredient_search_results.php?query=(_QU5E__1__________515__[]_1_1)">Recipes with chicken, wings</a></td></tr><tr role="row" class="odd"><td tabindex="0"><i class="fa fa-thumbs-down"></i></td><td class=" not_printable"><div class="addToGL" data-soscuisine-aisle="6" data-soscuisine-sip="3945837"><i class="fa fa-cart-plus" title="Add to My Grocery List"></i><div></div></div></td><td><img class="storeItemImage" itemprop="image" alt="chicken, wings" src="/media/images/store_item/515.jpg"></td><td>chicken, wings</td><td class="not_printable sorting_1">meat &amp; poultry</td><td><img style="width:50%;" src="/media/images/logos/marchands/20.png" alt="Metro"></td><td><span itemprop="price">$5.99</span><span itemprop="eligibleQuantity" itemscope="" itemtype="http://schema.org/QuantitativeValue">/<span itemprop="unitText">lb</span></span></td><td>$13.21/kg</td><td style="display: none;">2020-02-26</td><td style="display: none;"></td><td style="display: none;">Maple Lodge</td><td style="display: none;"></td><td style="display: none;"></td><td style="display: none;">Halal</td><td style="display: none;">split, fresh</td><td style="display: none;"></td><td style="display: none;"><a class="recipeLink" href="/recipe_ingredient_search_results.php?query=(_QU5E__1__________515__[]_1_1)">Recipes with chicken, wings</a></td></tr><tr role="row" class="even"><td tabindex="0"><i class="fas fa-hand-rock"></i></td><td class=" not_printable"><div class="addToGL" data-soscuisine-aisle="6" data-soscuisine-sip="3943497"><i class="fa fa-cart-plus" title="Add to My Grocery List"></i><div></div></div></td><td><img class="storeItemImage" itemprop="image" alt="chicken, wings" src="/media/images/store_item/515.jpg"></td><td>chicken, wings</td><td class="not_printable sorting_1">meat &amp; poultry</td><td><img style="width:50%;" src="/media/images/logos/marchands/15.png" alt="Sobeys"></td><td><span itemprop="price">$4.99</span><span itemprop="eligibleQuantity" itemscope="" itemtype="http://schema.org/QuantitativeValue">/<span itemprop="unitText">lb</span></span></td><td>$11.00/kg</td><td style="display: none;">2020-02-26</td><td style="display: none;"></td><td style="display: none;">house brand</td><td style="display: none;"></td><td style="display: none;"></td><td style="display: none;"></td><td style="display: none;">split, fresh</td><td style="display: none;"></td><td style="display: none;"><a class="recipeLink" href="/recipe_ingredient_search_results.php?query=(_QU5E__1__________515__[]_1_1)">Recipes with chicken, wings</a></td></tr><tr role="row" class="odd"><td tabindex="0"><i class="fa fa-thumbs-up"></i><i class="fa fa-thumbs-up"></i></td><td class=" not_printable"><div class="addToGL" data-soscuisine-aisle="6" data-soscuisine-sip="3944873"><i class="fa fa-cart-plus" title="Add to My Grocery List"></i><div></div></div></td><td><img class="storeItemImage" itemprop="image" alt="chickens, whole" src="/media/images/store_item/343.jpg"></td><td>chickens, whole</td><td class="not_printable sorting_1">meat &amp; poultry</td><td><img style="width:50%;" src="/media/images/logos/marchands/38.png" alt="Farm Boy"></td><td><span itemprop="price">$1.99</span><span itemprop="eligibleQuantity" itemscope="" itemtype="http://schema.org/QuantitativeValue">/<span itemprop="unitText">lb</span></span></td><td>$4.39/kg</td><td style="display: none;">2020-02-26</td><td style="display: none;">Canada</td><td style="display: none;"></td><td style="display: none;"></td><td style="display: none;"></td><td style="display: none;"></td><td style="display: none;">fresh</td><td style="display: none;"></td><td style="display: none;"><a class="recipeLink" href="/recipe_ingredient_search_results.php?query=(_QU5E__1__________343__[]_1_1)">Recipes with chickens, whole</a></td></tr><tr role="row" class="even"><td tabindex="0"><i class="fas fa-hand-rock"></i></td><td class=" not_printable"><div class="addToGL" data-soscuisine-aisle="6" data-soscuisine-sip="3945545"><i class="fa fa-cart-plus" title="Add to My Grocery List"></i><div></div></div></td><td><img class="storeItemImage" itemprop="image" alt="chickens, whole" src="/media/images/store_item/343.jpg"></td><td>chickens, whole</td><td class="not_printable sorting_1">meat &amp; poultry</td><td><img style="width:50%;" src="/media/images/logos/marchands/18.png" alt="Food Basics"></td><td><span itemprop="price">$2.99</span><span itemprop="eligibleQuantity" itemscope="" itemtype="http://schema.org/QuantitativeValue">/<span itemprop="unitText">lb</span></span></td><td>$6.59/kg</td><td style="display: none;">2020-02-26</td><td style="display: none;">Ontario</td><td style="display: none;">Maple Lodge</td><td style="display: none;"></td><td style="display: none;"></td><td style="display: none;"></td><td style="display: none;"></td><td style="display: none;"></td><td style="display: none;"><a class="recipeLink" href="/recipe_ingredient_search_results.php?query=(_QU5E__1__________343__[]_1_1)">Recipes with chickens, whole</a></td></tr><tr role="row" class="odd"><td tabindex="0"><i class="fa fa-thumbs-up"></i><i class="fa fa-thumbs-up"></i></td><td class=" not_printable"><div class="addToGL" data-soscuisine-aisle="6" data-soscuisine-sip="3941441"><i class="fa fa-cart-plus" title="Add to My Grocery List"></i><div></div></div></td><td><img class="storeItemImage" itemprop="image" alt="chickens, whole" src="/media/images/store_item/343.jpg"></td><td>chickens, whole</td><td class="not_printable sorting_1">meat &amp; poultry</td><td><img style="width:50%;" src="/media/images/logos/marchands/19.png" alt="Loblaws"></td><td><span itemprop="price">$1.99</span><span itemprop="eligibleQuantity" itemscope="" itemtype="http://schema.org/QuantitativeValue">/<span itemprop="unitText">lb</span></span></td><td>$4.39/kg</td><td style="display: none;">2020-02-26</td><td style="display: none;"></td><td style="display: none;">house brand</td><td style="display: none;"></td><td style="display: none;"></td><td style="display: none;">antibiotic free</td><td style="display: none;">fresh</td><td style="display: none;">Free From</td><td style="display: none;"><a class="recipeLink" href="/recipe_ingredient_search_results.php?query=(_QU5E__1__________343__[]_1_1)">Recipes with chickens, whole</a></td></tr><tr role="row" class="even"><td tabindex="0"><i class="fas fa-hand-rock"></i></td><td class=" not_printable"><div class="addToGL" data-soscuisine-aisle="6" data-soscuisine-sip="3945845"><i class="fa fa-cart-plus" title="Add to My Grocery List"></i><div></div></div></td><td><img class="storeItemImage" itemprop="image" alt="chickens, whole" src="/media/images/store_item/343.jpg"></td><td>chickens, whole</td><td class="not_printable sorting_1">meat &amp; poultry</td><td><img style="width:50%;" src="/media/images/logos/marchands/20.png" alt="Metro"></td><td><span itemprop="price">$2.49</span><span itemprop="eligibleQuantity" itemscope="" itemtype="http://schema.org/QuantitativeValue">/<span itemprop="unitText">lb</span></span></td><td>$5.49/kg</td><td style="display: none;">2020-02-26</td><td style="display: none;"></td><td style="display: none;"></td><td style="display: none;"></td><td style="display: none;"></td><td style="display: none;"></td><td style="display: none;">fresh</td><td style="display: none;"></td><td style="display: none;"><a class="recipeLink" href="/recipe_ingredient_search_results.php?query=(_QU5E__1__________343__[]_1_1)">Recipes with chickens, whole</a></td></tr><tr role="row" class="odd"><td tabindex="0"><i class="fas fa-hand-rock"></i></td><td class=" not_printable"><div class="addToGL" data-soscuisine-aisle="6" data-soscuisine-sip="3945833"><i class="fa fa-cart-plus" title="Add to My Grocery List"></i><div></div></div></td><td><img class="storeItemImage" itemprop="image" alt="chickens, whole" src="/media/images/store_item/343.jpg"></td><td>chickens, whole</td><td class="not_printable sorting_1">meat &amp; poultry</td><td><img style="width:50%;" src="/media/images/logos/marchands/20.png" alt="Metro"></td><td><span itemprop="price">$3.49</span><span itemprop="eligibleQuantity" itemscope="" itemtype="http://schema.org/QuantitativeValue">/<span itemprop="unitText">lb</span></span></td><td>$7.69/kg</td><td style="display: none;">2020-02-26</td><td style="display: none;"></td><td style="display: none;">Maple Lodge</td><td style="display: none;"></td><td style="display: none;"></td><td style="display: none;">Halal</td><td style="display: none;">fresh</td><td style="display: none;"></td><td style="display: none;"><a class="recipeLink" href="/recipe_ingredient_search_results.php?query=(_QU5E__1__________343__[]_1_1)">Recipes with chickens, whole</a></td></tr><tr role="row" class="even"><td tabindex="0"><i class="fas fa-hand-rock"></i></td><td class=" not_printable"><div class="addToGL" data-soscuisine-aisle="6" data-soscuisine-sip="3943419"><i class="fa fa-cart-plus" title="Add to My Grocery List"></i><div></div></div></td><td><img class="storeItemImage" itemprop="image" alt="chickens, whole" src="/media/images/store_item/343.jpg"></td><td>chickens, whole</td><td class="not_printable sorting_1">meat &amp; poultry</td><td><img style="width:50%;" src="/media/images/logos/marchands/39.png" alt="Your Independent Grocer"></td><td><span itemprop="price">$3.49</span><span itemprop="eligibleQuantity" itemscope="" itemtype="http://schema.org/QuantitativeValue">/<span itemprop="unitText">lb</span></span></td><td>$7.69/kg</td><td style="display: none;">2020-02-26</td><td style="display: none;">Canada</td><td style="display: none;">house brand</td><td style="display: none;"></td><td style="display: none;"></td><td style="display: none;">antibiotic free</td><td style="display: none;">fresh</td><td style="display: none;">Free From</td><td style="display: none;"><a class="recipeLink" href="/recipe_ingredient_search_results.php?query=(_QU5E__1__________343__[]_1_1)">Recipes with chickens, whole</a></td></tr><tr role="row" class="odd"><td tabindex="0"><i class="fa fa-thumbs-down"></i></td><td class=" not_printable"><div class="addToGL" data-soscuisine-aisle="6" data-soscuisine-sip="3942153"><i class="fa fa-cart-plus" title="Add to My Grocery List"></i><div></div></div></td><td><img class="storeItemImage" itemprop="image" alt="deli food, bologna" src="/media/images/store_item/766.jpg"></td><td>deli food, bologna</td><td class="not_printable sorting_1">meat &amp; poultry</td><td><img style="width:50%;" src="/media/images/logos/marchands/16.png" alt="Foodland"></td><td><span itemprop="price">$5.99</span><span itemprop="eligibleQuantity" itemscope="" itemtype="http://schema.org/QuantitativeValue">/<span itemprop="unitText">375g</span></span></td><td>$15.97/kg</td><td style="display: none;">2020-02-26</td><td style="display: none;"></td><td style="display: none;">Schneiders</td><td style="display: none;"></td><td style="display: none;"></td><td style="display: none;"></td><td style="display: none;">sliced</td><td style="display: none;"></td><td style="display: none;"></td></tr><tr role="row" class="even"><td tabindex="0"><i class="fa fa-thumbs-up"></i><i class="fa fa-thumbs-up"></i></td><td class=" not_printable"><div class="addToGL" data-soscuisine-aisle="6" data-soscuisine-sip="3945361"><i class="fa fa-cart-plus" title="Add to My Grocery List"></i><div></div></div></td><td><img class="storeItemImage" itemprop="image" alt="deli food, bologna" src="/media/images/store_item/766.jpg"></td><td>deli food, bologna</td><td class="not_printable sorting_1">meat &amp; poultry</td><td><img style="width:50%;" src="/media/images/logos/marchands/14.png" alt="No Frills"></td><td><span itemprop="price">$1.00</span><span itemprop="eligibleQuantity" itemscope="" itemtype="http://schema.org/QuantitativeValue">/<span itemprop="unitText">375g</span></span></td><td>$2.67/kg</td><td style="display: none;">2020-02-26</td><td style="display: none;"></td><td style="display: none;">Maple Lodge</td><td style="display: none;"></td><td style="display: none;">chicken</td><td style="display: none;"></td><td style="display: none;"></td><td style="display: none;"></td><td style="display: none;"></td></tr><tr role="row" class="odd"><td tabindex="0"><i class="fa fa-thumbs-down"></i></td><td class=" not_printable"><div class="addToGL" data-soscuisine-aisle="6" data-soscuisine-sip="3942441"><i class="fa fa-cart-plus" title="Add to My Grocery List"></i><div></div></div></td><td><img class="storeItemImage" itemprop="image" alt="deli food, capocollo" src="/media/images/store_item/857.jpg"></td><td>deli food, capocollo</td><td class="not_printable sorting_1">meat &amp; poultry</td><td><img style="width:50%;" src="/media/images/logos/marchands/16.png" alt="Foodland"></td><td><span itemprop="price">$8.00</span><span itemprop="eligibleQuantity" itemscope="" itemtype="http://schema.org/QuantitativeValue">/<span itemprop="value">2</span>x125g</span></td><td>$32.00/kg</td><td style="display: none;">2020-02-26</td><td style="display: none;"></td><td style="display: none;">Mastro</td><td style="display: none;"></td><td style="display: none;"></td><td style="display: none;"></td><td style="display: none;">sliced</td><td style="display: none;">available at most locations</td><td style="display: none;"><a class="recipeLink" href="/recipe_ingredient_search_results.php?query=(_QU5E__1__________857__[]_1_1)">Recipes with deli food, capocollo</a></td></tr><tr role="row" class="even"><td tabindex="0"><i class="fa fa-thumbs-down"></i></td><td class=" not_printable"><div class="addToGL" data-soscuisine-aisle="6" data-soscuisine-sip="3942437"><i class="fa fa-cart-plus" title="Add to My Grocery List"></i><div></div></div></td><td><img class="storeItemImage" itemprop="image" alt="deli food, capocollo" src="/media/images/store_item/857.jpg"></td><td>deli food, capocollo</td><td class="not_printable sorting_1">meat &amp; poultry</td><td><img style="width:50%;" src="/media/images/logos/marchands/16.png" alt="Foodland"></td><td><span itemprop="price">$4.99</span><span itemprop="eligibleQuantity" itemscope="" itemtype="http://schema.org/QuantitativeValue">/125g</span></td><td>$39.92/kg</td><td style="display: none;">2020-02-26</td><td style="display: none;"></td><td style="display: none;">Mastro</td><td style="display: none;"></td><td style="display: none;"></td><td style="display: none;"></td><td style="display: none;">sliced</td><td style="display: none;">available at most locations</td><td style="display: none;"><a class="recipeLink" href="/recipe_ingredient_search_results.php?query=(_QU5E__1__________857__[]_1_1)">Recipes with deli food, capocollo</a></td></tr><tr role="row" class="odd"><td tabindex="0"><i class="fas fa-hand-rock"></i></td><td class=" not_printable"><div class="addToGL" data-soscuisine-aisle="6" data-soscuisine-sip="3945909"><i class="fa fa-cart-plus" title="Add to My Grocery List"></i><div></div></div></td><td><img class="storeItemImage" itemprop="image" alt="deli food, capocollo" src="/media/images/store_item/857.jpg"></td><td>deli food, capocollo</td><td class="not_printable sorting_1">meat &amp; poultry</td><td><img style="width:50%;" src="/media/images/logos/marchands/20.png" alt="Metro"></td><td><span itemprop="price">$1.99</span><span itemprop="eligibleQuantity" itemscope="" itemtype="http://schema.org/QuantitativeValue">/<span itemprop="unitText">100g</span></span></td><td>$19.90/kg</td><td style="display: none;">2020-02-26</td><td style="display: none;"></td><td style="display: none;">Mastro</td><td style="display: none;"></td><td style="display: none;"></td><td style="display: none;"></td><td style="display: none;"></td><td style="display: none;"></td><td style="display: none;"><a class="recipeLink" href="/recipe_ingredient_search_results.php?query=(_QU5E__1__________857__[]_1_1)">Recipes with deli food, capocollo</a></td></tr><tr role="row" class="even"><td tabindex="0"><i class="fa fa-thumbs-down"></i></td><td class=" not_printable"><div class="addToGL" data-soscuisine-aisle="6" data-soscuisine-sip="3943537"><i class="fa fa-cart-plus" title="Add to My Grocery List"></i><div></div></div></td><td><img class="storeItemImage" itemprop="image" alt="deli food, capocollo" src="/media/images/store_item/857.jpg"></td><td>deli food, capocollo</td><td class="not_printable sorting_1">meat &amp; poultry</td><td><img style="width:50%;" src="/media/images/logos/marchands/15.png" alt="Sobeys"></td><td><span itemprop="price">$8.00</span><span itemprop="eligibleQuantity" itemscope="" itemtype="http://schema.org/QuantitativeValue">/<span itemprop="value">2</span>x125g</span></td><td>$32.00/kg</td><td style="display: none;">2020-02-26</td><td style="display: none;"></td><td style="display: none;">Mastro</td><td style="display: none;"></td><td style="display: none;"></td><td style="display: none;"></td><td style="display: none;"></td><td style="display: none;"></td><td style="display: none;"><a class="recipeLink" href="/recipe_ingredient_search_results.php?query=(_QU5E__1__________857__[]_1_1)">Recipes with deli food, capocollo</a></td></tr><tr role="row" class="odd"><td tabindex="0"><i class="fa fa-thumbs-down"></i></td><td class=" not_printable"><div class="addToGL" data-soscuisine-aisle="6" data-soscuisine-sip="3943545"><i class="fa fa-cart-plus" title="Add to My Grocery List"></i><div></div></div></td><td><img class="storeItemImage" itemprop="image" alt="deli food, capocollo" src="/media/images/store_item/857.jpg"></td><td>deli food, capocollo</td><td class="not_printable sorting_1">meat &amp; poultry</td><td><img style="width:50%;" src="/media/images/logos/marchands/15.png" alt="Sobeys"></td><td><span itemprop="price">$4.99</span><span itemprop="eligibleQuantity" itemscope="" itemtype="http://schema.org/QuantitativeValue">/125g</span></td><td>$39.92/kg</td><td style="display: none;">2020-02-26</td><td style="display: none;"></td><td style="display: none;">Mastro</td><td style="display: none;"></td><td style="display: none;"></td><td style="display: none;"></td><td style="display: none;"></td><td style="display: none;"></td><td style="display: none;"><a class="recipeLink" href="/recipe_ingredient_search_results.php?query=(_QU5E__1__________857__[]_1_1)">Recipes with deli food, capocollo</a></td></tr><tr role="row" class="even"><td tabindex="0"><i class="fas fa-hand-rock"></i></td><td class=" not_printable"><div class="addToGL" data-soscuisine-aisle="6" data-soscuisine-sip="3945553"><i class="fa fa-cart-plus" title="Add to My Grocery List"></i><div></div></div></td><td><img class="storeItemImage" alt="deli food, chicken bacon" src="/media/images/store_item/blank.jpg"></td><td>deli food, chicken bacon</td><td class="not_printable sorting_1">meat &amp; poultry</td><td><img style="width:50%;" src="/media/images/logos/marchands/18.png" alt="Food Basics"></td><td><span itemprop="price">$3.99</span><span itemprop="eligibleQuantity" itemscope="" itemtype="http://schema.org/QuantitativeValue">/<span itemprop="unitText">375g</span></span></td><td>$10.64/kg</td><td style="display: none;">2020-02-26</td><td style="display: none;"></td><td style="display: none;">Maple Lodge</td><td style="display: none;"></td><td style="display: none;"></td><td style="display: none;"></td><td style="display: none;"></td><td style="display: none;"></td><td style="display: none;"><a class="recipeLink" href="/recipe_ingredient_search_results.php?query=(_QU5E__1__________575__[]_1_1)">Recipes with deli food, chicken bacon</a></td></tr><tr role="row" class="odd"><td tabindex="0"><i class="fa fa-thumbs-up"></i><i class="fa fa-thumbs-up"></i></td><td class=" not_printable"><div class="addToGL" data-soscuisine-aisle="6" data-soscuisine-sip="3944289"><i class="fa fa-cart-plus" title="Add to My Grocery List"></i><div></div></div></td><td><img class="storeItemImage" alt="deli food, chicken bacon" src="/media/images/store_item/blank.jpg"></td><td>deli food, chicken bacon</td><td class="not_printable sorting_1">meat &amp; poultry</td><td><img style="width:50%;" src="/media/images/logos/marchands/70.png" alt="FreshCo"></td><td><span itemprop="price">$3.00</span><span itemprop="eligibleQuantity" itemscope="" itemtype="http://schema.org/QuantitativeValue">/<span itemprop="unitText">375g</span></span></td><td>$8.00/kg</td><td style="display: none;">2020-02-26</td><td style="display: none;"></td><td style="display: none;">Mina</td><td style="display: none;"></td><td style="display: none;"></td><td style="display: none;"></td><td style="display: none;"></td><td style="display: none;"></td><td style="display: none;"><a class="recipeLink" href="/recipe_ingredient_search_results.php?query=(_QU5E__1__________575__[]_1_1)">Recipes with deli food, chicken bacon</a></td></tr><tr role="row" class="even"><td tabindex="0"><i class="fa fa-thumbs-up"></i><i class="fa fa-thumbs-up"></i></td><td class=" not_printable"><div class="addToGL" data-soscuisine-aisle="6" data-soscuisine-sip="3944509"><i class="fa fa-cart-plus" title="Add to My Grocery List"></i><div></div></div></td><td><img class="storeItemImage" alt="deli food, chicken bacon" src="/media/images/store_item/blank.jpg"></td><td>deli food, chicken bacon</td><td class="not_printable sorting_1">meat &amp; poultry</td><td><img style="width:50%;" src="/media/images/logos/marchands/17.png" alt="Price Chopper"></td><td><span itemprop="price">$3.00</span><span itemprop="eligibleQuantity" itemscope="" itemtype="http://schema.org/QuantitativeValue">/<span itemprop="unitText">375g</span></span></td><td>$8.00/kg</td><td style="display: none;">2020-02-26</td><td style="display: none;"></td><td style="display: none;">Mina</td><td style="display: none;"></td><td style="display: none;"></td><td style="display: none;"></td><td style="display: none;"></td><td style="display: none;"></td><td style="display: none;"><a class="recipeLink" href="/recipe_ingredient_search_results.php?query=(_QU5E__1__________575__[]_1_1)">Recipes with deli food, chicken bacon</a></td></tr><tr role="row" class="odd"><td tabindex="0"><i class="fa fa-thumbs-down"></i></td><td class=" not_printable"><div class="addToGL" data-soscuisine-aisle="6" data-soscuisine-sip="3941887"><i class="fa fa-cart-plus" title="Add to My Grocery List"></i><div></div></div></td><td><img class="storeItemImage" itemprop="image" alt="deli food, chicken breast roast" src="/media/images/store_item/623.jpg"></td><td>deli food, chicken breast roast</td><td class="not_printable sorting_1">meat &amp; poultry</td><td><img style="width:50%;" src="/media/images/logos/marchands/19.png" alt="Loblaws"></td><td><span itemprop="price">$11.00</span><span itemprop="eligibleQuantity" itemscope="" itemtype="http://schema.org/QuantitativeValue">/<span itemprop="unitText">375g</span></span></td><td>$29.33/kg</td><td style="display: none;">2020-02-26</td><td style="display: none;"></td><td style="display: none;">house brand</td><td style="display: none;"></td><td style="display: none;"></td><td style="display: none;"></td><td style="display: none;">sliced</td><td style="display: none;">Free From</td><td style="display: none;"><a class="recipeLink" href="/recipe_ingredient_search_results.php?query=(_QU5E__1__________623__[]_1_1)">Recipes with deli food, chicken breast roast</a></td></tr><tr role="row" class="even"><td tabindex="0"><i class="fas fa-hand-rock"></i></td><td class=" not_printable"><div class="addToGL" data-soscuisine-aisle="6" data-soscuisine-sip="3944755"><i class="fa fa-cart-plus" title="Add to My Grocery List"></i><div></div></div></td><td><img class="storeItemImage" itemprop="image" alt="deli food, chicken breast roast" src="/media/images/store_item/623.jpg"></td><td>deli food, chicken breast roast</td><td class="not_printable sorting_1">meat &amp; poultry</td><td><img style="width:50%;" src="/media/images/logos/marchands/52.png" alt="Real Canadian Superstore"></td><td><span itemprop="price">$2.68</span><span itemprop="eligibleQuantity" itemscope="" itemtype="http://schema.org/QuantitativeValue">/<span itemprop="unitText">100g</span></span></td><td>$26.80/kg</td><td style="display: none;">2020-02-26</td><td style="display: none;"></td><td style="display: none;">house brand</td><td style="display: none;"></td><td style="display: none;"></td><td style="display: none;"></td><td style="display: none;"></td><td style="display: none;"></td><td style="display: none;"><a class="recipeLink" href="/recipe_ingredient_search_results.php?query=(_QU5E__1__________623__[]_1_1)">Recipes with deli food, chicken breast roast</a></td></tr><tr role="row" class="odd"><td tabindex="0"><i class="fas fa-hand-rock"></i></td><td class=" not_printable"><div class="addToGL" data-soscuisine-aisle="6" data-soscuisine-sip="3944757"><i class="fa fa-cart-plus" title="Add to My Grocery List"></i><div></div></div></td><td><img class="storeItemImage" itemprop="image" alt="deli food, chicken breast roast" src="/media/images/store_item/623.jpg"></td><td>deli food, chicken breast roast</td><td class="not_printable sorting_1">meat &amp; poultry</td><td><img style="width:50%;" src="/media/images/logos/marchands/52.png" alt="Real Canadian Superstore"></td><td><span itemprop="price">$5.00</span><span itemprop="eligibleQuantity" itemscope="" itemtype="http://schema.org/QuantitativeValue">/<span itemprop="unitText">175g</span></span></td><td>$28.57/kg</td><td style="display: none;">2020-02-26</td><td style="display: none;"></td><td style="display: none;">house brand</td><td style="display: none;"></td><td style="display: none;"></td><td style="display: none;"></td><td style="display: none;">sliced</td><td style="display: none;"></td><td style="display: none;"><a class="recipeLink" href="/recipe_ingredient_search_results.php?query=(_QU5E__1__________623__[]_1_1)">Recipes with deli food, chicken breast roast</a></td></tr><tr role="row" class="even"><td tabindex="0"><i class="fa fa-thumbs-down"></i></td><td class=" not_printable"><div class="addToGL" data-soscuisine-aisle="6" data-soscuisine-sip="3943789"><i class="fa fa-cart-plus" title="Add to My Grocery List"></i><div></div></div></td><td><img class="storeItemImage" itemprop="image" alt="deli food, chicken breast roast" src="/media/images/store_item/623.jpg"></td><td>deli food, chicken breast roast</td><td class="not_printable sorting_1">meat &amp; poultry</td><td><img style="width:50%;" src="/media/images/logos/marchands/39.png" alt="Your Independent Grocer"></td><td><span itemprop="price">$11.00</span><span itemprop="eligibleQuantity" itemscope="" itemtype="http://schema.org/QuantitativeValue">/<span itemprop="unitText">375g</span></span></td><td>$29.33/kg</td><td style="display: none;">2020-02-26</td><td style="display: none;"></td><td style="display: none;">house brand</td><td style="display: none;"></td><td style="display: none;"></td><td style="display: none;"></td><td style="display: none;">sliced</td><td style="display: none;">Free From</td><td style="display: none;"><a class="recipeLink" href="/recipe_ingredient_search_results.php?query=(_QU5E__1__________623__[]_1_1)">Recipes with deli food, chicken breast roast</a></td></tr><tr role="row" class="odd"><td tabindex="0"><i class="fas fa-hand-rock"></i></td><td class=" not_printable"><div class="addToGL" data-soscuisine-aisle="6" data-soscuisine-sip="3945723"><i class="fa fa-cart-plus" title="Add to My Grocery List"></i><div></div></div></td><td><img class="storeItemImage" alt="deli food, chorizo sausages" src="/media/images/store_item/blank.jpg"></td><td>deli food, chorizo sausages</td><td class="not_printable sorting_1">meat &amp; poultry</td><td><img style="width:50%;" src="/media/images/logos/marchands/20.png" alt="Metro"></td><td><span itemprop="price">$7.99</span><span itemprop="eligibleQuantity" itemscope="" itemtype="http://schema.org/QuantitativeValue">/<span itemprop="unitText">300g</span></span></td><td>$26.63/kg</td><td style="display: none;">2020-02-26</td><td style="display: none;"></td><td style="display: none;">Artisan</td><td style="display: none;"></td><td style="display: none;"></td><td style="display: none;"></td><td style="display: none;"></td><td style="display: none;"></td><td style="display: none;"><a class="recipeLink" href="/recipe_ingredient_search_results.php?query=(_QU5E__1__________298__[]_1_1)">Recipes with deli food, chorizo sausages</a></td></tr><tr role="row" class="even"><td tabindex="0"><i class="fa fa-thumbs-down"></i></td><td class=" not_printable"><div class="addToGL" data-soscuisine-aisle="6" data-soscuisine-sip="3943235"><i class="fa fa-cart-plus" title="Add to My Grocery List"></i><div></div></div></td><td><img class="storeItemImage" itemprop="image" alt="deli food, corned beef" src="/media/images/store_item/767.jpg"></td><td>deli food, corned beef</td><td class="not_printable sorting_1">meat &amp; poultry</td><td><img style="width:50%;" src="/media/images/logos/marchands/16.png" alt="Foodland"></td><td><span itemprop="price">$2.79</span><span itemprop="eligibleQuantity" itemscope="" itemtype="http://schema.org/QuantitativeValue">/<span itemprop="unitText">100g</span></span></td><td>$27.90/kg</td><td style="display: none;">2020-02-26</td><td style="display: none;"></td><td style="display: none;">house brand</td><td style="display: none;"></td><td style="display: none;"></td><td style="display: none;"></td><td style="display: none;"></td><td style="display: none;"></td><td style="display: none;"></td></tr><tr role="row" class="odd"><td tabindex="0"><i class="fa fa-thumbs-down"></i></td><td class=" not_printable"><div class="addToGL" data-soscuisine-aisle="6" data-soscuisine-sip="3943745"><i class="fa fa-cart-plus" title="Add to My Grocery List"></i><div></div></div></td><td><img class="storeItemImage" itemprop="image" alt="deli food, corned beef" src="/media/images/store_item/767.jpg"></td><td>deli food, corned beef</td><td class="not_printable sorting_1">meat &amp; poultry</td><td><img style="width:50%;" src="/media/images/logos/marchands/15.png" alt="Sobeys"></td><td><span itemprop="price">$2.89</span><span itemprop="eligibleQuantity" itemscope="" itemtype="http://schema.org/QuantitativeValue">/<span itemprop="unitText">100g</span></span></td><td>$28.90/kg</td><td style="display: none;">2020-02-26</td><td style="display: none;"></td><td style="display: none;">house brand</td><td style="display: none;"></td><td style="display: none;"></td><td style="display: none;"></td><td style="display: none;"></td><td style="display: none;"></td><td style="display: none;"></td></tr><tr role="row" class="even"><td tabindex="0"><i class="fas fa-hand-rock"></i></td><td class=" not_printable"><div class="addToGL" data-soscuisine-aisle="6" data-soscuisine-sip="3944931"><i class="fa fa-cart-plus" title="Add to My Grocery List"></i><div></div></div></td><td><img class="storeItemImage" itemprop="image" alt="deli food, ham" src="/media/images/store_item/544.jpg"></td><td>deli food, ham</td><td class="not_printable sorting_1">meat &amp; poultry</td><td><img style="width:50%;" src="/media/images/logos/marchands/38.png" alt="Farm Boy"></td><td><span itemprop="price">$2.49</span><span itemprop="eligibleQuantity" itemscope="" itemtype="http://schema.org/QuantitativeValue">/<span itemprop="unitText">100g</span></span></td><td>$24.90/kg</td><td style="display: none;">2020-02-26</td><td style="display: none;"></td><td style="display: none;">Mastro</td><td style="display: none;"></td><td style="display: none;"></td><td style="display: none;"></td><td style="display: none;"></td><td style="display: none;"></td><td style="display: none;"><a class="recipeLink" href="/recipe_ingredient_search_results.php?query=(_QU5E__1__________544__[]_1_1)">Recipes with deli food, ham</a></td></tr><tr role="row" class="odd"><td tabindex="0"><i class="fa fa-thumbs-down"></i></td><td class=" not_printable"><div class="addToGL" data-soscuisine-aisle="6" data-soscuisine-sip="3942587"><i class="fa fa-cart-plus" title="Add to My Grocery List"></i><div></div></div></td><td><img class="storeItemImage" itemprop="image" alt="deli food, ham" src="/media/images/store_item/544.jpg"></td><td>deli food, ham</td><td class="not_printable sorting_1">meat &amp; poultry</td><td><img style="width:50%;" src="/media/images/logos/marchands/16.png" alt="Foodland"></td><td><span itemprop="price">$8.00</span><span itemprop="eligibleQuantity" itemscope="" itemtype="http://schema.org/QuantitativeValue">/<span itemprop="value">2</span>x125g</span></td><td>$32.00/kg</td><td style="display: none;">2020-02-26</td><td style="display: none;"></td><td style="display: none;">Mastro</td><td style="display: none;"></td><td style="display: none;">prosciutto cotto</td><td style="display: none;"></td><td style="display: none;">sliced</td><td style="display: none;">available at most locations</td><td style="display: none;"><a class="recipeLink" href="/recipe_ingredient_search_results.php?query=(_QU5E__1__________544__[]_1_1)">Recipes with deli food, ham</a></td></tr><tr role="row" class="even"><td tabindex="0"><i class="fa fa-thumbs-down"></i></td><td class=" not_printable"><div class="addToGL" data-soscuisine-aisle="6" data-soscuisine-sip="3942583"><i class="fa fa-cart-plus" title="Add to My Grocery List"></i><div></div></div></td><td><img class="storeItemImage" itemprop="image" alt="deli food, ham" src="/media/images/store_item/544.jpg"></td><td>deli food, ham</td><td class="not_printable sorting_1">meat &amp; poultry</td><td><img style="width:50%;" src="/media/images/logos/marchands/16.png" alt="Foodland"></td><td><span itemprop="price">$4.99</span><span itemprop="eligibleQuantity" itemscope="" itemtype="http://schema.org/QuantitativeValue">/125g</span></td><td>$39.92/kg</td><td style="display: none;">2020-02-26</td><td style="display: none;"></td><td style="display: none;">Mastro</td><td style="display: none;"></td><td style="display: none;">prosciutto cotto</td><td style="display: none;"></td><td style="display: none;">sliced</td><td style="display: none;">available at most locations</td><td style="display: none;"><a class="recipeLink" href="/recipe_ingredient_search_results.php?query=(_QU5E__1__________544__[]_1_1)">Recipes with deli food, ham</a></td></tr><tr role="row" class="odd"><td tabindex="0"><i class="fas fa-hand-rock"></i></td><td class=" not_printable"><div class="addToGL" data-soscuisine-aisle="6" data-soscuisine-sip="3944269"><i class="fa fa-cart-plus" title="Add to My Grocery List"></i><div></div></div></td><td><img class="storeItemImage" itemprop="image" alt="deli food, ham" src="/media/images/store_item/544.jpg"></td><td>deli food, ham</td><td class="not_printable sorting_1">meat &amp; poultry</td><td><img style="width:50%;" src="/media/images/logos/marchands/70.png" alt="FreshCo"></td><td><span itemprop="price">$1.00</span><span itemprop="eligibleQuantity" itemscope="" itemtype="http://schema.org/QuantitativeValue">/<span itemprop="unitText">55g</span></span></td><td>$18.18/kg</td><td style="display: none;">2020-02-26</td><td style="display: none;"></td><td style="display: none;">Buddig</td><td style="display: none;"></td><td style="display: none;"></td><td style="display: none;"></td><td style="display: none;">sliced</td><td style="display: none;"></td><td style="display: none;"><a class="recipeLink" href="/recipe_ingredient_search_results.php?query=(_QU5E__1__________544__[]_1_1)">Recipes with deli food, ham</a></td></tr><tr role="row" class="even"><td tabindex="0"><i class="fa fa-thumbs-down"></i></td><td class=" not_printable"><div class="addToGL" data-soscuisine-aisle="6" data-soscuisine-sip="3941889"><i class="fa fa-cart-plus" title="Add to My Grocery List"></i><div></div></div></td><td><img class="storeItemImage" itemprop="image" alt="deli food, ham" src="/media/images/store_item/544.jpg"></td><td>deli food, ham</td><td class="not_printable sorting_1">meat &amp; poultry</td><td><img style="width:50%;" src="/media/images/logos/marchands/19.png" alt="Loblaws"></td><td><span itemprop="price">$11.00</span><span itemprop="eligibleQuantity" itemscope="" itemtype="http://schema.org/QuantitativeValue">/<span itemprop="unitText">400g</span></span></td><td>$27.50/kg</td><td style="display: none;">2020-02-26</td><td style="display: none;"></td><td style="display: none;">house brand</td><td style="display: none;"></td><td style="display: none;">honey flavoured</td><td style="display: none;">antibiotic free</td><td style="display: none;">sliced</td><td style="display: none;">Free From</td><td style="display: none;"><a class="recipeLink" href="/recipe_ingredient_search_results.php?query=(_QU5E__1__________544__[]_1_1)">Recipes with deli food, ham</a></td></tr><tr role="row" class="odd"><td tabindex="0"><i class="fas fa-hand-rock"></i></td><td class=" not_printable"><div class="addToGL" data-soscuisine-aisle="6" data-soscuisine-sip="3945887"><i class="fa fa-cart-plus" title="Add to My Grocery List"></i><div></div></div></td><td><img class="storeItemImage" itemprop="image" alt="deli food, ham" src="/media/images/store_item/544.jpg"></td><td>deli food, ham</td><td class="not_printable sorting_1">meat &amp; poultry</td><td><img style="width:50%;" src="/media/images/logos/marchands/20.png" alt="Metro"></td><td><span itemprop="price">$1.99</span><span itemprop="eligibleQuantity" itemscope="" itemtype="http://schema.org/QuantitativeValue">/<span itemprop="unitText">100g</span></span></td><td>$19.90/kg</td><td style="display: none;">2020-02-26</td><td style="display: none;"></td><td style="display: none;">Mastro</td><td style="display: none;"></td><td style="display: none;">prosciutto cotto</td><td style="display: none;"></td><td style="display: none;"></td><td style="display: none;"></td><td style="display: none;"><a class="recipeLink" href="/recipe_ingredient_search_results.php?query=(_QU5E__1__________544__[]_1_1)">Recipes with deli food, ham</a></td></tr><tr role="row" class="even"><td tabindex="0"><i class="fas fa-hand-rock"></i></td><td class=" not_printable"><div class="addToGL" data-soscuisine-aisle="6" data-soscuisine-sip="3944501"><i class="fa fa-cart-plus" title="Add to My Grocery List"></i><div></div></div></td><td><img class="storeItemImage" itemprop="image" alt="deli food, ham" src="/media/images/store_item/544.jpg"></td><td>deli food, ham</td><td class="not_printable sorting_1">meat &amp; poultry</td><td><img style="width:50%;" src="/media/images/logos/marchands/17.png" alt="Price Chopper"></td><td><span itemprop="price">$1.00</span><span itemprop="eligibleQuantity" itemscope="" itemtype="http://schema.org/QuantitativeValue">/<span itemprop="unitText">55g</span></span></td><td>$18.18/kg</td><td style="display: none;">2020-02-26</td><td style="display: none;"></td><td style="display: none;">Buddig</td><td style="display: none;"></td><td style="display: none;"></td><td style="display: none;"></td><td style="display: none;">sliced</td><td style="display: none;"></td><td style="display: none;"><a class="recipeLink" href="/recipe_ingredient_search_results.php?query=(_QU5E__1__________544__[]_1_1)">Recipes with deli food, ham</a></td></tr><tr role="row" class="odd"><td tabindex="0"><i class="fas fa-hand-rock"></i></td><td class=" not_printable"><div class="addToGL" data-soscuisine-aisle="6" data-soscuisine-sip="3944791"><i class="fa fa-cart-plus" title="Add to My Grocery List"></i><div></div></div></td><td><img class="storeItemImage" itemprop="image" alt="deli food, ham" src="/media/images/store_item/544.jpg"></td><td>deli food, ham</td><td class="not_printable sorting_1">meat &amp; poultry</td><td><img style="width:50%;" src="/media/images/logos/marchands/52.png" alt="Real Canadian Superstore"></td><td><span itemprop="price">$9.00</span><span itemprop="eligibleQuantity" itemscope="" itemtype="http://schema.org/QuantitativeValue">/<span itemprop="unitText">400g</span></span></td><td>$22.50/kg</td><td style="display: none;">2020-02-26</td><td style="display: none;"></td><td style="display: none;">house brand</td><td style="display: none;"></td><td style="display: none;">honey flavoured</td><td style="display: none;">antibiotic free</td><td style="display: none;">sliced</td><td style="display: none;">Free From</td><td style="display: none;"><a class="recipeLink" href="/recipe_ingredient_search_results.php?query=(_QU5E__1__________544__[]_1_1)">Recipes with deli food, ham</a></td></tr><tr role="row" class="even"><td tabindex="0"><i class="fa fa-thumbs-down"></i></td><td class=" not_printable"><div class="addToGL" data-soscuisine-aisle="6" data-soscuisine-sip="3943551"><i class="fa fa-cart-plus" title="Add to My Grocery List"></i><div></div></div></td><td><img class="storeItemImage" itemprop="image" alt="deli food, ham" src="/media/images/store_item/544.jpg"></td><td>deli food, ham</td><td class="not_printable sorting_1">meat &amp; poultry</td><td><img style="width:50%;" src="/media/images/logos/marchands/15.png" alt="Sobeys"></td><td><span itemprop="price">$8.00</span><span itemprop="eligibleQuantity" itemscope="" itemtype="http://schema.org/QuantitativeValue">/<span itemprop="value">2</span>x125g</span></td><td>$32.00/kg</td><td style="display: none;">2020-02-26</td><td style="display: none;"></td><td style="display: none;">Mastro</td><td style="display: none;"></td><td style="display: none;">prosciutto cotto</td><td style="display: none;"></td><td style="display: none;"></td><td style="display: none;"></td><td style="display: none;"><a class="recipeLink" href="/recipe_ingredient_search_results.php?query=(_QU5E__1__________544__[]_1_1)">Recipes with deli food, ham</a></td></tr><tr role="row" class="odd"><td tabindex="0"><i class="fa fa-thumbs-down"></i></td><td class=" not_printable"><div class="addToGL" data-soscuisine-aisle="6" data-soscuisine-sip="3943557"><i class="fa fa-cart-plus" title="Add to My Grocery List"></i><div></div></div></td><td><img class="storeItemImage" itemprop="image" alt="deli food, ham" src="/media/images/store_item/544.jpg"></td><td>deli food, ham</td><td class="not_printable sorting_1">meat &amp; poultry</td><td><img style="width:50%;" src="/media/images/logos/marchands/15.png" alt="Sobeys"></td><td><span itemprop="price">$4.99</span><span itemprop="eligibleQuantity" itemscope="" itemtype="http://schema.org/QuantitativeValue">/125g</span></td><td>$39.92/kg</td><td style="display: none;">2020-02-26</td><td style="display: none;"></td><td style="display: none;">Mastro</td><td style="display: none;"></td><td style="display: none;">prosciutto cotto</td><td style="display: none;"></td><td style="display: none;"></td><td style="display: none;"></td><td style="display: none;"><a class="recipeLink" href="/recipe_ingredient_search_results.php?query=(_QU5E__1__________544__[]_1_1)">Recipes with deli food, ham</a></td></tr><tr role="row" class="even"><td tabindex="0"><i class="fa fa-thumbs-down"></i></td><td class=" not_printable"><div class="addToGL" data-soscuisine-aisle="6" data-soscuisine-sip="3943797"><i class="fa fa-cart-plus" title="Add to My Grocery List"></i><div></div></div></td><td><img class="storeItemImage" itemprop="image" alt="deli food, ham" src="/media/images/store_item/544.jpg"></td><td>deli food, ham</td><td class="not_printable sorting_1">meat &amp; poultry</td><td><img style="width:50%;" src="/media/images/logos/marchands/39.png" alt="Your Independent Grocer"></td><td><span itemprop="price">$11.00</span><span itemprop="eligibleQuantity" itemscope="" itemtype="http://schema.org/QuantitativeValue">/<span itemprop="unitText">400g</span></span></td><td>$27.50/kg</td><td style="display: none;">2020-02-26</td><td style="display: none;"></td><td style="display: none;">house brand</td><td style="display: none;"></td><td style="display: none;">honey flavoured</td><td style="display: none;">antibiotic free</td><td style="display: none;">sliced</td><td style="display: none;">Free From</td><td style="display: none;"><a class="recipeLink" href="/recipe_ingredient_search_results.php?query=(_QU5E__1__________544__[]_1_1)">Recipes with deli food, ham</a></td></tr><tr role="row" class="odd"><td tabindex="0"><i class="fa fa-thumbs-down"></i></td><td class=" not_printable"><div class="addToGL" data-soscuisine-aisle="6" data-soscuisine-sip="3942363"><i class="fa fa-cart-plus" title="Add to My Grocery List"></i><div></div></div></td><td><img class="storeItemImage" itemprop="image" alt="deli food, mortadella" src="/media/images/store_item/241.jpg"></td><td>deli food, mortadella</td><td class="not_printable sorting_1">meat &amp; poultry</td><td><img style="width:50%;" src="/media/images/logos/marchands/16.png" alt="Foodland"></td><td><span itemprop="price">$8.00</span><span itemprop="eligibleQuantity" itemscope="" itemtype="http://schema.org/QuantitativeValue">/<span itemprop="value">2</span>x<span itemprop="unitText">175g</span></span></td><td>$22.86/kg</td><td style="display: none;">2020-02-26</td><td style="display: none;"></td><td style="display: none;">San Daniele</td><td style="display: none;"></td><td style="display: none;"></td><td style="display: none;"></td><td style="display: none;">sliced</td><td style="display: none;">available at most locations</td><td style="display: none;"><a class="recipeLink" href="/recipe_ingredient_search_results.php?query=(_QU5E__1__________241__[]_1_1)">Recipes with deli food, mortadella</a></td></tr><tr role="row" class="even"><td tabindex="0"><i class="fa fa-thumbs-down"></i></td><td class=" not_printable"><div class="addToGL" data-soscuisine-aisle="6" data-soscuisine-sip="3942359"><i class="fa fa-cart-plus" title="Add to My Grocery List"></i><div></div></div></td><td><img class="storeItemImage" itemprop="image" alt="deli food, mortadella" src="/media/images/store_item/241.jpg"></td><td>deli food, mortadella</td><td class="not_printable sorting_1">meat &amp; poultry</td><td><img style="width:50%;" src="/media/images/logos/marchands/16.png" alt="Foodland"></td><td><span itemprop="price">$4.99</span><span itemprop="eligibleQuantity" itemscope="" itemtype="http://schema.org/QuantitativeValue">/<span itemprop="unitText">175g</span></span></td><td>$28.51/kg</td><td style="display: none;">2020-02-26</td><td style="display: none;"></td><td style="display: none;">San Daniele</td><td style="display: none;"></td><td style="display: none;"></td><td style="display: none;"></td><td style="display: none;">sliced</td><td style="display: none;">available at most locations</td><td style="display: none;"><a class="recipeLink" href="/recipe_ingredient_search_results.php?query=(_QU5E__1__________241__[]_1_1)">Recipes with deli food, mortadella</a></td></tr><tr role="row" class="odd"><td tabindex="0"><i class="fas fa-hand-rock"></i></td><td class=" not_printable"><div class="addToGL" data-soscuisine-aisle="6" data-soscuisine-sip="3944297"><i class="fa fa-cart-plus" title="Add to My Grocery List"></i><div></div></div></td><td><img class="storeItemImage" itemprop="image" alt="deli food, mortadella" src="/media/images/store_item/241.jpg"></td><td>deli food, mortadella</td><td class="not_printable sorting_1">meat &amp; poultry</td><td><img style="width:50%;" src="/media/images/logos/marchands/70.png" alt="FreshCo"></td><td><span itemprop="price">$3.00</span><span itemprop="eligibleQuantity" itemscope="" itemtype="http://schema.org/QuantitativeValue">/<span itemprop="unitText">175g</span></span></td><td>$17.14/kg</td><td style="display: none;">2020-02-26</td><td style="display: none;"></td><td style="display: none;">San Daniele</td><td style="display: none;"></td><td style="display: none;"></td><td style="display: none;"></td><td style="display: none;"></td><td style="display: none;"></td><td style="display: none;"><a class="recipeLink" href="/recipe_ingredient_search_results.php?query=(_QU5E__1__________241__[]_1_1)">Recipes with deli food, mortadella</a></td></tr><tr role="row" class="even"><td tabindex="0"><i class="fa fa-thumbs-down"></i></td><td class=" not_printable"><div class="addToGL" data-soscuisine-aisle="6" data-soscuisine-sip="3945907"><i class="fa fa-cart-plus" title="Add to My Grocery List"></i><div></div></div></td><td><img class="storeItemImage" itemprop="image" alt="deli food, mortadella" src="/media/images/store_item/241.jpg"></td><td>deli food, mortadella</td><td class="not_printable sorting_1">meat &amp; poultry</td><td><img style="width:50%;" src="/media/images/logos/marchands/20.png" alt="Metro"></td><td><span itemprop="price">$1.99</span><span itemprop="eligibleQuantity" itemscope="" itemtype="http://schema.org/QuantitativeValue">/<span itemprop="unitText">100g</span></span></td><td>$19.90/kg</td><td style="display: none;">2020-02-26</td><td style="display: none;"></td><td style="display: none;">San Daniele</td><td style="display: none;"></td><td style="display: none;"></td><td style="display: none;"></td><td style="display: none;"></td><td style="display: none;"></td><td style="display: none;"><a class="recipeLink" href="/recipe_ingredient_search_results.php?query=(_QU5E__1__________241__[]_1_1)">Recipes with deli food, mortadella</a></td></tr><tr role="row" class="odd"><td tabindex="0"><i class="fa fa-thumbs-up"></i></td><td class=" not_printable"><div class="addToGL" data-soscuisine-aisle="6" data-soscuisine-sip="3945379"><i class="fa fa-cart-plus" title="Add to My Grocery List"></i><div></div></div></td><td><img class="storeItemImage" itemprop="image" alt="deli food, mortadella" src="/media/images/store_item/241.jpg"></td><td>deli food, mortadella</td><td class="not_printable sorting_1">meat &amp; poultry</td><td><img style="width:50%;" src="/media/images/logos/marchands/14.png" alt="No Frills"></td><td><span itemprop="price">$1.00</span><span itemprop="eligibleQuantity" itemscope="" itemtype="http://schema.org/QuantitativeValue">/<span itemprop="unitText">100g</span></span></td><td>$10.00/kg</td><td style="display: none;">2020-02-26</td><td style="display: none;"></td><td style="display: none;">San Daniele</td><td style="display: none;"></td><td style="display: none;"></td><td style="display: none;"></td><td style="display: none;"></td><td style="display: none;"></td><td style="display: none;"><a class="recipeLink" href="/recipe_ingredient_search_results.php?query=(_QU5E__1__________241__[]_1_1)">Recipes with deli food, mortadella</a></td></tr><tr role="row" class="even"><td tabindex="0"><i class="fas fa-hand-rock"></i></td><td class=" not_printable"><div class="addToGL" data-soscuisine-aisle="6" data-soscuisine-sip="3944515"><i class="fa fa-cart-plus" title="Add to My Grocery List"></i><div></div></div></td><td><img class="storeItemImage" itemprop="image" alt="deli food, mortadella" src="/media/images/store_item/241.jpg"></td><td>deli food, mortadella</td><td class="not_printable sorting_1">meat &amp; poultry</td><td><img style="width:50%;" src="/media/images/logos/marchands/17.png" alt="Price Chopper"></td><td><span itemprop="price">$3.00</span><span itemprop="eligibleQuantity" itemscope="" itemtype="http://schema.org/QuantitativeValue">/<span itemprop="unitText">175g</span></span></td><td>$17.14/kg</td><td style="display: none;">2020-02-26</td><td style="display: none;"></td><td style="display: none;">San Daniele</td><td style="display: none;"></td><td style="display: none;"></td><td style="display: none;"></td><td style="display: none;"></td><td style="display: none;"></td><td style="display: none;"><a class="recipeLink" href="/recipe_ingredient_search_results.php?query=(_QU5E__1__________241__[]_1_1)">Recipes with deli food, mortadella</a></td></tr><tr role="row" class="odd"><td tabindex="0"><i class="fa fa-thumbs-down"></i></td><td class=" not_printable"><div class="addToGL" data-soscuisine-aisle="6" data-soscuisine-sip="3943521"><i class="fa fa-cart-plus" title="Add to My Grocery List"></i><div></div></div></td><td><img class="storeItemImage" itemprop="image" alt="deli food, mortadella" src="/media/images/store_item/241.jpg"></td><td>deli food, mortadella</td><td class="not_printable sorting_1">meat &amp; poultry</td><td><img style="width:50%;" src="/media/images/logos/marchands/15.png" alt="Sobeys"></td><td><span itemprop="price">$8.00</span><span itemprop="eligibleQuantity" itemscope="" itemtype="http://schema.org/QuantitativeValue">/<span itemprop="value">2</span>x<span itemprop="unitText">175g</span></span></td><td>$22.86/kg</td><td style="display: none;">2020-02-26</td><td style="display: none;"></td><td style="display: none;">San Daniele</td><td style="display: none;"></td><td style="display: none;"></td><td style="display: none;"></td><td style="display: none;"></td><td style="display: none;"></td><td style="display: none;"><a class="recipeLink" href="/recipe_ingredient_search_results.php?query=(_QU5E__1__________241__[]_1_1)">Recipes with deli food, mortadella</a></td></tr><tr role="row" class="even"><td tabindex="0"><i class="fa fa-thumbs-down"></i></td><td class=" not_printable"><div class="addToGL" data-soscuisine-aisle="6" data-soscuisine-sip="3943529"><i class="fa fa-cart-plus" title="Add to My Grocery List"></i><div></div></div></td><td><img class="storeItemImage" itemprop="image" alt="deli food, mortadella" src="/media/images/store_item/241.jpg"></td><td>deli food, mortadella</td><td class="not_printable sorting_1">meat &amp; poultry</td><td><img style="width:50%;" src="/media/images/logos/marchands/15.png" alt="Sobeys"></td><td><span itemprop="price">$4.99</span><span itemprop="eligibleQuantity" itemscope="" itemtype="http://schema.org/QuantitativeValue">/<span itemprop="unitText">175g</span></span></td><td>$28.51/kg</td><td style="display: none;">2020-02-26</td><td style="display: none;"></td><td style="display: none;">San Daniele</td><td style="display: none;"></td><td style="display: none;"></td><td style="display: none;"></td><td style="display: none;"></td><td style="display: none;"></td><td style="display: none;"><a class="recipeLink" href="/recipe_ingredient_search_results.php?query=(_QU5E__1__________241__[]_1_1)">Recipes with deli food, mortadella</a></td></tr><tr role="row" class="odd"><td tabindex="0"><i class="fas fa-hand-rock"></i></td><td class=" not_printable"><div class="addToGL" data-soscuisine-aisle="6" data-soscuisine-sip="3945533"><i class="fa fa-cart-plus" title="Add to My Grocery List"></i><div></div></div></td><td><img class="storeItemImage" itemprop="image" alt="deli food, pork bacon" src="/media/images/store_item/231.jpg"></td><td>deli food, pork bacon</td><td class="not_printable sorting_1">meat &amp; poultry</td><td><img style="width:50%;" src="/media/images/logos/marchands/18.png" alt="Food Basics"></td><td><span itemprop="price">$3.99</span><span itemprop="eligibleQuantity" itemscope="" itemtype="http://schema.org/QuantitativeValue">/<span itemprop="unitText">375g</span></span></td><td>$10.64/kg</td><td style="display: none;">2020-02-26</td><td style="display: none;"></td><td style="display: none;">Schneiders</td><td style="display: none;"></td><td style="display: none;"></td><td style="display: none;"></td><td style="display: none;"></td><td style="display: none;"></td><td style="display: none;"><a class="recipeLink" href="/recipe_ingredient_search_results.php?query=(_QU5E__1__________231__[]_1_1)">Recipes with deli food, pork bacon</a></td></tr><tr role="row" class="even"><td tabindex="0"><i class="fa fa-thumbs-up"></i></td><td class=" not_printable"><div class="addToGL" data-soscuisine-aisle="6" data-soscuisine-sip="3943223"><i class="fa fa-cart-plus" title="Add to My Grocery List"></i><div></div></div></td><td><img class="storeItemImage" itemprop="image" alt="deli food, pork bacon" src="/media/images/store_item/231.jpg"></td><td>deli food, pork bacon</td><td class="not_printable sorting_1">meat &amp; poultry</td><td><img style="width:50%;" src="/media/images/logos/marchands/16.png" alt="Foodland"></td><td><span itemprop="price">$4.99</span><span itemprop="eligibleQuantity" itemscope="" itemtype="http://schema.org/QuantitativeValue">/<span itemprop="unitText">500g</span></span></td><td>$9.98/kg</td><td style="display: none;">2020-02-26</td><td style="display: none;"></td><td style="display: none;">house brand</td><td style="display: none;"></td><td style="display: none;"></td><td style="display: none;"></td><td style="display: none;"></td><td style="display: none;"></td><td style="display: none;"><a class="recipeLink" href="/recipe_ingredient_search_results.php?query=(_QU5E__1__________231__[]_1_1)">Recipes with deli food, pork bacon</a></td></tr><tr role="row" class="odd"><td tabindex="0"><i class="fa fa-thumbs-up"></i><i class="fa fa-thumbs-up"></i></td><td class=" not_printable"><div class="addToGL" data-soscuisine-aisle="6" data-soscuisine-sip="3941471"><i class="fa fa-cart-plus" title="Add to My Grocery List"></i><div></div></div></td><td><img class="storeItemImage" itemprop="image" alt="deli food, pork bacon" src="/media/images/store_item/231.jpg"></td><td>deli food, pork bacon</td><td class="not_printable sorting_1">meat &amp; poultry</td><td><img style="width:50%;" src="/media/images/logos/marchands/19.png" alt="Loblaws"></td><td><span itemprop="price">$3.99</span><span itemprop="eligibleQuantity" itemscope="" itemtype="http://schema.org/QuantitativeValue">/<span itemprop="unitText">500g</span></span></td><td>$7.98/kg</td><td style="display: none;">2020-02-26</td><td style="display: none;"></td><td style="display: none;">house brand</td><td style="display: none;"></td><td style="display: none;">naturally smoked</td><td style="display: none;"></td><td style="display: none;"></td><td style="display: none;">valid from 20 to 22 only</td><td style="display: none;"><a class="recipeLink" href="/recipe_ingredient_search_results.php?query=(_QU5E__1__________231__[]_1_1)">Recipes with deli food, pork bacon</a></td></tr><tr role="row" class="even"><td tabindex="0"><i class="fa fa-thumbs-up"></i></td><td class=" not_printable"><div class="addToGL" data-soscuisine-aisle="6" data-soscuisine-sip="3941473"><i class="fa fa-cart-plus" title="Add to My Grocery List"></i><div></div></div></td><td><img class="storeItemImage" itemprop="image" alt="deli food, pork bacon" src="/media/images/store_item/231.jpg"></td><td>deli food, pork bacon</td><td class="not_printable sorting_1">meat &amp; poultry</td><td><img style="width:50%;" src="/media/images/logos/marchands/19.png" alt="Loblaws"></td><td><span itemprop="price">$4.99</span><span itemprop="eligibleQuantity" itemscope="" itemtype="http://schema.org/QuantitativeValue">/<span itemprop="unitText">500g</span></span></td><td>$9.98/kg</td><td style="display: none;">2020-02-26</td><td style="display: none;"></td><td style="display: none;">house brand</td><td style="display: none;"></td><td style="display: none;">naturally smoked</td><td style="display: none;"></td><td style="display: none;"></td><td style="display: none;">valid from 23 to 26</td><td style="display: none;"><a class="recipeLink" href="/recipe_ingredient_search_results.php?query=(_QU5E__1__________231__[]_1_1)">Recipes with deli food, pork bacon</a></td></tr><tr role="row" class="odd"><td tabindex="0"><i class="fas fa-hand-rock"></i></td><td class=" not_printable"><div class="addToGL" data-soscuisine-aisle="6" data-soscuisine-sip="3941467"><i class="fa fa-cart-plus" title="Add to My Grocery List"></i><div></div></div></td><td><img class="storeItemImage" itemprop="image" alt="deli food, pork bacon" src="/media/images/store_item/231.jpg"></td><td>deli food, pork bacon</td><td class="not_printable sorting_1">meat &amp; poultry</td><td><img style="width:50%;" src="/media/images/logos/marchands/19.png" alt="Loblaws"></td><td><span itemprop="price">$3.99</span><span itemprop="eligibleQuantity" itemscope="" itemtype="http://schema.org/QuantitativeValue">/<span itemprop="unitText">375g</span></span></td><td>$10.64/kg</td><td style="display: none;">2020-02-26</td><td style="display: none;"></td><td style="display: none;">Schneiders</td><td style="display: none;"></td><td style="display: none;"></td><td style="display: none;"></td><td style="display: none;"></td><td style="display: none;">valid from 20 to 22 only</td><td style="display: none;"><a class="recipeLink" href="/recipe_ingredient_search_results.php?query=(_QU5E__1__________231__[]_1_1)">Recipes with deli food, pork bacon</a></td></tr><tr role="row" class="even"><td tabindex="0"><i class="fas fa-hand-rock"></i></td><td class=" not_printable"><div class="addToGL" data-soscuisine-aisle="6" data-soscuisine-sip="3941747"><i class="fa fa-cart-plus" title="Add to My Grocery List"></i><div></div></div></td><td><img class="storeItemImage" itemprop="image" alt="deli food, pork bacon" src="/media/images/store_item/231.jpg"></td><td>deli food, pork bacon</td><td class="not_printable sorting_1">meat &amp; poultry</td><td><img style="width:50%;" src="/media/images/logos/marchands/19.png" alt="Loblaws"></td><td><span itemprop="price">$12.99</span><span itemprop="eligibleQuantity" itemscope="" itemtype="http://schema.org/QuantitativeValue">/<span itemprop="unitText">1kg</span></span></td><td>$12.99/kg</td><td style="display: none;">2020-02-26</td><td style="display: none;"></td><td style="display: none;">house brand</td><td style="display: none;"></td><td style="display: none;"></td><td style="display: none;"></td><td style="display: none;"></td><td style="display: none;">old fashion</td><td style="display: none;"><a class="recipeLink" href="/recipe_ingredient_search_results.php?query=(_QU5E__1__________231__[]_1_1)">Recipes with deli food, pork bacon</a></td></tr><tr role="row" class="odd"><td tabindex="0"><i class="fas fa-hand-rock"></i></td><td class=" not_printable"><div class="addToGL" data-soscuisine-aisle="6" data-soscuisine-sip="3941469"><i class="fa fa-cart-plus" title="Add to My Grocery List"></i><div></div></div></td><td><img class="storeItemImage" itemprop="image" alt="deli food, pork bacon" src="/media/images/store_item/231.jpg"></td><td>deli food, pork bacon</td><td class="not_printable sorting_1">meat &amp; poultry</td><td><img style="width:50%;" src="/media/images/logos/marchands/19.png" alt="Loblaws"></td><td><span itemprop="price">$4.99</span><span itemprop="eligibleQuantity" itemscope="" itemtype="http://schema.org/QuantitativeValue">/<span itemprop="unitText">375g</span></span></td><td>$13.31/kg</td><td style="display: none;">2020-02-26</td><td style="display: none;"></td><td style="display: none;">Schneiders</td><td style="display: none;"></td><td style="display: none;"></td><td style="display: none;"></td><td style="display: none;"></td><td style="display: none;">valid from 23 to 26</td><td style="display: none;"><a class="recipeLink" href="/recipe_ingredient_search_results.php?query=(_QU5E__1__________231__[]_1_1)">Recipes with deli food, pork bacon</a></td></tr><tr role="row" class="even"><td tabindex="0"><i class="fas fa-hand-rock"></i></td><td class=" not_printable"><div class="addToGL" data-soscuisine-aisle="6" data-soscuisine-sip="3945721"><i class="fa fa-cart-plus" title="Add to My Grocery List"></i><div></div></div></td><td><img class="storeItemImage" itemprop="image" alt="deli food, pork bacon" src="/media/images/store_item/231.jpg"></td><td>deli food, pork bacon</td><td class="not_printable sorting_1">meat &amp; poultry</td><td><img style="width:50%;" src="/media/images/logos/marchands/20.png" alt="Metro"></td><td><span itemprop="price">$3.99</span><span itemprop="eligibleQuantity" itemscope="" itemtype="http://schema.org/QuantitativeValue">/<span itemprop="unitText">375g</span></span></td><td>$10.64/kg</td><td style="display: none;">2020-02-26</td><td style="display: none;"></td><td style="display: none;">Olymel</td><td style="display: none;"></td><td style="display: none;"></td><td style="display: none;"></td><td style="display: none;"></td><td style="display: none;"></td><td style="display: none;"><a class="recipeLink" href="/recipe_ingredient_search_results.php?query=(_QU5E__1__________231__[]_1_1)">Recipes with deli food, pork bacon</a></td></tr><tr role="row" class="odd"><td tabindex="0"><i class="fas fa-hand-rock"></i></td><td class=" not_printable"><div class="addToGL" data-soscuisine-aisle="6" data-soscuisine-sip="3944747"><i class="fa fa-cart-plus" title="Add to My Grocery List"></i><div></div></div></td><td><img class="storeItemImage" itemprop="image" alt="deli food, pork bacon" src="/media/images/store_item/231.jpg"></td><td>deli food, pork bacon</td><td class="not_printable sorting_1">meat &amp; poultry</td><td><img style="width:50%;" src="/media/images/logos/marchands/52.png" alt="Real Canadian Superstore"></td><td><span itemprop="price">$5.98</span><span itemprop="eligibleQuantity" itemscope="" itemtype="http://schema.org/QuantitativeValue">/<span itemprop="unitText">500g</span></span></td><td>$11.96/kg</td><td style="display: none;">2020-02-26</td><td style="display: none;"></td><td style="display: none;">house brand</td><td style="display: none;"></td><td style="display: none;"></td><td style="display: none;"></td><td style="display: none;"></td><td style="display: none;"></td><td style="display: none;"><a class="recipeLink" href="/recipe_ingredient_search_results.php?query=(_QU5E__1__________231__[]_1_1)">Recipes with deli food, pork bacon</a></td></tr><tr role="row" class="even"><td tabindex="0"><i class="fa fa-thumbs-up"></i><i class="fa fa-thumbs-up"></i></td><td class=" not_printable"><div class="addToGL" data-soscuisine-aisle="6" data-soscuisine-sip="3941299"><i class="fa fa-cart-plus" title="Add to My Grocery List"></i><div></div></div></td><td><img class="storeItemImage" itemprop="image" alt="deli food, pork bacon" src="/media/images/store_item/231.jpg"></td><td>deli food, pork bacon</td><td class="not_printable sorting_1">meat &amp; poultry</td><td><img style="width:50%;" src="/media/images/logos/marchands/74.png" alt="Walmart"></td><td><span itemprop="price">$2.97</span><span itemprop="eligibleQuantity" itemscope="" itemtype="http://schema.org/QuantitativeValue">/<span itemprop="unitText">375g</span></span></td><td>$7.92/kg</td><td style="display: none;">2020-02-26</td><td style="display: none;"></td><td style="display: none;"></td><td style="display: none;"></td><td style="display: none;"></td><td style="display: none;"></td><td style="display: none;"></td><td style="display: none;">Deli Express, supercentres only</td><td style="display: none;"><a class="recipeLink" href="/recipe_ingredient_search_results.php?query=(_QU5E__1__________231__[]_1_1)">Recipes with deli food, pork bacon</a></td></tr><tr role="row" class="odd"><td tabindex="0"><i class="fa fa-thumbs-up"></i><i class="fa fa-thumbs-up"></i></td><td class=" not_printable"><div class="addToGL" data-soscuisine-aisle="6" data-soscuisine-sip="3943289"><i class="fa fa-cart-plus" title="Add to My Grocery List"></i><div></div></div></td><td><img class="storeItemImage" itemprop="image" alt="deli food, pork bacon" src="/media/images/store_item/231.jpg"></td><td>deli food, pork bacon</td><td class="not_printable sorting_1">meat &amp; poultry</td><td><img style="width:50%;" src="/media/images/logos/marchands/39.png" alt="Your Independent Grocer"></td><td><span itemprop="price">$3.99</span><span itemprop="eligibleQuantity" itemscope="" itemtype="http://schema.org/QuantitativeValue">/<span itemprop="unitText">500g</span></span></td><td>$7.98/kg</td><td style="display: none;">2020-02-26</td><td style="display: none;"></td><td style="display: none;">house brand</td><td style="display: none;"></td><td style="display: none;">naturally smoked</td><td style="display: none;"></td><td style="display: none;"></td><td style="display: none;">valid from 20 to 22 only</td><td style="display: none;"><a class="recipeLink" href="/recipe_ingredient_search_results.php?query=(_QU5E__1__________231__[]_1_1)">Recipes with deli food, pork bacon</a></td></tr><tr role="row" class="even"><td tabindex="0"><i class="fa fa-thumbs-up"></i></td><td class=" not_printable"><div class="addToGL" data-soscuisine-aisle="6" data-soscuisine-sip="3943291"><i class="fa fa-cart-plus" title="Add to My Grocery List"></i><div></div></div></td><td><img class="storeItemImage" itemprop="image" alt="deli food, pork bacon" src="/media/images/store_item/231.jpg"></td><td>deli food, pork bacon</td><td class="not_printable sorting_1">meat &amp; poultry</td><td><img style="width:50%;" src="/media/images/logos/marchands/39.png" alt="Your Independent Grocer"></td><td><span itemprop="price">$4.99</span><span itemprop="eligibleQuantity" itemscope="" itemtype="http://schema.org/QuantitativeValue">/<span itemprop="unitText">500g</span></span></td><td>$9.98/kg</td><td style="display: none;">2020-02-26</td><td style="display: none;"></td><td style="display: none;">house brand</td><td style="display: none;"></td><td style="display: none;">naturally smoked</td><td style="display: none;"></td><td style="display: none;"></td><td style="display: none;">valid from 23 to 26</td><td style="display: none;"><a class="recipeLink" href="/recipe_ingredient_search_results.php?query=(_QU5E__1__________231__[]_1_1)">Recipes with deli food, pork bacon</a></td></tr><tr role="row" class="odd"><td tabindex="0"><i class="fas fa-hand-rock"></i></td><td class=" not_printable"><div class="addToGL" data-soscuisine-aisle="6" data-soscuisine-sip="3943293"><i class="fa fa-cart-plus" title="Add to My Grocery List"></i><div></div></div></td><td><img class="storeItemImage" itemprop="image" alt="deli food, pork bacon" src="/media/images/store_item/231.jpg"></td><td>deli food, pork bacon</td><td class="not_printable sorting_1">meat &amp; poultry</td><td><img style="width:50%;" src="/media/images/logos/marchands/39.png" alt="Your Independent Grocer"></td><td><span itemprop="price">$3.99</span><span itemprop="eligibleQuantity" itemscope="" itemtype="http://schema.org/QuantitativeValue">/<span itemprop="unitText">375g</span></span></td><td>$10.64/kg</td><td style="display: none;">2020-02-26</td><td style="display: none;"></td><td style="display: none;">Schneiders</td><td style="display: none;"></td><td style="display: none;"></td><td style="display: none;"></td><td style="display: none;"></td><td style="display: none;">valid from 20 to 22 only</td><td style="display: none;"><a class="recipeLink" href="/recipe_ingredient_search_results.php?query=(_QU5E__1__________231__[]_1_1)">Recipes with deli food, pork bacon</a></td></tr><tr role="row" class="even"><td tabindex="0"><i class="fas fa-hand-rock"></i></td><td class=" not_printable"><div class="addToGL" data-soscuisine-aisle="6" data-soscuisine-sip="3943423"><i class="fa fa-cart-plus" title="Add to My Grocery List"></i><div></div></div></td><td><img class="storeItemImage" itemprop="image" alt="deli food, pork bacon" src="/media/images/store_item/231.jpg"></td><td>deli food, pork bacon</td><td class="not_printable sorting_1">meat &amp; poultry</td><td><img style="width:50%;" src="/media/images/logos/marchands/39.png" alt="Your Independent Grocer"></td><td><span itemprop="price">$12.99</span><span itemprop="eligibleQuantity" itemscope="" itemtype="http://schema.org/QuantitativeValue">/<span itemprop="unitText">1kg</span></span></td><td>$12.99/kg</td><td style="display: none;">2020-02-26</td><td style="display: none;"></td><td style="display: none;">house brand</td><td style="display: none;"></td><td style="display: none;"></td><td style="display: none;"></td><td style="display: none;"></td><td style="display: none;">old fashion</td><td style="display: none;"><a class="recipeLink" href="/recipe_ingredient_search_results.php?query=(_QU5E__1__________231__[]_1_1)">Recipes with deli food, pork bacon</a></td></tr><tr role="row" class="odd"><td tabindex="0"><i class="fas fa-hand-rock"></i></td><td class=" not_printable"><div class="addToGL" data-soscuisine-aisle="6" data-soscuisine-sip="3943295"><i class="fa fa-cart-plus" title="Add to My Grocery List"></i><div></div></div></td><td><img class="storeItemImage" itemprop="image" alt="deli food, pork bacon" src="/media/images/store_item/231.jpg"></td><td>deli food, pork bacon</td><td class="not_printable sorting_1">meat &amp; poultry</td><td><img style="width:50%;" src="/media/images/logos/marchands/39.png" alt="Your Independent Grocer"></td><td><span itemprop="price">$4.99</span><span itemprop="eligibleQuantity" itemscope="" itemtype="http://schema.org/QuantitativeValue">/<span itemprop="unitText">375g</span></span></td><td>$13.31/kg</td><td style="display: none;">2020-02-26</td><td style="display: none;"></td><td style="display: none;">Schneiders</td><td style="display: none;"></td><td style="display: none;"></td><td style="display: none;"></td><td style="display: none;"></td><td style="display: none;">valid from 23 to 26</td><td style="display: none;"><a class="recipeLink" href="/recipe_ingredient_search_results.php?query=(_QU5E__1__________231__[]_1_1)">Recipes with deli food, pork bacon</a></td></tr><tr role="row" class="even"><td tabindex="0"><i class="fa fa-thumbs-up"></i><i class="fa fa-thumbs-up"></i></td><td class=" not_printable"><div class="addToGL" data-soscuisine-aisle="6" data-soscuisine-sip="3944947"><i class="fa fa-cart-plus" title="Add to My Grocery List"></i><div></div></div></td><td><img class="storeItemImage" itemprop="image" alt="deli food, Prosciutto/Parma ham" src="/media/images/store_item/232.jpg"></td><td>deli food, Prosciutto/Parma ham</td><td class="not_printable sorting_1">meat &amp; poultry</td><td><img style="width:50%;" src="/media/images/logos/marchands/38.png" alt="Farm Boy"></td><td><span itemprop="price">$2.49</span><span itemprop="eligibleQuantity" itemscope="" itemtype="http://schema.org/QuantitativeValue">/<span itemprop="unitText">100g</span></span></td><td>$24.90/kg</td><td style="display: none;">2020-02-26</td><td style="display: none;"></td><td style="display: none;">San Daniele</td><td style="display: none;"></td><td style="display: none;"></td><td style="display: none;"></td><td style="display: none;"></td><td style="display: none;"></td><td style="display: none;"><a class="recipeLink" href="/recipe_ingredient_search_results.php?query=(_QU5E__1__________232__[]_1_1)">Recipes with deli food, Prosciutto/Parma ham</a></td></tr><tr role="row" class="odd"><td tabindex="0"><i class="fa fa-thumbs-down"></i></td><td class=" not_printable"><div class="addToGL" data-soscuisine-aisle="6" data-soscuisine-sip="3944921"><i class="fa fa-cart-plus" title="Add to My Grocery List"></i><div></div></div></td><td><img class="storeItemImage" itemprop="image" alt="deli food, Prosciutto/Parma ham" src="/media/images/store_item/232.jpg"></td><td>deli food, Prosciutto/Parma ham</td><td class="not_printable sorting_1">meat &amp; poultry</td><td><img style="width:50%;" src="/media/images/logos/marchands/38.png" alt="Farm Boy"></td><td><span itemprop="price">$5.99</span><span itemprop="eligibleQuantity" itemscope="" itemtype="http://schema.org/QuantitativeValue">/<span itemprop="unitText">100g</span></span></td><td>$59.90/kg</td><td style="display: none;">2020-02-26</td><td style="display: none;"></td><td style="display: none;">house brand</td><td style="display: none;"></td><td style="display: none;"></td><td style="display: none;"></td><td style="display: none;"></td><td style="display: none;"></td><td style="display: none;"><a class="recipeLink" href="/recipe_ingredient_search_results.php?query=(_QU5E__1__________232__[]_1_1)">Recipes with deli food, Prosciutto/Parma ham</a></td></tr><tr role="row" class="even"><td tabindex="0"><i class="fas fa-hand-rock"></i></td><td class=" not_printable"><div class="addToGL" data-soscuisine-aisle="6" data-soscuisine-sip="3945619"><i class="fa fa-cart-plus" title="Add to My Grocery List"></i><div></div></div></td><td><img class="storeItemImage" itemprop="image" alt="deli food, Prosciutto/Parma ham" src="/media/images/store_item/232.jpg"></td><td>deli food, Prosciutto/Parma ham</td><td class="not_printable sorting_1">meat &amp; poultry</td><td><img style="width:50%;" src="/media/images/logos/marchands/18.png" alt="Food Basics"></td><td><span itemprop="price">$4.99</span><span itemprop="eligibleQuantity" itemscope="" itemtype="http://schema.org/QuantitativeValue">/125g</span></td><td>$39.92/kg</td><td style="display: none;">2020-02-26</td><td style="display: none;"></td><td style="display: none;">San Daniele</td><td style="display: none;"></td><td style="display: none;"></td><td style="display: none;"></td><td style="display: none;">sliced</td><td style="display: none;"></td><td style="display: none;"><a class="recipeLink" href="/recipe_ingredient_search_results.php?query=(_QU5E__1__________232__[]_1_1)">Recipes with deli food, Prosciutto/Parma ham</a></td></tr><tr role="row" class="odd"><td tabindex="0"><i class="fa fa-thumbs-up"></i><i class="fa fa-thumbs-up"></i></td><td class=" not_printable"><div class="addToGL" data-soscuisine-aisle="6" data-soscuisine-sip="3945889"><i class="fa fa-cart-plus" title="Add to My Grocery List"></i><div></div></div></td><td><img class="storeItemImage" itemprop="image" alt="deli food, Prosciutto/Parma ham" src="/media/images/store_item/232.jpg"></td><td>deli food, Prosciutto/Parma ham</td><td class="not_printable sorting_1">meat &amp; poultry</td><td><img style="width:50%;" src="/media/images/logos/marchands/20.png" alt="Metro"></td><td><span itemprop="price">$2.49</span><span itemprop="eligibleQuantity" itemscope="" itemtype="http://schema.org/QuantitativeValue">/<span itemprop="unitText">100g</span></span></td><td>$24.90/kg</td><td style="display: none;">2020-02-26</td><td style="display: none;"></td><td style="display: none;">San Daniele</td><td style="display: none;"></td><td style="display: none;"></td><td style="display: none;"></td><td style="display: none;"></td><td style="display: none;"></td><td style="display: none;"><a class="recipeLink" href="/recipe_ingredient_search_results.php?query=(_QU5E__1__________232__[]_1_1)">Recipes with deli food, Prosciutto/Parma ham</a></td></tr><tr role="row" class="even"><td tabindex="0"><i class="fas fa-hand-rock"></i></td><td class=" not_printable"><div class="addToGL" data-soscuisine-aisle="6" data-soscuisine-sip="3945661"><i class="fa fa-cart-plus" title="Add to My Grocery List"></i><div></div></div></td><td><img class="storeItemImage" itemprop="image" alt="deli food, Prosciutto/Parma ham" src="/media/images/store_item/232.jpg"></td><td>deli food, Prosciutto/Parma ham</td><td class="not_printable sorting_1">meat &amp; poultry</td><td><img style="width:50%;" src="/media/images/logos/marchands/20.png" alt="Metro"></td><td><span itemprop="price">$10.00</span><span itemprop="eligibleQuantity" itemscope="" itemtype="http://schema.org/QuantitativeValue">/<span itemprop="value">2</span>x<span itemprop="unitText">100g</span></span></td><td>$50.00/kg</td><td style="display: none;">2020-02-26</td><td style="display: none;"></td><td style="display: none;">Marc Angelo</td><td style="display: none;"></td><td style="display: none;"></td><td style="display: none;"></td><td style="display: none;">sliced</td><td style="display: none;"></td><td style="display: none;"><a class="recipeLink" href="/recipe_ingredient_search_results.php?query=(_QU5E__1__________232__[]_1_1)">Recipes with deli food, Prosciutto/Parma ham</a></td></tr><tr role="row" class="odd"><td tabindex="0"><i class="fa fa-thumbs-up"></i><i class="fa fa-thumbs-up"></i></td><td class=" not_printable"><div class="addToGL" data-soscuisine-aisle="6" data-soscuisine-sip="3943231"><i class="fa fa-cart-plus" title="Add to My Grocery List"></i><div></div></div></td><td><img class="storeItemImage" alt="deli food, roast beef" src="/media/images/store_item/blank.jpg"></td><td>deli food, roast beef</td><td class="not_printable sorting_1">meat &amp; poultry</td><td><img style="width:50%;" src="/media/images/logos/marchands/16.png" alt="Foodland"></td><td><span itemprop="price">$2.79</span><span itemprop="eligibleQuantity" itemscope="" itemtype="http://schema.org/QuantitativeValue">/<span itemprop="unitText">100g</span></span></td><td>$27.90/kg</td><td style="display: none;">2020-02-26</td><td style="display: none;"></td><td style="display: none;">house brand</td><td style="display: none;"></td><td style="display: none;"></td><td style="display: none;"></td><td style="display: none;"></td><td style="display: none;"></td><td style="display: none;"><a class="recipeLink" href="/recipe_ingredient_search_results.php?query=(_QU5E__1__________256__[]_1_1)">Recipes with deli food, roast beef</a></td></tr><tr role="row" class="even"><td tabindex="0"><i class="fas fa-hand-rock"></i></td><td class=" not_printable"><div class="addToGL" data-soscuisine-aisle="6" data-soscuisine-sip="3943737"><i class="fa fa-cart-plus" title="Add to My Grocery List"></i><div></div></div></td><td><img class="storeItemImage" alt="deli food, roast beef" src="/media/images/store_item/blank.jpg"></td><td>deli food, roast beef</td><td class="not_printable sorting_1">meat &amp; poultry</td><td><img style="width:50%;" src="/media/images/logos/marchands/15.png" alt="Sobeys"></td><td><span itemprop="price">$2.89</span><span itemprop="eligibleQuantity" itemscope="" itemtype="http://schema.org/QuantitativeValue">/<span itemprop="unitText">100g</span></span></td><td>$28.90/kg</td><td style="display: none;">2020-02-26</td><td style="display: none;"></td><td style="display: none;">house brand</td><td style="display: none;"></td><td style="display: none;"></td><td style="display: none;"></td><td style="display: none;"></td><td style="display: none;"></td><td style="display: none;"><a class="recipeLink" href="/recipe_ingredient_search_results.php?query=(_QU5E__1__________256__[]_1_1)">Recipes with deli food, roast beef</a></td></tr><tr role="row" class="odd"><td tabindex="0"><i class="fas fa-hand-rock"></i></td><td class=" not_printable"><div class="addToGL" data-soscuisine-aisle="6" data-soscuisine-sip="3944945"><i class="fa fa-cart-plus" title="Add to My Grocery List"></i><div></div></div></td><td><img class="storeItemImage" itemprop="image" alt="deli food, salami" src="/media/images/store_item/633.jpg"></td><td>deli food, salami</td><td class="not_printable sorting_1">meat &amp; poultry</td><td><img style="width:50%;" src="/media/images/logos/marchands/38.png" alt="Farm Boy"></td><td><span itemprop="price">$2.49</span><span itemprop="eligibleQuantity" itemscope="" itemtype="http://schema.org/QuantitativeValue">/<span itemprop="unitText">100g</span></span></td><td>$24.90/kg</td><td style="display: none;">2020-02-26</td><td style="display: none;"></td><td style="display: none;">Brandt</td><td style="display: none;"></td><td style="display: none;"></td><td style="display: none;"></td><td style="display: none;"></td><td style="display: none;"></td><td style="display: none;"><a class="recipeLink" href="/recipe_ingredient_search_results.php?query=(_QU5E__1__________633__[]_1_1)">Recipes with deli food, salami</a></td></tr><tr role="row" class="even"><td tabindex="0"><i class="fa fa-thumbs-down"></i></td><td class=" not_printable"><div class="addToGL" data-soscuisine-aisle="6" data-soscuisine-sip="3944919"><i class="fa fa-cart-plus" title="Add to My Grocery List"></i><div></div></div></td><td><img class="storeItemImage" itemprop="image" alt="deli food, salami" src="/media/images/store_item/633.jpg"></td><td>deli food, salami</td><td class="not_printable sorting_1">meat &amp; poultry</td><td><img style="width:50%;" src="/media/images/logos/marchands/38.png" alt="Farm Boy"></td><td><span itemprop="price">$5.99</span><span itemprop="eligibleQuantity" itemscope="" itemtype="http://schema.org/QuantitativeValue">/<span itemprop="unitText">100g</span></span></td><td>$59.90/kg</td><td style="display: none;">2020-02-26</td><td style="display: none;"></td><td style="display: none;">house brand</td><td style="display: none;"></td><td style="display: none;"></td><td style="display: none;"></td><td style="display: none;"></td><td style="display: none;"></td><td style="display: none;"><a class="recipeLink" href="/recipe_ingredient_search_results.php?query=(_QU5E__1__________633__[]_1_1)">Recipes with deli food, salami</a></td></tr><tr role="row" class="odd"><td tabindex="0"><i class="fa fa-thumbs-up"></i><i class="fa fa-thumbs-up"></i></td><td class=" not_printable"><div class="addToGL" data-soscuisine-aisle="6" data-soscuisine-sip="3945621"><i class="fa fa-cart-plus" title="Add to My Grocery List"></i><div></div></div></td><td><img class="storeItemImage" itemprop="image" alt="deli food, salami" src="/media/images/store_item/633.jpg"></td><td>deli food, salami</td><td class="not_printable sorting_1">meat &amp; poultry</td><td><img style="width:50%;" src="/media/images/logos/marchands/18.png" alt="Food Basics"></td><td><span itemprop="price">$4.99</span><span itemprop="eligibleQuantity" itemscope="" itemtype="http://schema.org/QuantitativeValue">/<span itemprop="value">2</span>x<span itemprop="unitText">5.3oz (150g)</span></span></td><td>$16.63/kg</td><td style="display: none;">2020-02-26</td><td style="display: none;"></td><td style="display: none;">Mastro</td><td style="display: none;"></td><td style="display: none;">Genoa</td><td style="display: none;"></td><td style="display: none;">sliced</td><td style="display: none;"></td><td style="display: none;"><a class="recipeLink" href="/recipe_ingredient_search_results.php?query=(_QU5E__1__________633__[]_1_1)">Recipes with deli food, salami</a></td></tr><tr role="row" class="even"><td tabindex="0"><i class="fas fa-hand-rock"></i></td><td class=" not_printable"><div class="addToGL" data-soscuisine-aisle="6" data-soscuisine-sip="3944299"><i class="fa fa-cart-plus" title="Add to My Grocery List"></i><div></div></div></td><td><img class="storeItemImage" itemprop="image" alt="deli food, salami" src="/media/images/store_item/633.jpg"></td><td>deli food, salami</td><td class="not_printable sorting_1">meat &amp; poultry</td><td><img style="width:50%;" src="/media/images/logos/marchands/70.png" alt="FreshCo"></td><td><span itemprop="price">$3.00</span><span itemprop="eligibleQuantity" itemscope="" itemtype="http://schema.org/QuantitativeValue">/125g</span></td><td>$24.00/kg</td><td style="display: none;">2020-02-26</td><td style="display: none;"></td><td style="display: none;">Piller's</td><td style="display: none;"></td><td style="display: none;"></td><td style="display: none;"></td><td style="display: none;"></td><td style="display: none;"></td><td style="display: none;"><a class="recipeLink" href="/recipe_ingredient_search_results.php?query=(_QU5E__1__________633__[]_1_1)">Recipes with deli food, salami</a></td></tr><tr role="row" class="odd"><td tabindex="0"><i class="fas fa-hand-rock"></i></td><td class=" not_printable"><div class="addToGL" data-soscuisine-aisle="6" data-soscuisine-sip="3945891"><i class="fa fa-cart-plus" title="Add to My Grocery List"></i><div></div></div></td><td><img class="storeItemImage" itemprop="image" alt="deli food, salami" src="/media/images/store_item/633.jpg"></td><td>deli food, salami</td><td class="not_printable sorting_1">meat &amp; poultry</td><td><img style="width:50%;" src="/media/images/logos/marchands/20.png" alt="Metro"></td><td><span itemprop="price">$2.49</span><span itemprop="eligibleQuantity" itemscope="" itemtype="http://schema.org/QuantitativeValue">/<span itemprop="unitText">100g</span></span></td><td>$24.90/kg</td><td style="display: none;">2020-02-26</td><td style="display: none;"></td><td style="display: none;">Mastro</td><td style="display: none;"></td><td style="display: none;">Genoa</td><td style="display: none;"></td><td style="display: none;"></td><td style="display: none;"></td><td style="display: none;"><a class="recipeLink" href="/recipe_ingredient_search_results.php?query=(_QU5E__1__________633__[]_1_1)">Recipes with deli food, salami</a></td></tr><tr role="row" class="even"><td tabindex="0"><i class="fa fa-thumbs-down"></i></td><td class=" not_printable"><div class="addToGL" data-soscuisine-aisle="6" data-soscuisine-sip="3945905"><i class="fa fa-cart-plus" title="Add to My Grocery List"></i><div></div></div></td><td><img class="storeItemImage" itemprop="image" alt="deli food, salami" src="/media/images/store_item/633.jpg"></td><td>deli food, salami</td><td class="not_printable sorting_1">meat &amp; poultry</td><td><img style="width:50%;" src="/media/images/logos/marchands/20.png" alt="Metro"></td><td><span itemprop="price">$9.99</span><span itemprop="eligibleQuantity" itemscope="" itemtype="http://schema.org/QuantitativeValue">/<span itemprop="unitText">300g</span></span></td><td>$33.30/kg</td><td style="display: none;">2020-02-26</td><td style="display: none;"></td><td style="display: none;">Mastro</td><td style="display: none;"></td><td style="display: none;">cacciatora</td><td style="display: none;">gluten-free</td><td style="display: none;"></td><td style="display: none;"></td><td style="display: none;"><a class="recipeLink" href="/recipe_ingredient_search_results.php?query=(_QU5E__1__________633__[]_1_1)">Recipes with deli food, salami</a></td></tr><tr role="row" class="odd"><td tabindex="0"><i class="fas fa-hand-rock"></i></td><td class=" not_printable"><div class="addToGL" data-soscuisine-aisle="6" data-soscuisine-sip="3944517"><i class="fa fa-cart-plus" title="Add to My Grocery List"></i><div></div></div></td><td><img class="storeItemImage" itemprop="image" alt="deli food, salami" src="/media/images/store_item/633.jpg"></td><td>deli food, salami</td><td class="not_printable sorting_1">meat &amp; poultry</td><td><img style="width:50%;" src="/media/images/logos/marchands/17.png" alt="Price Chopper"></td><td><span itemprop="price">$3.00</span><span itemprop="eligibleQuantity" itemscope="" itemtype="http://schema.org/QuantitativeValue">/125g</span></td><td>$24.00/kg</td><td style="display: none;">2020-02-26</td><td style="display: none;"></td><td style="display: none;">Piller's</td><td style="display: none;"></td><td style="display: none;"></td><td style="display: none;"></td><td style="display: none;"></td><td style="display: none;"></td><td style="display: none;"><a class="recipeLink" href="/recipe_ingredient_search_results.php?query=(_QU5E__1__________633__[]_1_1)">Recipes with deli food, salami</a></td></tr><tr role="row" class="even"><td tabindex="0"><i class="fas fa-hand-rock"></i></td><td class=" not_printable"><div class="addToGL" data-soscuisine-aisle="6" data-soscuisine-sip="3944807"><i class="fa fa-cart-plus" title="Add to My Grocery List"></i><div></div></div></td><td><img class="storeItemImage" itemprop="image" alt="deli food, salami" src="/media/images/store_item/633.jpg"></td><td>deli food, salami</td><td class="not_printable sorting_1">meat &amp; poultry</td><td><img style="width:50%;" src="/media/images/logos/marchands/52.png" alt="Real Canadian Superstore"></td><td><span itemprop="price">$2.88</span><span itemprop="eligibleQuantity" itemscope="" itemtype="http://schema.org/QuantitativeValue">/<span itemprop="unitText">100g</span></span></td><td>$28.80/kg</td><td style="display: none;">2020-02-26</td><td style="display: none;"></td><td style="display: none;">Piller's</td><td style="display: none;"></td><td style="display: none;"></td><td style="display: none;"></td><td style="display: none;"></td><td style="display: none;"></td><td style="display: none;"><a class="recipeLink" href="/recipe_ingredient_search_results.php?query=(_QU5E__1__________633__[]_1_1)">Recipes with deli food, salami</a></td></tr><tr role="row" class="odd"><td tabindex="0"><i class="fa fa-thumbs-down"></i></td><td class=" not_printable"><div class="addToGL" data-soscuisine-aisle="6" data-soscuisine-sip="3943569"><i class="fa fa-cart-plus" title="Add to My Grocery List"></i><div></div></div></td><td><img class="storeItemImage" itemprop="image" alt="deli food, salami" src="/media/images/store_item/633.jpg"></td><td>deli food, salami</td><td class="not_printable sorting_1">meat &amp; poultry</td><td><img style="width:50%;" src="/media/images/logos/marchands/15.png" alt="Sobeys"></td><td><span itemprop="price">$5.99</span><span itemprop="eligibleQuantity" itemscope="" itemtype="http://schema.org/QuantitativeValue">/<span itemprop="unitText">5.3oz (150g)</span></span></td><td>$39.93/kg</td><td style="display: none;">2020-02-26</td><td style="display: none;"></td><td style="display: none;">Schneiders</td><td style="display: none;"></td><td style="display: none;"></td><td style="display: none;"></td><td style="display: none;">sliced</td><td style="display: none;"></td><td style="display: none;"><a class="recipeLink" href="/recipe_ingredient_search_results.php?query=(_QU5E__1__________633__[]_1_1)">Recipes with deli food, salami</a></td></tr><tr role="row" class="even"><td tabindex="0"><i class="fa fa-thumbs-down"></i></td><td class=" not_printable"><div class="addToGL" data-soscuisine-aisle="6" data-soscuisine-sip="3943403"><i class="fa fa-cart-plus" title="Add to My Grocery List"></i><div></div></div></td><td><img class="storeItemImage" itemprop="image" alt="deli food, salami" src="/media/images/store_item/633.jpg"></td><td>deli food, salami</td><td class="not_printable sorting_1">meat &amp; poultry</td><td><img style="width:50%;" src="/media/images/logos/marchands/15.png" alt="Sobeys"></td><td><span itemprop="price">$11.98</span><span itemprop="eligibleQuantity" itemscope="" itemtype="http://schema.org/QuantitativeValue">/<span itemprop="value">2</span>x<span itemprop="unitText">100g</span></span></td><td>$59.90/kg</td><td style="display: none;">2020-02-26</td><td style="display: none;"></td><td style="display: none;">house brand</td><td style="display: none;"></td><td style="display: none;">Genoa</td><td style="display: none;"></td><td style="display: none;"></td><td style="display: none;"></td><td style="display: none;"><a class="recipeLink" href="/recipe_ingredient_search_results.php?query=(_QU5E__1__________633__[]_1_1)">Recipes with deli food, salami</a></td></tr><tr role="row" class="odd"><td tabindex="0"><i class="fa fa-thumbs-down"></i></td><td class=" not_printable"><div class="addToGL" data-soscuisine-aisle="6" data-soscuisine-sip="3943409"><i class="fa fa-cart-plus" title="Add to My Grocery List"></i><div></div></div></td><td><img class="storeItemImage" itemprop="image" alt="deli food, salami" src="/media/images/store_item/633.jpg"></td><td>deli food, salami</td><td class="not_printable sorting_1">meat &amp; poultry</td><td><img style="width:50%;" src="/media/images/logos/marchands/15.png" alt="Sobeys"></td><td><span itemprop="price">$6.99</span><span itemprop="eligibleQuantity" itemscope="" itemtype="http://schema.org/QuantitativeValue">/<span itemprop="unitText">100g</span></span></td><td>$69.90/kg</td><td style="display: none;">2020-02-26</td><td style="display: none;">Italy</td><td style="display: none;">house brand</td><td style="display: none;"></td><td style="display: none;">Genoa</td><td style="display: none;"></td><td style="display: none;"></td><td style="display: none;"></td><td style="display: none;"><a class="recipeLink" href="/recipe_ingredient_search_results.php?query=(_QU5E__1__________633__[]_1_1)">Recipes with deli food, salami</a></td></tr><tr role="row" class="even"><td tabindex="0"><i class="fa fa-thumbs-down"></i></td><td class=" not_printable"><div class="addToGL" data-soscuisine-aisle="6" data-soscuisine-sip="3942121"><i class="fa fa-cart-plus" title="Add to My Grocery List"></i><div></div></div></td><td><img class="storeItemImage" itemprop="image" alt="deli food, sausage, fully cooked" src="/media/images/store_item/764.jpg"></td><td>deli food, sausage, fully cooked</td><td class="not_printable sorting_1">meat &amp; poultry</td><td><img style="width:50%;" src="/media/images/logos/marchands/16.png" alt="Foodland"></td><td><span itemprop="price">$5.99</span><span itemprop="eligibleQuantity" itemscope="" itemtype="http://schema.org/QuantitativeValue">/<span itemprop="unitText">300g</span></span></td><td>$19.97/kg</td><td style="display: none;">2020-02-26</td><td style="display: none;"></td><td style="display: none;">Schneiders</td><td style="display: none;"></td><td style="display: none;">rings</td><td style="display: none;"></td><td style="display: none;"></td><td style="display: none;"></td><td style="display: none;"></td></tr><tr role="row" class="odd"><td tabindex="0"><i class="fas fa-hand-rock"></i></td><td class=" not_printable"><div class="addToGL" data-soscuisine-aisle="6" data-soscuisine-sip="3941779"><i class="fa fa-cart-plus" title="Add to My Grocery List"></i><div></div></div></td><td><img class="storeItemImage" itemprop="image" alt="deli food, sausage, fully cooked" src="/media/images/store_item/764.jpg"></td><td>deli food, sausage, fully cooked</td><td class="not_printable sorting_1">meat &amp; poultry</td><td><img style="width:50%;" src="/media/images/logos/marchands/19.png" alt="Loblaws"></td><td><span itemprop="price">$4.99</span><span itemprop="eligibleQuantity" itemscope="" itemtype="http://schema.org/QuantitativeValue">/<span itemprop="unitText">250g</span></span></td><td>$19.96/kg</td><td style="display: none;">2020-02-26</td><td style="display: none;"></td><td style="display: none;">Brandt</td><td style="display: none;"></td><td style="display: none;">kielbassa</td><td style="display: none;"></td><td style="display: none;"></td><td style="display: none;"></td><td style="display: none;"></td></tr><tr role="row" class="even"><td tabindex="0"><i class="fa fa-thumbs-down"></i></td><td class=" not_printable"><div class="addToGL" data-soscuisine-aisle="6" data-soscuisine-sip="3944811"><i class="fa fa-cart-plus" title="Add to My Grocery List"></i><div></div></div></td><td><img class="storeItemImage" itemprop="image" alt="deli food, sausage, fully cooked" src="/media/images/store_item/764.jpg"></td><td>deli food, sausage, fully cooked</td><td class="not_printable sorting_1">meat &amp; poultry</td><td><img style="width:50%;" src="/media/images/logos/marchands/52.png" alt="Real Canadian Superstore"></td><td><span itemprop="price">$2.88</span><span itemprop="eligibleQuantity" itemscope="" itemtype="http://schema.org/QuantitativeValue">/<span itemprop="unitText">100g</span></span></td><td>$28.80/kg</td><td style="display: none;">2020-02-26</td><td style="display: none;"></td><td style="display: none;"></td><td style="display: none;"></td><td style="display: none;">kielbassa</td><td style="display: none;"></td><td style="display: none;"></td><td style="display: none;">Beach Road</td><td style="display: none;"></td></tr><tr role="row" class="odd"><td tabindex="0"><i class="fas fa-hand-rock"></i></td><td class=" not_printable"><div class="addToGL" data-soscuisine-aisle="6" data-soscuisine-sip="3943489"><i class="fa fa-cart-plus" title="Add to My Grocery List"></i><div></div></div></td><td><img class="storeItemImage" itemprop="image" alt="deli food, sausage, fully cooked" src="/media/images/store_item/764.jpg"></td><td>deli food, sausage, fully cooked</td><td class="not_printable sorting_1">meat &amp; poultry</td><td><img style="width:50%;" src="/media/images/logos/marchands/39.png" alt="Your Independent Grocer"></td><td><span itemprop="price">$4.99</span><span itemprop="eligibleQuantity" itemscope="" itemtype="http://schema.org/QuantitativeValue">/<span itemprop="unitText">250g</span></span></td><td>$19.96/kg</td><td style="display: none;">2020-02-26</td><td style="display: none;"></td><td style="display: none;">Brandt</td><td style="display: none;"></td><td style="display: none;">kielbassa</td><td style="display: none;"></td><td style="display: none;"></td><td style="display: none;"></td><td style="display: none;"></td></tr><tr role="row" class="even"><td tabindex="0"><i class="fa fa-thumbs-down"></i></td><td class=" not_printable"><div class="addToGL" data-soscuisine-aisle="6" data-soscuisine-sip="3943415"><i class="fa fa-cart-plus" title="Add to My Grocery List"></i><div></div></div></td><td><img class="storeItemImage" itemprop="image" alt="deli food, sausages, breakfast" src="/media/images/store_item/670.jpg"></td><td>deli food, sausages, breakfast</td><td class="not_printable sorting_1">meat &amp; poultry</td><td><img style="width:50%;" src="/media/images/logos/marchands/39.png" alt="Your Independent Grocer"></td><td><span itemprop="price">$10.00</span><span itemprop="eligibleQuantity" itemscope="" itemtype="http://schema.org/QuantitativeValue">/<span itemprop="value">2</span>x<span itemprop="unitText">375g</span></span></td><td>$13.33/kg</td><td style="display: none;">2020-02-26</td><td style="display: none;"></td><td style="display: none;">house brand</td><td style="display: none;"></td><td style="display: none;"></td><td style="display: none;">antibiotic free</td><td style="display: none;"></td><td style="display: none;">Free From</td><td style="display: none;"><a class="recipeLink" href="/recipe_ingredient_search_results.php?query=(_QU5E__1__________670__[]_1_1)">Recipes with deli food, sausages, breakfast</a></td></tr><tr role="row" class="odd"><td tabindex="0"><i class="fa fa-thumbs-down"></i></td><td class=" not_printable"><div class="addToGL" data-soscuisine-aisle="6" data-soscuisine-sip="3943411"><i class="fa fa-cart-plus" title="Add to My Grocery List"></i><div></div></div></td><td><img class="storeItemImage" itemprop="image" alt="deli food, sausages, breakfast" src="/media/images/store_item/670.jpg"></td><td>deli food, sausages, breakfast</td><td class="not_printable sorting_1">meat &amp; poultry</td><td><img style="width:50%;" src="/media/images/logos/marchands/39.png" alt="Your Independent Grocer"></td><td><span itemprop="price">$5.99</span><span itemprop="eligibleQuantity" itemscope="" itemtype="http://schema.org/QuantitativeValue">/<span itemprop="unitText">375g</span></span></td><td>$15.97/kg</td><td style="display: none;">2020-02-26</td><td style="display: none;"></td><td style="display: none;">house brand</td><td style="display: none;"></td><td style="display: none;"></td><td style="display: none;">antibiotic free</td><td style="display: none;"></td><td style="display: none;">Free From</td><td style="display: none;"><a class="recipeLink" href="/recipe_ingredient_search_results.php?query=(_QU5E__1__________670__[]_1_1)">Recipes with deli food, sausages, breakfast</a></td></tr><tr role="row" class="even"><td tabindex="0"><i class="fa fa-thumbs-up"></i><i class="fa fa-thumbs-up"></i></td><td class=" not_printable"><div class="addToGL" data-soscuisine-aisle="6" data-soscuisine-sip="3944941"><i class="fa fa-cart-plus" title="Add to My Grocery List"></i><div></div></div></td><td><img class="storeItemImage" itemprop="image" alt="deli food, smoked ham" src="/media/images/store_item/236.jpg"></td><td>deli food, smoked ham</td><td class="not_printable sorting_1">meat &amp; poultry</td><td><img style="width:50%;" src="/media/images/logos/marchands/38.png" alt="Farm Boy"></td><td><span itemprop="price">$1.49</span><span itemprop="eligibleQuantity" itemscope="" itemtype="http://schema.org/QuantitativeValue">/<span itemprop="unitText">100g</span></span></td><td>$14.90/kg</td><td style="display: none;">2020-02-26</td><td style="display: none;"></td><td style="display: none;">Brandt</td><td style="display: none;"></td><td style="display: none;">black forest</td><td style="display: none;"></td><td style="display: none;"></td><td style="display: none;"></td><td style="display: none;"><a class="recipeLink" href="/recipe_ingredient_search_results.php?query=(_QU5E__1__________236__[]_1_1)">Recipes with deli food, smoked ham</a></td></tr><tr role="row" class="odd"><td tabindex="0"><i class="fa fa-thumbs-up"></i></td><td class=" not_printable"><div class="addToGL" data-soscuisine-aisle="6" data-soscuisine-sip="3944301"><i class="fa fa-cart-plus" title="Add to My Grocery List"></i><div></div></div></td><td><img class="storeItemImage" itemprop="image" alt="deli food, smoked ham" src="/media/images/store_item/236.jpg"></td><td>deli food, smoked ham</td><td class="not_printable sorting_1">meat &amp; poultry</td><td><img style="width:50%;" src="/media/images/logos/marchands/70.png" alt="FreshCo"></td><td><span itemprop="price">$3.00</span><span itemprop="eligibleQuantity" itemscope="" itemtype="http://schema.org/QuantitativeValue">/<span itemprop="unitText">175g</span></span></td><td>$17.14/kg</td><td style="display: none;">2020-02-26</td><td style="display: none;"></td><td style="display: none;">house brand</td><td style="display: none;"></td><td style="display: none;">black forest</td><td style="display: none;"></td><td style="display: none;"></td><td style="display: none;"></td><td style="display: none;"><a class="recipeLink" href="/recipe_ingredient_search_results.php?query=(_QU5E__1__________236__[]_1_1)">Recipes with deli food, smoked ham</a></td></tr><tr role="row" class="even"><td tabindex="0"><i class="fa fa-thumbs-down"></i></td><td class=" not_printable"><div class="addToGL" data-soscuisine-aisle="6" data-soscuisine-sip="3941881"><i class="fa fa-cart-plus" title="Add to My Grocery List"></i><div></div></div></td><td><img class="storeItemImage" itemprop="image" alt="deli food, smoked ham" src="/media/images/store_item/236.jpg"></td><td>deli food, smoked ham</td><td class="not_printable sorting_1">meat &amp; poultry</td><td><img style="width:50%;" src="/media/images/logos/marchands/19.png" alt="Loblaws"></td><td><span itemprop="price">$7.00</span><span itemprop="eligibleQuantity" itemscope="" itemtype="http://schema.org/QuantitativeValue">/<span itemprop="unitText">175g</span></span></td><td>$40.00/kg</td><td style="display: none;">2020-02-26</td><td style="display: none;"></td><td style="display: none;">house brand</td><td style="display: none;"></td><td style="display: none;">black forest</td><td style="display: none;">antibiotic free</td><td style="display: none;">sliced</td><td style="display: none;">Free From</td><td style="display: none;"><a class="recipeLink" href="/recipe_ingredient_search_results.php?query=(_QU5E__1__________236__[]_1_1)">Recipes with deli food, smoked ham</a></td></tr><tr role="row" class="odd"><td tabindex="0"><i class="fa fa-thumbs-up"></i></td><td class=" not_printable"><div class="addToGL" data-soscuisine-aisle="6" data-soscuisine-sip="3944519"><i class="fa fa-cart-plus" title="Add to My Grocery List"></i><div></div></div></td><td><img class="storeItemImage" itemprop="image" alt="deli food, smoked ham" src="/media/images/store_item/236.jpg"></td><td>deli food, smoked ham</td><td class="not_printable sorting_1">meat &amp; poultry</td><td><img style="width:50%;" src="/media/images/logos/marchands/17.png" alt="Price Chopper"></td><td><span itemprop="price">$3.00</span><span itemprop="eligibleQuantity" itemscope="" itemtype="http://schema.org/QuantitativeValue">/<span itemprop="unitText">175g</span></span></td><td>$17.14/kg</td><td style="display: none;">2020-02-26</td><td style="display: none;"></td><td style="display: none;">house brand</td><td style="display: none;"></td><td style="display: none;">black forest</td><td style="display: none;"></td><td style="display: none;"></td><td style="display: none;"></td><td style="display: none;"><a class="recipeLink" href="/recipe_ingredient_search_results.php?query=(_QU5E__1__________236__[]_1_1)">Recipes with deli food, smoked ham</a></td></tr><tr role="row" class="even"><td tabindex="0"><i class="fa fa-thumbs-down"></i></td><td class=" not_printable"><div class="addToGL" data-soscuisine-aisle="6" data-soscuisine-sip="3943563"><i class="fa fa-cart-plus" title="Add to My Grocery List"></i><div></div></div></td><td><img class="storeItemImage" itemprop="image" alt="deli food, smoked ham" src="/media/images/store_item/236.jpg"></td><td>deli food, smoked ham</td><td class="not_printable sorting_1">meat &amp; poultry</td><td><img style="width:50%;" src="/media/images/logos/marchands/15.png" alt="Sobeys"></td><td><span itemprop="price">$5.99</span><span itemprop="eligibleQuantity" itemscope="" itemtype="http://schema.org/QuantitativeValue">/<span itemprop="unitText">175g</span></span></td><td>$34.23/kg</td><td style="display: none;">2020-02-26</td><td style="display: none;"></td><td style="display: none;">Greenfield</td><td style="display: none;"></td><td style="display: none;"></td><td style="display: none;">antibiotic free</td><td style="display: none;"></td><td style="display: none;"></td><td style="display: none;"><a class="recipeLink" href="/recipe_ingredient_search_results.php?query=(_QU5E__1__________236__[]_1_1)">Recipes with deli food, smoked ham</a></td></tr><tr role="row" class="odd"><td tabindex="0"><i class="fa fa-thumbs-down"></i></td><td class=" not_printable"><div class="addToGL" data-soscuisine-aisle="6" data-soscuisine-sip="3943773"><i class="fa fa-cart-plus" title="Add to My Grocery List"></i><div></div></div></td><td><img class="storeItemImage" itemprop="image" alt="deli food, smoked ham" src="/media/images/store_item/236.jpg"></td><td>deli food, smoked ham</td><td class="not_printable sorting_1">meat &amp; poultry</td><td><img style="width:50%;" src="/media/images/logos/marchands/39.png" alt="Your Independent Grocer"></td><td><span itemprop="price">$7.00</span><span itemprop="eligibleQuantity" itemscope="" itemtype="http://schema.org/QuantitativeValue">/<span itemprop="unitText">175g</span></span></td><td>$40.00/kg</td><td style="display: none;">2020-02-26</td><td style="display: none;"></td><td style="display: none;">house brand</td><td style="display: none;"></td><td style="display: none;">black forest</td><td style="display: none;">antibiotic free</td><td style="display: none;">sliced</td><td style="display: none;">Free From</td><td style="display: none;"><a class="recipeLink" href="/recipe_ingredient_search_results.php?query=(_QU5E__1__________236__[]_1_1)">Recipes with deli food, smoked ham</a></td></tr><tr role="row" class="even"><td tabindex="0"><i class="fas fa-hand-rock"></i></td><td class=" not_printable"><div class="addToGL" data-soscuisine-aisle="6" data-soscuisine-sip="3943237"><i class="fa fa-cart-plus" title="Add to My Grocery List"></i><div></div></div></td><td><img class="storeItemImage" alt="deli food, smoked meat" src="/media/images/store_item/blank.jpg"></td><td>deli food, smoked meat</td><td class="not_printable sorting_1">meat &amp; poultry</td><td><img style="width:50%;" src="/media/images/logos/marchands/16.png" alt="Foodland"></td><td><span itemprop="price">$2.79</span><span itemprop="eligibleQuantity" itemscope="" itemtype="http://schema.org/QuantitativeValue">/<span itemprop="unitText">100g</span></span></td><td>$27.90/kg</td><td style="display: none;">2020-02-26</td><td style="display: none;"></td><td style="display: none;">house brand</td><td style="display: none;"></td><td style="display: none;">Montreal-style</td><td style="display: none;"></td><td style="display: none;"></td><td style="display: none;">or Pastrami</td><td style="display: none;"></td></tr><tr role="row" class="odd"><td tabindex="0"><i class="fa fa-thumbs-down"></i></td><td class=" not_printable"><div class="addToGL" data-soscuisine-aisle="6" data-soscuisine-sip="3943751"><i class="fa fa-cart-plus" title="Add to My Grocery List"></i><div></div></div></td><td><img class="storeItemImage" alt="deli food, smoked meat" src="/media/images/store_item/blank.jpg"></td><td>deli food, smoked meat</td><td class="not_printable sorting_1">meat &amp; poultry</td><td><img style="width:50%;" src="/media/images/logos/marchands/15.png" alt="Sobeys"></td><td><span itemprop="price">$2.89</span><span itemprop="eligibleQuantity" itemscope="" itemtype="http://schema.org/QuantitativeValue">/<span itemprop="unitText">100g</span></span></td><td>$28.90/kg</td><td style="display: none;">2020-02-26</td><td style="display: none;"></td><td style="display: none;">house brand</td><td style="display: none;"></td><td style="display: none;">Montreal-style</td><td style="display: none;"></td><td style="display: none;"></td><td style="display: none;">or pastrami</td><td style="display: none;"></td></tr><tr role="row" class="even"><td tabindex="0"><i class="fas fa-hand-rock"></i></td><td class=" not_printable"><div class="addToGL" data-soscuisine-aisle="6" data-soscuisine-sip="3945535"><i class="fa fa-cart-plus" title="Add to My Grocery List"></i><div></div></div></td><td><img class="storeItemImage" itemprop="image" alt="deli food, smoked sausage/wieners/franks" src="/media/images/store_item/517.jpg"></td><td>deli food, smoked sausage/wieners/franks</td><td class="not_printable sorting_1">meat &amp; poultry</td><td><img style="width:50%;" src="/media/images/logos/marchands/18.png" alt="Food Basics"></td><td><span itemprop="price">$3.33</span><span itemprop="eligibleQuantity" itemscope="" itemtype="http://schema.org/QuantitativeValue">/<span itemprop="unitText">375g</span></span></td><td>$8.88/kg</td><td style="display: none;">2020-02-26</td><td style="display: none;"></td><td style="display: none;">Schneiders</td><td style="display: none;"></td><td style="display: none;"></td><td style="display: none;"></td><td style="display: none;"></td><td style="display: none;"></td><td style="display: none;"><a class="recipeLink" href="/recipe_ingredient_search_results.php?query=(_QU5E__1__________517__[]_1_1)">Recipes with deli food, smoked sausage/wieners/franks</a></td></tr><tr role="row" class="odd"><td tabindex="0"><i class="fa fa-thumbs-down"></i></td><td class=" not_printable"><div class="addToGL" data-soscuisine-aisle="6" data-soscuisine-sip="3942141"><i class="fa fa-cart-plus" title="Add to My Grocery List"></i><div></div></div></td><td><img class="storeItemImage" itemprop="image" alt="deli food, smoked sausage/wieners/franks" src="/media/images/store_item/517.jpg"></td><td>deli food, smoked sausage/wieners/franks</td><td class="not_printable sorting_1">meat &amp; poultry</td><td><img style="width:50%;" src="/media/images/logos/marchands/16.png" alt="Foodland"></td><td><span itemprop="price">$5.99</span><span itemprop="eligibleQuantity" itemscope="" itemtype="http://schema.org/QuantitativeValue">/<span itemprop="unitText">450g</span></span></td><td>$13.31/kg</td><td style="display: none;">2020-02-26</td><td style="display: none;"></td><td style="display: none;">Schneiders</td><td style="display: none;"></td><td style="display: none;">jumbo</td><td style="display: none;"></td><td style="display: none;"></td><td style="display: none;"></td><td style="display: none;"><a class="recipeLink" href="/recipe_ingredient_search_results.php?query=(_QU5E__1__________517__[]_1_1)">Recipes with deli food, smoked sausage/wieners/franks</a></td></tr><tr role="row" class="even"><td tabindex="0"><i class="fa fa-thumbs-down"></i></td><td class=" not_printable"><div class="addToGL" data-soscuisine-aisle="6" data-soscuisine-sip="3944281"><i class="fa fa-cart-plus" title="Add to My Grocery List"></i><div></div></div></td><td><img class="storeItemImage" itemprop="image" alt="deli food, smoked sausage/wieners/franks" src="/media/images/store_item/517.jpg"></td><td>deli food, smoked sausage/wieners/franks</td><td class="not_printable sorting_1">meat &amp; poultry</td><td><img style="width:50%;" src="/media/images/logos/marchands/70.png" alt="FreshCo"></td><td><span itemprop="price">$5.00</span><span itemprop="eligibleQuantity" itemscope="" itemtype="http://schema.org/QuantitativeValue">/<span itemprop="unitText">450g</span></span></td><td>$11.11/kg</td><td style="display: none;">2020-02-26</td><td style="display: none;"></td><td style="display: none;">Schneiders</td><td style="display: none;"></td><td style="display: none;"></td><td style="display: none;"></td><td style="display: none;"></td><td style="display: none;"></td><td style="display: none;"><a class="recipeLink" href="/recipe_ingredient_search_results.php?query=(_QU5E__1__________517__[]_1_1)">Recipes with deli food, smoked sausage/wieners/franks</a></td></tr><tr role="row" class="odd"><td tabindex="0"><i class="fas fa-hand-rock"></i></td><td class=" not_printable"><div class="addToGL" data-soscuisine-aisle="6" data-soscuisine-sip="3945871"><i class="fa fa-cart-plus" title="Add to My Grocery List"></i><div></div></div></td><td><img class="storeItemImage" itemprop="image" alt="deli food, smoked sausage/wieners/franks" src="/media/images/store_item/517.jpg"></td><td>deli food, smoked sausage/wieners/franks</td><td class="not_printable sorting_1">meat &amp; poultry</td><td><img style="width:50%;" src="/media/images/logos/marchands/20.png" alt="Metro"></td><td><span itemprop="price">$3.99</span><span itemprop="eligibleQuantity" itemscope="" itemtype="http://schema.org/QuantitativeValue">/<span itemprop="unitText">450g</span></span></td><td>$8.87/kg</td><td style="display: none;">2020-02-26</td><td style="display: none;"></td><td style="display: none;">Olymel</td><td style="display: none;"></td><td style="display: none;"></td><td style="display: none;"></td><td style="display: none;"></td><td style="display: none;"></td><td style="display: none;"><a class="recipeLink" href="/recipe_ingredient_search_results.php?query=(_QU5E__1__________517__[]_1_1)">Recipes with deli food, smoked sausage/wieners/franks</a></td></tr><tr role="row" class="even"><td tabindex="0"><i class="fa fa-thumbs-down"></i></td><td class=" not_printable"><div class="addToGL" data-soscuisine-aisle="6" data-soscuisine-sip="3944507"><i class="fa fa-cart-plus" title="Add to My Grocery List"></i><div></div></div></td><td><img class="storeItemImage" itemprop="image" alt="deli food, smoked sausage/wieners/franks" src="/media/images/store_item/517.jpg"></td><td>deli food, smoked sausage/wieners/franks</td><td class="not_printable sorting_1">meat &amp; poultry</td><td><img style="width:50%;" src="/media/images/logos/marchands/17.png" alt="Price Chopper"></td><td><span itemprop="price">$5.00</span><span itemprop="eligibleQuantity" itemscope="" itemtype="http://schema.org/QuantitativeValue">/<span itemprop="unitText">450g</span></span></td><td>$11.11/kg</td><td style="display: none;">2020-02-26</td><td style="display: none;"></td><td style="display: none;">Schneiders</td><td style="display: none;"></td><td style="display: none;"></td><td style="display: none;"></td><td style="display: none;"></td><td style="display: none;"></td><td style="display: none;"><a class="recipeLink" href="/recipe_ingredient_search_results.php?query=(_QU5E__1__________517__[]_1_1)">Recipes with deli food, smoked sausage/wieners/franks</a></td></tr><tr role="row" class="odd"><td tabindex="0"><i class="fa fa-thumbs-up"></i><i class="fa fa-thumbs-up"></i></td><td class=" not_printable"><div class="addToGL" data-soscuisine-aisle="6" data-soscuisine-sip="3944885"><i class="fa fa-cart-plus" title="Add to My Grocery List"></i><div></div></div></td><td><img class="storeItemImage" itemprop="image" alt="deli food, smoked sausage/wieners/franks" src="/media/images/store_item/517.jpg"></td><td>deli food, smoked sausage/wieners/franks</td><td class="not_printable sorting_1">meat &amp; poultry</td><td><img style="width:50%;" src="/media/images/logos/marchands/52.png" alt="Real Canadian Superstore"></td><td><span itemprop="price">$8.98</span><span itemprop="eligibleQuantity" itemscope="" itemtype="http://schema.org/QuantitativeValue">/<span itemprop="unitText">1,5kg</span></span></td><td>$5.99/kg</td><td style="display: none;">2020-02-26</td><td style="display: none;"></td><td style="display: none;">house brand</td><td style="display: none;"></td><td style="display: none;"></td><td style="display: none;"></td><td style="display: none;"></td><td style="display: none;"></td><td style="display: none;"><a class="recipeLink" href="/recipe_ingredient_search_results.php?query=(_QU5E__1__________517__[]_1_1)">Recipes with deli food, smoked sausage/wieners/franks</a></td></tr><tr role="row" class="even"><td tabindex="0"><i class="fas fa-hand-rock"></i></td><td class=" not_printable"><div class="addToGL" data-soscuisine-aisle="6" data-soscuisine-sip="3944935"><i class="fa fa-cart-plus" title="Add to My Grocery List"></i><div></div></div></td><td><img class="storeItemImage" itemprop="image" alt="deli food, turkey breast roast" src="/media/images/store_item/537.jpg"></td><td>deli food, turkey breast roast</td><td class="not_printable sorting_1">meat &amp; poultry</td><td><img style="width:50%;" src="/media/images/logos/marchands/38.png" alt="Farm Boy"></td><td><span itemprop="price">$2.99</span><span itemprop="eligibleQuantity" itemscope="" itemtype="http://schema.org/QuantitativeValue">/<span itemprop="unitText">100g</span></span></td><td>$29.90/kg</td><td style="display: none;">2020-02-26</td><td style="display: none;"></td><td style="display: none;">McLean</td><td style="display: none;"></td><td style="display: none;"></td><td style="display: none;"></td><td style="display: none;"></td><td style="display: none;"></td><td style="display: none;"><a class="recipeLink" href="/recipe_ingredient_search_results.php?query=(_QU5E__1__________537__[]_1_1)">Recipes with deli food, turkey breast roast</a></td></tr><tr role="row" class="odd"><td tabindex="0"><i class="fa fa-thumbs-down"></i></td><td class=" not_printable"><div class="addToGL" data-soscuisine-aisle="6" data-soscuisine-sip="3942345"><i class="fa fa-cart-plus" title="Add to My Grocery List"></i><div></div></div></td><td><img class="storeItemImage" itemprop="image" alt="deli food, turkey breast roast" src="/media/images/store_item/537.jpg"></td><td>deli food, turkey breast roast</td><td class="not_printable sorting_1">meat &amp; poultry</td><td><img style="width:50%;" src="/media/images/logos/marchands/16.png" alt="Foodland"></td><td><span itemprop="price">$5.99</span><span itemprop="eligibleQuantity" itemscope="" itemtype="http://schema.org/QuantitativeValue">/<span itemprop="unitText">175g</span></span></td><td>$34.23/kg</td><td style="display: none;">2020-02-26</td><td style="display: none;"></td><td style="display: none;">Greenfield</td><td style="display: none;"></td><td style="display: none;"></td><td style="display: none;"></td><td style="display: none;">sliced</td><td style="display: none;">available at most locations</td><td style="display: none;"><a class="recipeLink" href="/recipe_ingredient_search_results.php?query=(_QU5E__1__________537__[]_1_1)">Recipes with deli food, turkey breast roast</a></td></tr><tr role="row" class="even"><td tabindex="0"><i class="fa fa-thumbs-up"></i><i class="fa fa-thumbs-up"></i></td><td class=" not_printable"><div class="addToGL" data-soscuisine-aisle="6" data-soscuisine-sip="3944271"><i class="fa fa-cart-plus" title="Add to My Grocery List"></i><div></div></div></td><td><img class="storeItemImage" itemprop="image" alt="deli food, turkey breast roast" src="/media/images/store_item/537.jpg"></td><td>deli food, turkey breast roast</td><td class="not_printable sorting_1">meat &amp; poultry</td><td><img style="width:50%;" src="/media/images/logos/marchands/70.png" alt="FreshCo"></td><td><span itemprop="price">$3.00</span><span itemprop="eligibleQuantity" itemscope="" itemtype="http://schema.org/QuantitativeValue">/<span itemprop="unitText">5.3oz (150g)</span></span></td><td>$20.00/kg</td><td style="display: none;">2020-02-26</td><td style="display: none;"></td><td style="display: none;">Schneiders</td><td style="display: none;"></td><td style="display: none;"></td><td style="display: none;"></td><td style="display: none;"></td><td style="display: none;"></td><td style="display: none;"><a class="recipeLink" href="/recipe_ingredient_search_results.php?query=(_QU5E__1__________537__[]_1_1)">Recipes with deli food, turkey breast roast</a></td></tr><tr role="row" class="odd"><td tabindex="0"><i class="fa fa-thumbs-down"></i></td><td class=" not_printable"><div class="addToGL" data-soscuisine-aisle="6" data-soscuisine-sip="3941885"><i class="fa fa-cart-plus" title="Add to My Grocery List"></i><div></div></div></td><td><img class="storeItemImage" itemprop="image" alt="deli food, turkey breast roast" src="/media/images/store_item/537.jpg"></td><td>deli food, turkey breast roast</td><td class="not_printable sorting_1">meat &amp; poultry</td><td><img style="width:50%;" src="/media/images/logos/marchands/19.png" alt="Loblaws"></td><td><span itemprop="price">$7.00</span><span itemprop="eligibleQuantity" itemscope="" itemtype="http://schema.org/QuantitativeValue">/<span itemprop="unitText">175g</span></span></td><td>$40.00/kg</td><td style="display: none;">2020-02-26</td><td style="display: none;"></td><td style="display: none;">house brand</td><td style="display: none;"></td><td style="display: none;"></td><td style="display: none;">antibiotic free</td><td style="display: none;">sliced</td><td style="display: none;">Free From</td><td style="display: none;"><a class="recipeLink" href="/recipe_ingredient_search_results.php?query=(_QU5E__1__________537__[]_1_1)">Recipes with deli food, turkey breast roast</a></td></tr><tr role="row" class="even"><td tabindex="0"><i class="fa fa-thumbs-up"></i><i class="fa fa-thumbs-up"></i></td><td class=" not_printable"><div class="addToGL" data-soscuisine-aisle="6" data-soscuisine-sip="3944503"><i class="fa fa-cart-plus" title="Add to My Grocery List"></i><div></div></div></td><td><img class="storeItemImage" itemprop="image" alt="deli food, turkey breast roast" src="/media/images/store_item/537.jpg"></td><td>deli food, turkey breast roast</td><td class="not_printable sorting_1">meat &amp; poultry</td><td><img style="width:50%;" src="/media/images/logos/marchands/17.png" alt="Price Chopper"></td><td><span itemprop="price">$3.00</span><span itemprop="eligibleQuantity" itemscope="" itemtype="http://schema.org/QuantitativeValue">/<span itemprop="unitText">5.3oz (150g)</span></span></td><td>$20.00/kg</td><td style="display: none;">2020-02-26</td><td style="display: none;"></td><td style="display: none;">Schneiders</td><td style="display: none;"></td><td style="display: none;"></td><td style="display: none;"></td><td style="display: none;"></td><td style="display: none;"></td><td style="display: none;"><a class="recipeLink" href="/recipe_ingredient_search_results.php?query=(_QU5E__1__________537__[]_1_1)">Recipes with deli food, turkey breast roast</a></td></tr><tr role="row" class="odd"><td tabindex="0"><i class="fa fa-thumbs-up"></i></td><td class=" not_printable"><div class="addToGL" data-soscuisine-aisle="6" data-soscuisine-sip="3944789"><i class="fa fa-cart-plus" title="Add to My Grocery List"></i><div></div></div></td><td><img class="storeItemImage" itemprop="image" alt="deli food, turkey breast roast" src="/media/images/store_item/537.jpg"></td><td>deli food, turkey breast roast</td><td class="not_printable sorting_1">meat &amp; poultry</td><td><img style="width:50%;" src="/media/images/logos/marchands/52.png" alt="Real Canadian Superstore"></td><td><span itemprop="price">$9.00</span><span itemprop="eligibleQuantity" itemscope="" itemtype="http://schema.org/QuantitativeValue">/<span itemprop="unitText">375g</span></span></td><td>$24.00/kg</td><td style="display: none;">2020-02-26</td><td style="display: none;"></td><td style="display: none;">house brand</td><td style="display: none;"></td><td style="display: none;"></td><td style="display: none;">antibiotic free</td><td style="display: none;">sliced</td><td style="display: none;">Free From</td><td style="display: none;"><a class="recipeLink" href="/recipe_ingredient_search_results.php?query=(_QU5E__1__________537__[]_1_1)">Recipes with deli food, turkey breast roast</a></td></tr><tr role="row" class="even"><td tabindex="0"><i class="fas fa-hand-rock"></i></td><td class=" not_printable"><div class="addToGL" data-soscuisine-aisle="6" data-soscuisine-sip="3944759"><i class="fa fa-cart-plus" title="Add to My Grocery List"></i><div></div></div></td><td><img class="storeItemImage" itemprop="image" alt="deli food, turkey breast roast" src="/media/images/store_item/537.jpg"></td><td>deli food, turkey breast roast</td><td class="not_printable sorting_1">meat &amp; poultry</td><td><img style="width:50%;" src="/media/images/logos/marchands/52.png" alt="Real Canadian Superstore"></td><td><span itemprop="price">$2.68</span><span itemprop="eligibleQuantity" itemscope="" itemtype="http://schema.org/QuantitativeValue">/<span itemprop="unitText">100g</span></span></td><td>$26.80/kg</td><td style="display: none;">2020-02-26</td><td style="display: none;"></td><td style="display: none;">house brand</td><td style="display: none;"></td><td style="display: none;"></td><td style="display: none;"></td><td style="display: none;"></td><td style="display: none;"></td><td style="display: none;"><a class="recipeLink" href="/recipe_ingredient_search_results.php?query=(_QU5E__1__________537__[]_1_1)">Recipes with deli food, turkey breast roast</a></td></tr><tr role="row" class="odd"><td tabindex="0"><i class="fas fa-hand-rock"></i></td><td class=" not_printable"><div class="addToGL" data-soscuisine-aisle="6" data-soscuisine-sip="3944761"><i class="fa fa-cart-plus" title="Add to My Grocery List"></i><div></div></div></td><td><img class="storeItemImage" itemprop="image" alt="deli food, turkey breast roast" src="/media/images/store_item/537.jpg"></td><td>deli food, turkey breast roast</td><td class="not_printable sorting_1">meat &amp; poultry</td><td><img style="width:50%;" src="/media/images/logos/marchands/52.png" alt="Real Canadian Superstore"></td><td><span itemprop="price">$5.00</span><span itemprop="eligibleQuantity" itemscope="" itemtype="http://schema.org/QuantitativeValue">/<span itemprop="unitText">175g</span></span></td><td>$28.57/kg</td><td style="display: none;">2020-02-26</td><td style="display: none;"></td><td style="display: none;">house brand</td><td style="display: none;"></td><td style="display: none;"></td><td style="display: none;"></td><td style="display: none;">sliced</td><td style="display: none;"></td><td style="display: none;"><a class="recipeLink" href="/recipe_ingredient_search_results.php?query=(_QU5E__1__________537__[]_1_1)">Recipes with deli food, turkey breast roast</a></td></tr><tr role="row" class="even"><td tabindex="0"><i class="fa fa-thumbs-down"></i></td><td class=" not_printable"><div class="addToGL" data-soscuisine-aisle="6" data-soscuisine-sip="3943781"><i class="fa fa-cart-plus" title="Add to My Grocery List"></i><div></div></div></td><td><img class="storeItemImage" itemprop="image" alt="deli food, turkey breast roast" src="/media/images/store_item/537.jpg"></td><td>deli food, turkey breast roast</td><td class="not_printable sorting_1">meat &amp; poultry</td><td><img style="width:50%;" src="/media/images/logos/marchands/39.png" alt="Your Independent Grocer"></td><td><span itemprop="price">$7.00</span><span itemprop="eligibleQuantity" itemscope="" itemtype="http://schema.org/QuantitativeValue">/<span itemprop="unitText">175g</span></span></td><td>$40.00/kg</td><td style="display: none;">2020-02-26</td><td style="display: none;"></td><td style="display: none;">house brand</td><td style="display: none;"></td><td style="display: none;"></td><td style="display: none;">antibiotic free</td><td style="display: none;">sliced</td><td style="display: none;">Free From</td><td style="display: none;"><a class="recipeLink" href="/recipe_ingredient_search_results.php?query=(_QU5E__1__________537__[]_1_1)">Recipes with deli food, turkey breast roast</a></td></tr><tr role="row" class="odd"><td tabindex="0"><i class="fas fa-hand-rock"></i></td><td class=" not_printable"><div class="addToGL" data-soscuisine-aisle="6" data-soscuisine-sip="3945547"><i class="fa fa-cart-plus" title="Add to My Grocery List"></i><div></div></div></td><td><img class="storeItemImage" itemprop="image" alt="deli foods, smoked sausagex, chicken" src="/media/images/store_item/548.jpg"></td><td>deli foods, smoked sausagex, chicken</td><td class="not_printable sorting_1">meat &amp; poultry</td><td><img style="width:50%;" src="/media/images/logos/marchands/18.png" alt="Food Basics"></td><td><span itemprop="price">$1.99</span><span itemprop="eligibleQuantity" itemscope="" itemtype="http://schema.org/QuantitativeValue">/<span itemprop="unitText">450g</span></span></td><td>$4.42/kg</td><td style="display: none;">2020-02-26</td><td style="display: none;"></td><td style="display: none;">Maple Lodge</td><td style="display: none;"></td><td style="display: none;"></td><td style="display: none;"></td><td style="display: none;"></td><td style="display: none;"></td><td style="display: none;"><a class="recipeLink" href="/recipe_ingredient_search_results.php?query=(_QU5E__1__________548__[]_1_1)">Recipes with deli foods, smoked sausagex, chicken</a></td></tr><tr role="row" class="even"><td tabindex="0"><i class="fas fa-hand-rock"></i></td><td class=" not_printable"><div class="addToGL" data-soscuisine-aisle="6" data-soscuisine-sip="3945551"><i class="fa fa-cart-plus" title="Add to My Grocery List"></i><div></div></div></td><td><img class="storeItemImage" itemprop="image" alt="deli foods, smoked sausagex, chicken" src="/media/images/store_item/548.jpg"></td><td>deli foods, smoked sausagex, chicken</td><td class="not_printable sorting_1">meat &amp; poultry</td><td><img style="width:50%;" src="/media/images/logos/marchands/18.png" alt="Food Basics"></td><td><span itemprop="price">$3.99</span><span itemprop="eligibleQuantity" itemscope="" itemtype="http://schema.org/QuantitativeValue">/<span itemprop="unitText">900g</span></span></td><td>$4.43/kg</td><td style="display: none;">2020-02-26</td><td style="display: none;"></td><td style="display: none;">Maple Lodge</td><td style="display: none;"></td><td style="display: none;"></td><td style="display: none;"></td><td style="display: none;"></td><td style="display: none;"></td><td style="display: none;"><a class="recipeLink" href="/recipe_ingredient_search_results.php?query=(_QU5E__1__________548__[]_1_1)">Recipes with deli foods, smoked sausagex, chicken</a></td></tr><tr role="row" class="odd"><td tabindex="0"><i class="fa fa-thumbs-up"></i></td><td class=" not_printable"><div class="addToGL" data-soscuisine-aisle="6" data-soscuisine-sip="3945537"><i class="fa fa-cart-plus" title="Add to My Grocery List"></i><div></div></div></td><td><img class="storeItemImage" alt="deli, shaved meat" src="/media/images/store_item/blank.jpg"></td><td>deli, shaved meat</td><td class="not_printable sorting_1">meat &amp; poultry</td><td><img style="width:50%;" src="/media/images/logos/marchands/18.png" alt="Food Basics"></td><td><span itemprop="price">$7.99</span><span itemprop="eligibleQuantity" itemscope="" itemtype="http://schema.org/QuantitativeValue">/<span itemprop="unitText">375g</span></span></td><td>$21.31/kg</td><td style="display: none;">2020-02-26</td><td style="display: none;"></td><td style="display: none;">Natural Selections</td><td style="display: none;"></td><td style="display: none;"></td><td style="display: none;"></td><td style="display: none;"></td><td style="display: none;"></td><td style="display: none;"><a class="recipeLink" href="/recipe_ingredient_search_results.php?query=(_QU5E__1__________1005__[]_1_1)">Recipes with deli, shaved meat</a></td></tr><tr role="row" class="even"><td tabindex="0"><i class="fas fa-hand-rock"></i></td><td class=" not_printable"><div class="addToGL" data-soscuisine-aisle="6" data-soscuisine-sip="3945847"><i class="fa fa-cart-plus" title="Add to My Grocery List"></i><div></div></div></td><td><img class="storeItemImage" itemprop="image" alt="lamb, leg" src="/media/images/store_item/254.jpg"></td><td>lamb, leg</td><td class="not_printable sorting_1">meat &amp; poultry</td><td><img style="width:50%;" src="/media/images/logos/marchands/20.png" alt="Metro"></td><td><span itemprop="price">$6.99</span><span itemprop="eligibleQuantity" itemscope="" itemtype="http://schema.org/QuantitativeValue">/<span itemprop="unitText">lb</span></span></td><td>$15.41/kg</td><td style="display: none;">2020-02-26</td><td style="display: none;">N. Zealand</td><td style="display: none;"></td><td style="display: none;"></td><td style="display: none;"></td><td style="display: none;"></td><td style="display: none;">fresh</td><td style="display: none;"></td><td style="display: none;"><a class="recipeLink" href="/recipe_ingredient_search_results.php?query=(_QU5E__1__________254__[]_1_1)">Recipes with lamb, leg</a></td></tr><tr role="row" class="odd"><td tabindex="0"><i class="fas fa-exclamation"></i></td><td class=" not_printable"><div class="addToGL" data-soscuisine-aisle="6" data-soscuisine-sip="3945655"><i class="fa fa-cart-plus" title="Add to My Grocery List"></i><div></div></div></td><td><img class="storeItemImage" itemprop="image" alt="lamb, shanks" src="/media/images/store_item/733.jpg"></td><td>lamb, shanks</td><td class="not_printable sorting_1">meat &amp; poultry</td><td><img style="width:50%;" src="/media/images/logos/marchands/18.png" alt="Food Basics"></td><td><span itemprop="price">$5.99</span><span itemprop="eligibleQuantity" itemscope="" itemtype="http://schema.org/QuantitativeValue">/<span itemprop="unitText">lb</span></span></td><td>$13.21/kg</td><td style="display: none;">2020-02-26</td><td style="display: none;">N. Zealand</td><td style="display: none;"></td><td style="display: none;"></td><td style="display: none;"></td><td style="display: none;"></td><td style="display: none;">frozen</td><td style="display: none;"></td><td style="display: none;"><a class="recipeLink" href="/recipe_ingredient_search_results.php?query=(_QU5E__1__________733__[]_1_1)">Recipes with lamb, shanks</a></td></tr><tr role="row" class="even"><td tabindex="0"><i class="fas fa-hand-rock"></i></td><td class=" not_printable"><div class="addToGL" data-soscuisine-aisle="6" data-soscuisine-sip="3945641"><i class="fa fa-cart-plus" title="Add to My Grocery List"></i><div></div></div></td><td><img class="storeItemImage" itemprop="image" alt="pork chops, boneless" src="/media/images/store_item/568.jpg"></td><td>pork chops, boneless</td><td class="not_printable sorting_1">meat &amp; poultry</td><td><img style="width:50%;" src="/media/images/logos/marchands/18.png" alt="Food Basics"></td><td><span itemprop="price">$4.99</span><span itemprop="eligibleQuantity" itemscope="" itemtype="http://schema.org/QuantitativeValue">/<span itemprop="unitText">lb</span></span></td><td>$11.00/kg</td><td style="display: none;">2020-02-26</td><td style="display: none;"></td><td style="display: none;"></td><td style="display: none;"></td><td style="display: none;"></td><td style="display: none;">combo</td><td style="display: none;"></td><td style="display: none;"></td><td style="display: none;"><a class="recipeLink" href="/recipe_ingredient_search_results.php?query=(_QU5E__1__________568__[]_1_1)">Recipes with pork chops, boneless</a></td></tr><tr role="row" class="odd"><td tabindex="0"><i class="fas fa-hand-rock"></i></td><td class=" not_printable"><div class="addToGL" data-soscuisine-aisle="6" data-soscuisine-sip="3941735"><i class="fa fa-cart-plus" title="Add to My Grocery List"></i><div></div></div></td><td><img class="storeItemImage" itemprop="image" alt="pork chops, boneless" src="/media/images/store_item/568.jpg"></td><td>pork chops, boneless</td><td class="not_printable sorting_1">meat &amp; poultry</td><td><img style="width:50%;" src="/media/images/logos/marchands/19.png" alt="Loblaws"></td><td><span itemprop="price">$4.99</span><span itemprop="eligibleQuantity" itemscope="" itemtype="http://schema.org/QuantitativeValue">/<span itemprop="unitText">lb</span></span></td><td>$11.00/kg</td><td style="display: none;">2020-02-26</td><td style="display: none;">Ontario</td><td style="display: none;">house brand</td><td style="display: none;"></td><td style="display: none;">loin</td><td style="display: none;">centre-cut</td><td style="display: none;"></td><td style="display: none;">Free From</td><td style="display: none;"><a class="recipeLink" href="/recipe_ingredient_search_results.php?query=(_QU5E__1__________568__[]_1_1)">Recipes with pork chops, boneless</a></td></tr><tr role="row" class="even"><td tabindex="0"><i class="fa fa-thumbs-up"></i><i class="fa fa-thumbs-up"></i></td><td class=" not_printable"><div class="addToGL" data-soscuisine-aisle="6" data-soscuisine-sip="3945689"><i class="fa fa-cart-plus" title="Add to My Grocery List"></i><div></div></div></td><td><img class="storeItemImage" itemprop="image" alt="pork chops, boneless" src="/media/images/store_item/568.jpg"></td><td>pork chops, boneless</td><td class="not_printable sorting_1">meat &amp; poultry</td><td><img style="width:50%;" src="/media/images/logos/marchands/20.png" alt="Metro"></td><td><span itemprop="price">$2.99</span><span itemprop="eligibleQuantity" itemscope="" itemtype="http://schema.org/QuantitativeValue">/<span itemprop="unitText">lb</span></span></td><td>$6.59/kg</td><td style="display: none;">2020-02-26</td><td style="display: none;"></td><td style="display: none;"></td><td style="display: none;"></td><td style="display: none;">loin</td><td style="display: none;">centre-cut</td><td style="display: none;">large pack</td><td style="display: none;"></td><td style="display: none;"><a class="recipeLink" href="/recipe_ingredient_search_results.php?query=(_QU5E__1__________568__[]_1_1)">Recipes with pork chops, boneless</a></td></tr><tr role="row" class="odd"><td tabindex="0"><i class="fa fa-thumbs-up"></i><i class="fa fa-thumbs-up"></i></td><td class=" not_printable"><div class="addToGL" data-soscuisine-aisle="6" data-soscuisine-sip="3945365"><i class="fa fa-cart-plus" title="Add to My Grocery List"></i><div></div></div></td><td><img class="storeItemImage" itemprop="image" alt="pork chops, boneless" src="/media/images/store_item/568.jpg"></td><td>pork chops, boneless</td><td class="not_printable sorting_1">meat &amp; poultry</td><td><img style="width:50%;" src="/media/images/logos/marchands/14.png" alt="No Frills"></td><td><span itemprop="price">$3.00</span><span itemprop="eligibleQuantity" itemscope="" itemtype="http://schema.org/QuantitativeValue">/<span itemprop="value">3</span>x<span itemprop="unitText">300g</span></span></td><td>$3.33/kg</td><td style="display: none;">2020-02-26</td><td style="display: none;"></td><td style="display: none;"></td><td style="display: none;"></td><td style="display: none;"></td><td style="display: none;">combo</td><td style="display: none;">fresh</td><td style="display: none;"></td><td style="display: none;"><a class="recipeLink" href="/recipe_ingredient_search_results.php?query=(_QU5E__1__________568__[]_1_1)">Recipes with pork chops, boneless</a></td></tr><tr role="row" class="even"><td tabindex="0"><i class="fa fa-thumbs-up"></i><i class="fa fa-thumbs-up"></i></td><td class=" not_printable"><div class="addToGL" data-soscuisine-aisle="6" data-soscuisine-sip="3944691"><i class="fa fa-cart-plus" title="Add to My Grocery List"></i><div></div></div></td><td><img class="storeItemImage" itemprop="image" alt="pork chops, boneless" src="/media/images/store_item/568.jpg"></td><td>pork chops, boneless</td><td class="not_printable sorting_1">meat &amp; poultry</td><td><img style="width:50%;" src="/media/images/logos/marchands/52.png" alt="Real Canadian Superstore"></td><td><span itemprop="price">$2.98</span><span itemprop="eligibleQuantity" itemscope="" itemtype="http://schema.org/QuantitativeValue">/<span itemprop="unitText">lb</span></span></td><td>$6.57/kg</td><td style="display: none;">2020-02-26</td><td style="display: none;"></td><td style="display: none;"></td><td style="display: none;"></td><td style="display: none;"></td><td style="display: none;">combo</td><td style="display: none;">fresh, large pack</td><td style="display: none;"></td><td style="display: none;"><a class="recipeLink" href="/recipe_ingredient_search_results.php?query=(_QU5E__1__________568__[]_1_1)">Recipes with pork chops, boneless</a></td></tr><tr role="row" class="odd"><td tabindex="0"><i class="fa fa-thumbs-up"></i><i class="fa fa-thumbs-up"></i></td><td class=" not_printable"><div class="addToGL" data-soscuisine-aisle="6" data-soscuisine-sip="3943387"><i class="fa fa-cart-plus" title="Add to My Grocery List"></i><div></div></div></td><td><img class="storeItemImage" itemprop="image" alt="pork chops, boneless" src="/media/images/store_item/568.jpg"></td><td>pork chops, boneless</td><td class="not_printable sorting_1">meat &amp; poultry</td><td><img style="width:50%;" src="/media/images/logos/marchands/39.png" alt="Your Independent Grocer"></td><td><span itemprop="price">$2.99</span><span itemprop="eligibleQuantity" itemscope="" itemtype="http://schema.org/QuantitativeValue">/<span itemprop="unitText">lb</span></span></td><td>$6.59/kg</td><td style="display: none;">2020-02-26</td><td style="display: none;"></td><td style="display: none;"></td><td style="display: none;"></td><td style="display: none;">loin</td><td style="display: none;">centre-cut</td><td style="display: none;">large pack</td><td style="display: none;"></td><td style="display: none;"><a class="recipeLink" href="/recipe_ingredient_search_results.php?query=(_QU5E__1__________568__[]_1_1)">Recipes with pork chops, boneless</a></td></tr><tr role="row" class="even"><td tabindex="0"><i class="fas fa-hand-rock"></i></td><td class=" not_printable"><div class="addToGL" data-soscuisine-aisle="6" data-soscuisine-sip="3941967"><i class="fa fa-cart-plus" title="Add to My Grocery List"></i><div></div></div></td><td><img class="storeItemImage" itemprop="image" alt="pork chops, with bone" src="/media/images/store_item/243.jpg"></td><td>pork chops, with bone</td><td class="not_printable sorting_1">meat &amp; poultry</td><td><img style="width:50%;" src="/media/images/logos/marchands/16.png" alt="Foodland"></td><td><span itemprop="price">$3.99</span><span itemprop="eligibleQuantity" itemscope="" itemtype="http://schema.org/QuantitativeValue">/<span itemprop="unitText">lb</span></span></td><td>$8.80/kg</td><td style="display: none;">2020-02-26</td><td style="display: none;"></td><td style="display: none;"></td><td style="display: none;"></td><td style="display: none;">loin</td><td style="display: none;">centre-cut</td><td style="display: none;">large pack</td><td style="display: none;"></td><td style="display: none;"><a class="recipeLink" href="/recipe_ingredient_search_results.php?query=(_QU5E__1__________243__[]_1_1)">Recipes with pork chops, with bone</a></td></tr><tr role="row" class="odd"><td tabindex="0"><i class="fa fa-thumbs-down"></i></td><td class=" not_printable"><div class="addToGL" data-soscuisine-aisle="6" data-soscuisine-sip="3944263"><i class="fa fa-cart-plus" title="Add to My Grocery List"></i><div></div></div></td><td><img class="storeItemImage" itemprop="image" alt="pork chops, with bone" src="/media/images/store_item/243.jpg"></td><td>pork chops, with bone</td><td class="not_printable sorting_1">meat &amp; poultry</td><td><img style="width:50%;" src="/media/images/logos/marchands/70.png" alt="FreshCo"></td><td><span itemprop="price">$4.00</span><span itemprop="eligibleQuantity" itemscope="" itemtype="http://schema.org/QuantitativeValue">/<span itemprop="unitText">lb</span></span></td><td>$8.82/kg</td><td style="display: none;">2020-02-26</td><td style="display: none;"></td><td style="display: none;"></td><td style="display: none;"></td><td style="display: none;">loin</td><td style="display: none;">combo</td><td style="display: none;">fresh</td><td style="display: none;"></td><td style="display: none;"><a class="recipeLink" href="/recipe_ingredient_search_results.php?query=(_QU5E__1__________243__[]_1_1)">Recipes with pork chops, with bone</a></td></tr><tr role="row" class="even"><td tabindex="0"><i class="fa fa-thumbs-down"></i></td><td class=" not_printable"><div class="addToGL" data-soscuisine-aisle="6" data-soscuisine-sip="3944497"><i class="fa fa-cart-plus" title="Add to My Grocery List"></i><div></div></div></td><td><img class="storeItemImage" itemprop="image" alt="pork chops, with bone" src="/media/images/store_item/243.jpg"></td><td>pork chops, with bone</td><td class="not_printable sorting_1">meat &amp; poultry</td><td><img style="width:50%;" src="/media/images/logos/marchands/17.png" alt="Price Chopper"></td><td><span itemprop="price">$4.00</span><span itemprop="eligibleQuantity" itemscope="" itemtype="http://schema.org/QuantitativeValue">/<span itemprop="unitText">lb</span></span></td><td>$8.82/kg</td><td style="display: none;">2020-02-26</td><td style="display: none;"></td><td style="display: none;"></td><td style="display: none;"></td><td style="display: none;">loin</td><td style="display: none;">combo</td><td style="display: none;">fresh</td><td style="display: none;"></td><td style="display: none;"><a class="recipeLink" href="/recipe_ingredient_search_results.php?query=(_QU5E__1__________243__[]_1_1)">Recipes with pork chops, with bone</a></td></tr><tr role="row" class="odd"><td tabindex="0"><i class="fa fa-thumbs-up"></i><i class="fa fa-thumbs-up"></i></td><td class=" not_printable"><div class="addToGL" data-soscuisine-aisle="6" data-soscuisine-sip="3943275"><i class="fa fa-cart-plus" title="Add to My Grocery List"></i><div></div></div></td><td><img class="storeItemImage" itemprop="image" alt="pork chops, with bone" src="/media/images/store_item/243.jpg"></td><td>pork chops, with bone</td><td class="not_printable sorting_1">meat &amp; poultry</td><td><img style="width:50%;" src="/media/images/logos/marchands/39.png" alt="Your Independent Grocer"></td><td><span itemprop="price">$1.99</span><span itemprop="eligibleQuantity" itemscope="" itemtype="http://schema.org/QuantitativeValue">/<span itemprop="unitText">lb</span></span></td><td>$4.39/kg</td><td style="display: none;">2020-02-26</td><td style="display: none;"></td><td style="display: none;"></td><td style="display: none;"></td><td style="display: none;">loin</td><td style="display: none;">combo</td><td style="display: none;"></td><td style="display: none;"></td><td style="display: none;"><a class="recipeLink" href="/recipe_ingredient_search_results.php?query=(_QU5E__1__________243__[]_1_1)">Recipes with pork chops, with bone</a></td></tr><tr role="row" class="even"><td tabindex="0"><i class="fa fa-thumbs-down"></i></td><td class=" not_printable"><div class="addToGL" data-soscuisine-aisle="6" data-soscuisine-sip="3945869"><i class="fa fa-cart-plus" title="Add to My Grocery List"></i><div></div></div></td><td><img class="storeItemImage" alt="pork, cottage roll" src="/media/images/store_item/blank.jpg"></td><td>pork, cottage roll</td><td class="not_printable sorting_1">meat &amp; poultry</td><td><img style="width:50%;" src="/media/images/logos/marchands/20.png" alt="Metro"></td><td><span itemprop="price">$3.99</span><span itemprop="eligibleQuantity" itemscope="" itemtype="http://schema.org/QuantitativeValue">/<span itemprop="unitText">lb</span></span></td><td>$8.80/kg</td><td style="display: none;">2020-02-26</td><td style="display: none;"></td><td style="display: none;">Fletcher's</td><td style="display: none;"></td><td style="display: none;"></td><td style="display: none;"></td><td style="display: none;"></td><td style="display: none;"></td><td style="display: none;"></td></tr><tr role="row" class="odd"><td tabindex="0"><i class="fas fa-hand-rock"></i></td><td class=" not_printable"><div class="addToGL" data-soscuisine-aisle="6" data-soscuisine-sip="3941443"><i class="fa fa-cart-plus" title="Add to My Grocery List"></i><div></div></div></td><td><img class="storeItemImage" itemprop="image" alt="pork, loin, boneless" src="/media/images/store_item/845.jpg"></td><td>pork, loin, boneless</td><td class="not_printable sorting_1">meat &amp; poultry</td><td><img style="width:50%;" src="/media/images/logos/marchands/19.png" alt="Loblaws"></td><td><span itemprop="price">$1.99</span><span itemprop="eligibleQuantity" itemscope="" itemtype="http://schema.org/QuantitativeValue">/<span itemprop="unitText">lb</span></span></td><td>$4.39/kg</td><td style="display: none;">2020-02-26</td><td style="display: none;"></td><td style="display: none;"></td><td style="display: none;"></td><td style="display: none;"></td><td style="display: none;"></td><td style="display: none;"></td><td style="display: none;">whole, cryovac pkg</td><td style="display: none;"><a class="recipeLink" href="/recipe_ingredient_search_results.php?query=(_QU5E__1__________845__[]_1_1)">Recipes with pork, loin, boneless</a></td></tr><tr role="row" class="even"><td tabindex="0"><i class="fa fa-thumbs-down"></i></td><td class=" not_printable"><div class="addToGL" data-soscuisine-aisle="6" data-soscuisine-sip="3941737"><i class="fa fa-cart-plus" title="Add to My Grocery List"></i><div></div></div></td><td><img class="storeItemImage" itemprop="image" alt="pork, roast, boneless" src="/media/images/store_item/359.jpg"></td><td>pork, roast, boneless</td><td class="not_printable sorting_1">meat &amp; poultry</td><td><img style="width:50%;" src="/media/images/logos/marchands/19.png" alt="Loblaws"></td><td><span itemprop="price">$4.99</span><span itemprop="eligibleQuantity" itemscope="" itemtype="http://schema.org/QuantitativeValue">/<span itemprop="unitText">lb</span></span></td><td>$11.00/kg</td><td style="display: none;">2020-02-26</td><td style="display: none;">Ontario</td><td style="display: none;">house brand</td><td style="display: none;"></td><td style="display: none;">loin</td><td style="display: none;">centre-cut</td><td style="display: none;"></td><td style="display: none;">Free From</td><td style="display: none;"><a class="recipeLink" href="/recipe_ingredient_search_results.php?query=(_QU5E__1__________359__[]_1_1)">Recipes with pork, roast, boneless</a></td></tr><tr role="row" class="odd"><td tabindex="0"><i class="fa fa-thumbs-up"></i><i class="fa fa-thumbs-up"></i></td><td class=" not_printable"><div class="addToGL" data-soscuisine-aisle="6" data-soscuisine-sip="3945687"><i class="fa fa-cart-plus" title="Add to My Grocery List"></i><div></div></div></td><td><img class="storeItemImage" itemprop="image" alt="pork, roast, boneless" src="/media/images/store_item/359.jpg"></td><td>pork, roast, boneless</td><td class="not_printable sorting_1">meat &amp; poultry</td><td><img style="width:50%;" src="/media/images/logos/marchands/20.png" alt="Metro"></td><td><span itemprop="price">$2.99</span><span itemprop="eligibleQuantity" itemscope="" itemtype="http://schema.org/QuantitativeValue">/<span itemprop="unitText">lb</span></span></td><td>$6.59/kg</td><td style="display: none;">2020-02-26</td><td style="display: none;"></td><td style="display: none;"></td><td style="display: none;"></td><td style="display: none;">loin</td><td style="display: none;">centre-cut</td><td style="display: none;">large pack</td><td style="display: none;"></td><td style="display: none;"><a class="recipeLink" href="/recipe_ingredient_search_results.php?query=(_QU5E__1__________359__[]_1_1)">Recipes with pork, roast, boneless</a></td></tr><tr role="row" class="even"><td tabindex="0"><i class="fa fa-thumbs-down"></i></td><td class=" not_printable"><div class="addToGL" data-soscuisine-aisle="6" data-soscuisine-sip="3942091"><i class="fa fa-cart-plus" title="Add to My Grocery List"></i><div></div></div></td><td><img class="storeItemImage" itemprop="image" alt="pork, shoulder roast" src="/media/images/store_item/547.jpg"></td><td>pork, shoulder roast</td><td class="not_printable sorting_1">meat &amp; poultry</td><td><img style="width:50%;" src="/media/images/logos/marchands/16.png" alt="Foodland"></td><td><span itemprop="price">$3.99</span><span itemprop="eligibleQuantity" itemscope="" itemtype="http://schema.org/QuantitativeValue">/<span itemprop="unitText">lb</span></span></td><td>$8.80/kg</td><td style="display: none;">2020-02-26</td><td style="display: none;"></td><td style="display: none;"></td><td style="display: none;"></td><td style="display: none;">blade</td><td style="display: none;"></td><td style="display: none;">boneless</td><td style="display: none;"></td><td style="display: none;"><a class="recipeLink" href="/recipe_ingredient_search_results.php?query=(_QU5E__1__________547__[]_1_1)">Recipes with pork, shoulder roast</a></td></tr><tr role="row" class="odd"><td tabindex="0"><i class="fa fa-thumbs-up"></i><i class="fa fa-thumbs-up"></i></td><td class=" not_printable"><div class="addToGL" data-soscuisine-aisle="6" data-soscuisine-sip="3945305"><i class="fa fa-cart-plus" title="Add to My Grocery List"></i><div></div></div></td><td><img class="storeItemImage" itemprop="image" alt="pork, shoulder roast" src="/media/images/store_item/547.jpg"></td><td>pork, shoulder roast</td><td class="not_printable sorting_1">meat &amp; poultry</td><td><img style="width:50%;" src="/media/images/logos/marchands/14.png" alt="No Frills"></td><td><span itemprop="price">$1.00</span><span itemprop="eligibleQuantity" itemscope="" itemtype="http://schema.org/QuantitativeValue">/<span itemprop="unitText">lb</span></span></td><td>$2.20/kg</td><td style="display: none;">2020-02-26</td><td style="display: none;"></td><td style="display: none;"></td><td style="display: none;"></td><td style="display: none;">picnic</td><td style="display: none;"></td><td style="display: none;"></td><td style="display: none;">cryovac</td><td style="display: none;"><a class="recipeLink" href="/recipe_ingredient_search_results.php?query=(_QU5E__1__________547__[]_1_1)">Recipes with pork, shoulder roast</a></td></tr><tr role="row" class="even"><td tabindex="0"><i class="fa fa-thumbs-down"></i></td><td class=" not_printable"><div class="addToGL" data-soscuisine-aisle="6" data-soscuisine-sip="3944783"><i class="fa fa-cart-plus" title="Add to My Grocery List"></i><div></div></div></td><td><img class="storeItemImage" itemprop="image" alt="pork, shoulder roast" src="/media/images/store_item/547.jpg"></td><td>pork, shoulder roast</td><td class="not_printable sorting_1">meat &amp; poultry</td><td><img style="width:50%;" src="/media/images/logos/marchands/52.png" alt="Real Canadian Superstore"></td><td><span itemprop="price">$4.48</span><span itemprop="eligibleQuantity" itemscope="" itemtype="http://schema.org/QuantitativeValue">/<span itemprop="unitText">lb</span></span></td><td>$9.88/kg</td><td style="display: none;">2020-02-26</td><td style="display: none;"></td><td style="display: none;">house brand</td><td style="display: none;"></td><td style="display: none;">picnic</td><td style="display: none;">antibiotic free</td><td style="display: none;">large pack</td><td style="display: none;">Free From</td><td style="display: none;"><a class="recipeLink" href="/recipe_ingredient_search_results.php?query=(_QU5E__1__________547__[]_1_1)">Recipes with pork, shoulder roast</a></td></tr><tr role="row" class="odd"><td tabindex="0"><i class="fas fa-hand-rock"></i></td><td class=" not_printable"><div class="addToGL" data-soscuisine-aisle="6" data-soscuisine-sip="3945635"><i class="fa fa-cart-plus" title="Add to My Grocery List"></i><div></div></div></td><td><img class="storeItemImage" itemprop="image" alt="pork, smoked ham" src="/media/images/store_item/669.jpg"></td><td>pork, smoked ham</td><td class="not_printable sorting_1">meat &amp; poultry</td><td><img style="width:50%;" src="/media/images/logos/marchands/18.png" alt="Food Basics"></td><td><span itemprop="price">$7.00</span><span itemprop="eligibleQuantity" itemscope="" itemtype="http://schema.org/QuantitativeValue">/<span itemprop="unitText">675g</span></span></td><td>$10.37/kg</td><td style="display: none;">2020-02-26</td><td style="display: none;"></td><td style="display: none;">Le Petit Charcutier</td><td style="display: none;">half</td><td style="display: none;">old style</td><td style="display: none;"></td><td style="display: none;">boneless</td><td style="display: none;"></td><td style="display: none;"><a class="recipeLink" href="/recipe_ingredient_search_results.php?query=(_QU5E__1__________669__[]_1_1)">Recipes with pork, smoked ham</a></td></tr><tr role="row" class="even"><td tabindex="0"><i class="fa fa-thumbs-down"></i></td><td class=" not_printable"><div class="addToGL" data-soscuisine-aisle="6" data-soscuisine-sip="3942215"><i class="fa fa-cart-plus" title="Add to My Grocery List"></i><div></div></div></td><td><img class="storeItemImage" itemprop="image" alt="pork, smoked ham" src="/media/images/store_item/669.jpg"></td><td>pork, smoked ham</td><td class="not_printable sorting_1">meat &amp; poultry</td><td><img style="width:50%;" src="/media/images/logos/marchands/16.png" alt="Foodland"></td><td><span itemprop="price">$11.99</span><span itemprop="eligibleQuantity" itemscope="" itemtype="http://schema.org/QuantitativeValue">/<span itemprop="unitText">600g</span></span></td><td>$19.98/kg</td><td style="display: none;">2020-02-26</td><td style="display: none;"></td><td style="display: none;">Schneiders</td><td style="display: none;"></td><td style="display: none;"></td><td style="display: none;"></td><td style="display: none;"></td><td style="display: none;">or Maple Leaf</td><td style="display: none;"><a class="recipeLink" href="/recipe_ingredient_search_results.php?query=(_QU5E__1__________669__[]_1_1)">Recipes with pork, smoked ham</a></td></tr><tr role="row" class="odd"><td tabindex="0"><i class="fa fa-thumbs-up"></i><i class="fa fa-thumbs-up"></i></td><td class=" not_printable"><div class="addToGL" data-soscuisine-aisle="6" data-soscuisine-sip="3944193"><i class="fa fa-cart-plus" title="Add to My Grocery List"></i><div></div></div></td><td><img class="storeItemImage" itemprop="image" alt="pork, smoked ham" src="/media/images/store_item/669.jpg"></td><td>pork, smoked ham</td><td class="not_printable sorting_1">meat &amp; poultry</td><td><img style="width:50%;" src="/media/images/logos/marchands/70.png" alt="FreshCo"></td><td><span itemprop="price">$1.50</span><span itemprop="eligibleQuantity" itemscope="" itemtype="http://schema.org/QuantitativeValue">/<span itemprop="unitText">lb</span></span></td><td>$3.31/kg</td><td style="display: none;">2020-02-26</td><td style="display: none;"></td><td style="display: none;">house brand</td><td style="display: none;"></td><td style="display: none;"></td><td style="display: none;"></td><td style="display: none;"></td><td style="display: none;"></td><td style="display: none;"><a class="recipeLink" href="/recipe_ingredient_search_results.php?query=(_QU5E__1__________669__[]_1_1)">Recipes with pork, smoked ham</a></td></tr><tr role="row" class="even"><td tabindex="0"><i class="fa fa-thumbs-down"></i></td><td class=" not_printable"><div class="addToGL" data-soscuisine-aisle="6" data-soscuisine-sip="3944277"><i class="fa fa-cart-plus" title="Add to My Grocery List"></i><div></div></div></td><td><img class="storeItemImage" itemprop="image" alt="pork, smoked ham" src="/media/images/store_item/669.jpg"></td><td>pork, smoked ham</td><td class="not_printable sorting_1">meat &amp; poultry</td><td><img style="width:50%;" src="/media/images/logos/marchands/70.png" alt="FreshCo"></td><td><span itemprop="price">$3.00</span><span itemprop="eligibleQuantity" itemscope="" itemtype="http://schema.org/QuantitativeValue">/<span itemprop="unitText">175g</span></span></td><td>$17.14/kg</td><td style="display: none;">2020-02-26</td><td style="display: none;"></td><td style="display: none;"></td><td style="display: none;"></td><td style="display: none;"></td><td style="display: none;"></td><td style="display: none;">steak, bone-in</td><td style="display: none;"></td><td style="display: none;"><a class="recipeLink" href="/recipe_ingredient_search_results.php?query=(_QU5E__1__________669__[]_1_1)">Recipes with pork, smoked ham</a></td></tr><tr role="row" class="odd"><td tabindex="0"><i class="fa fa-thumbs-down"></i></td><td class=" not_printable"><div class="addToGL" data-soscuisine-aisle="6" data-soscuisine-sip="3944505"><i class="fa fa-cart-plus" title="Add to My Grocery List"></i><div></div></div></td><td><img class="storeItemImage" itemprop="image" alt="pork, smoked ham" src="/media/images/store_item/669.jpg"></td><td>pork, smoked ham</td><td class="not_printable sorting_1">meat &amp; poultry</td><td><img style="width:50%;" src="/media/images/logos/marchands/17.png" alt="Price Chopper"></td><td><span itemprop="price">$3.00</span><span itemprop="eligibleQuantity" itemscope="" itemtype="http://schema.org/QuantitativeValue">/<span itemprop="unitText">175g</span></span></td><td>$17.14/kg</td><td style="display: none;">2020-02-26</td><td style="display: none;"></td><td style="display: none;"></td><td style="display: none;"></td><td style="display: none;"></td><td style="display: none;"></td><td style="display: none;">steak, bone-in</td><td style="display: none;"></td><td style="display: none;"><a class="recipeLink" href="/recipe_ingredient_search_results.php?query=(_QU5E__1__________669__[]_1_1)">Recipes with pork, smoked ham</a></td></tr><tr role="row" class="even"><td tabindex="0"><i class="fa fa-thumbs-down"></i></td><td class=" not_printable"><div class="addToGL" data-soscuisine-aisle="6" data-soscuisine-sip="3943505"><i class="fa fa-cart-plus" title="Add to My Grocery List"></i><div></div></div></td><td><img class="storeItemImage" itemprop="image" alt="pork, smoked ham" src="/media/images/store_item/669.jpg"></td><td>pork, smoked ham</td><td class="not_printable sorting_1">meat &amp; poultry</td><td><img style="width:50%;" src="/media/images/logos/marchands/15.png" alt="Sobeys"></td><td><span itemprop="price">$9.99</span><span itemprop="eligibleQuantity" itemscope="" itemtype="http://schema.org/QuantitativeValue">/<span itemprop="unitText">700g</span></span></td><td>$14.27/kg</td><td style="display: none;">2020-02-26</td><td style="display: none;"></td><td style="display: none;">Maple Leaf</td><td style="display: none;"></td><td style="display: none;"></td><td style="display: none;"></td><td style="display: none;"></td><td style="display: none;"></td><td style="display: none;"><a class="recipeLink" href="/recipe_ingredient_search_results.php?query=(_QU5E__1__________669__[]_1_1)">Recipes with pork, smoked ham</a></td></tr><tr role="row" class="odd"><td tabindex="0"><i class="fa fa-thumbs-down"></i></td><td class=" not_printable"><div class="addToGL" data-soscuisine-aisle="6" data-soscuisine-sip="3945643"><i class="fa fa-cart-plus" title="Add to My Grocery List"></i><div></div></div></td><td><img class="storeItemImage" itemprop="image" alt="pork, spareribs" src="/media/images/store_item/253.jpg"></td><td>pork, spareribs</td><td class="not_printable sorting_1">meat &amp; poultry</td><td><img style="width:50%;" src="/media/images/logos/marchands/18.png" alt="Food Basics"></td><td><span itemprop="price">$5.88</span><span itemprop="eligibleQuantity" itemscope="" itemtype="http://schema.org/QuantitativeValue">/<span itemprop="unitText">lb</span></span></td><td>$12.96/kg</td><td style="display: none;">2020-02-26</td><td style="display: none;"></td><td style="display: none;"></td><td style="display: none;"></td><td style="display: none;">back</td><td style="display: none;"></td><td style="display: none;">fresh</td><td style="display: none;"></td><td style="display: none;"><a class="recipeLink" href="/recipe_ingredient_search_results.php?query=(_QU5E__1__________253__[]_1_1)">Recipes with pork, spareribs</a></td></tr><tr role="row" class="even"><td tabindex="0"><i class="fas fa-hand-rock"></i></td><td class=" not_printable"><div class="addToGL" data-soscuisine-aisle="6" data-soscuisine-sip="3945841"><i class="fa fa-cart-plus" title="Add to My Grocery List"></i><div></div></div></td><td><img class="storeItemImage" itemprop="image" alt="pork, spareribs" src="/media/images/store_item/253.jpg"></td><td>pork, spareribs</td><td class="not_printable sorting_1">meat &amp; poultry</td><td><img style="width:50%;" src="/media/images/logos/marchands/20.png" alt="Metro"></td><td><span itemprop="price">$4.99</span><span itemprop="eligibleQuantity" itemscope="" itemtype="http://schema.org/QuantitativeValue">/<span itemprop="unitText">lb</span></span></td><td>$11.00/kg</td><td style="display: none;">2020-02-26</td><td style="display: none;"></td><td style="display: none;"></td><td style="display: none;"></td><td style="display: none;">side</td><td style="display: none;"></td><td style="display: none;">fresh</td><td style="display: none;"></td><td style="display: none;"><a class="recipeLink" href="/recipe_ingredient_search_results.php?query=(_QU5E__1__________253__[]_1_1)">Recipes with pork, spareribs</a></td></tr><tr role="row" class="odd"><td tabindex="0"><i class="fa fa-thumbs-down"></i></td><td class=" not_printable"><div class="addToGL" data-soscuisine-aisle="6" data-soscuisine-sip="3944787"><i class="fa fa-cart-plus" title="Add to My Grocery List"></i><div></div></div></td><td><img class="storeItemImage" alt="pork, steaks" src="/media/images/store_item/blank.jpg"></td><td>pork, steaks</td><td class="not_printable sorting_1">meat &amp; poultry</td><td><img style="width:50%;" src="/media/images/logos/marchands/52.png" alt="Real Canadian Superstore"></td><td><span itemprop="price">$4.48</span><span itemprop="eligibleQuantity" itemscope="" itemtype="http://schema.org/QuantitativeValue">/<span itemprop="unitText">lb</span></span></td><td>$9.88/kg</td><td style="display: none;">2020-02-26</td><td style="display: none;"></td><td style="display: none;">house brand</td><td style="display: none;"></td><td style="display: none;">blade</td><td style="display: none;">antibiotic free</td><td style="display: none;"></td><td style="display: none;">Free From</td><td style="display: none;"><a class="recipeLink" href="/recipe_ingredient_search_results.php?query=(_QU5E__1__________777__[]_1_1)">Recipes with pork, steaks</a></td></tr><tr role="row" class="even"><td tabindex="0"><i class="fas fa-hand-rock"></i></td><td class=" not_printable"><div class="addToGL" data-soscuisine-aisle="6" data-soscuisine-sip="3944899"><i class="fa fa-cart-plus" title="Add to My Grocery List"></i><div></div></div></td><td><img class="storeItemImage" itemprop="image" alt="pork, tenderloins" src="/media/images/store_item/255.jpg"></td><td>pork, tenderloins</td><td class="not_printable sorting_1">meat &amp; poultry</td><td><img style="width:50%;" src="/media/images/logos/marchands/38.png" alt="Farm Boy"></td><td><span itemprop="price">$4.99</span><span itemprop="eligibleQuantity" itemscope="" itemtype="http://schema.org/QuantitativeValue">/<span itemprop="unitText">lb</span></span></td><td>$11.00/kg</td><td style="display: none;">2020-02-26</td><td style="display: none;">Ontario</td><td style="display: none;"></td><td style="display: none;"></td><td style="display: none;"></td><td style="display: none;"></td><td style="display: none;">fresh</td><td style="display: none;"></td><td style="display: none;"><a class="recipeLink" href="/recipe_ingredient_search_results.php?query=(_QU5E__1__________255__[]_1_1)">Recipes with pork, tenderloins</a></td></tr><tr role="row" class="odd"><td tabindex="0"><i class="fas fa-hand-rock"></i></td><td class=" not_printable"><div class="addToGL" data-soscuisine-aisle="6" data-soscuisine-sip="3943485"><i class="fa fa-cart-plus" title="Add to My Grocery List"></i><div></div></div></td><td><img class="storeItemImage" itemprop="image" alt="pork, tenderloins" src="/media/images/store_item/255.jpg"></td><td>pork, tenderloins</td><td class="not_printable sorting_1">meat &amp; poultry</td><td><img style="width:50%;" src="/media/images/logos/marchands/15.png" alt="Sobeys"></td><td><span itemprop="price">$4.99</span><span itemprop="eligibleQuantity" itemscope="" itemtype="http://schema.org/QuantitativeValue">/<span itemprop="unitText">lb</span></span></td><td>$11.00/kg</td><td style="display: none;">2020-02-26</td><td style="display: none;"></td><td style="display: none;"></td><td style="display: none;"></td><td style="display: none;"></td><td style="display: none;"></td><td style="display: none;">fresh</td><td style="display: none;"></td><td style="display: none;"><a class="recipeLink" href="/recipe_ingredient_search_results.php?query=(_QU5E__1__________255__[]_1_1)">Recipes with pork, tenderloins</a></td></tr><tr role="row" class="even"><td tabindex="0"><i class="fas fa-hand-rock"></i></td><td class=" not_printable"><div class="addToGL" data-soscuisine-aisle="6" data-soscuisine-sip="3944891"><i class="fa fa-cart-plus" title="Add to My Grocery List"></i><div></div></div></td><td><img class="storeItemImage" itemprop="image" alt="sausages" src="/media/images/store_item/269.jpg"></td><td>sausages</td><td class="not_printable sorting_1">meat &amp; poultry</td><td><img style="width:50%;" src="/media/images/logos/marchands/38.png" alt="Farm Boy"></td><td><span itemprop="price">$4.99</span><span itemprop="eligibleQuantity" itemscope="" itemtype="http://schema.org/QuantitativeValue">/<span itemprop="unitText">lb</span></span></td><td>$11.00/kg</td><td style="display: none;">2020-02-26</td><td style="display: none;">Ontario</td><td style="display: none;">house brand</td><td style="display: none;"></td><td style="display: none;"></td><td style="display: none;"></td><td style="display: none;">fresh</td><td style="display: none;"></td><td style="display: none;"><a class="recipeLink" href="/recipe_ingredient_search_results.php?query=(_QU5E__1__________269__[]_1_1)">Recipes with sausages</a></td></tr><tr role="row" class="odd"><td tabindex="0"><i class="fa fa-thumbs-down"></i></td><td class=" not_printable"><div class="addToGL" data-soscuisine-aisle="6" data-soscuisine-sip="3945613"><i class="fa fa-cart-plus" title="Add to My Grocery List"></i><div></div></div></td><td><img class="storeItemImage" itemprop="image" alt="sausages" src="/media/images/store_item/269.jpg"></td><td>sausages</td><td class="not_printable sorting_1">meat &amp; poultry</td><td><img style="width:50%;" src="/media/images/logos/marchands/18.png" alt="Food Basics"></td><td><span itemprop="price">$4.99</span><span itemprop="eligibleQuantity" itemscope="" itemtype="http://schema.org/QuantitativeValue">/<span itemprop="unitText">4-pack</span></span></td><td>$16.63/kg</td><td style="display: none;">2020-02-26</td><td style="display: none;"></td><td style="display: none;"></td><td style="display: none;">standard</td><td style="display: none;">Italian, mild or hot</td><td style="display: none;"></td><td style="display: none;"></td><td style="display: none;"></td><td style="display: none;"><a class="recipeLink" href="/recipe_ingredient_search_results.php?query=(_QU5E__1__________269__[]_1_1)">Recipes with sausages</a></td></tr><tr role="row" class="even"><td tabindex="0"><i class="fas fa-hand-rock"></i></td><td class=" not_printable"><div class="addToGL" data-soscuisine-aisle="6" data-soscuisine-sip="3944265"><i class="fa fa-cart-plus" title="Add to My Grocery List"></i><div></div></div></td><td><img class="storeItemImage" itemprop="image" alt="sausages" src="/media/images/store_item/269.jpg"></td><td>sausages</td><td class="not_printable sorting_1">meat &amp; poultry</td><td><img style="width:50%;" src="/media/images/logos/marchands/70.png" alt="FreshCo"></td><td><span itemprop="price">$4.00</span><span itemprop="eligibleQuantity" itemscope="" itemtype="http://schema.org/QuantitativeValue">/<span itemprop="unitText">lb</span></span></td><td>$8.82/kg</td><td style="display: none;">2020-02-26</td><td style="display: none;"></td><td style="display: none;"></td><td style="display: none;"></td><td style="display: none;">pork</td><td style="display: none;"></td><td style="display: none;">fresh</td><td style="display: none;"></td><td style="display: none;"><a class="recipeLink" href="/recipe_ingredient_search_results.php?query=(_QU5E__1__________269__[]_1_1)">Recipes with sausages</a></td></tr><tr role="row" class="odd"><td tabindex="0"><i class="fas fa-hand-rock"></i></td><td class=" not_printable"><div class="addToGL" data-soscuisine-aisle="6" data-soscuisine-sip="3944499"><i class="fa fa-cart-plus" title="Add to My Grocery List"></i><div></div></div></td><td><img class="storeItemImage" itemprop="image" alt="sausages" src="/media/images/store_item/269.jpg"></td><td>sausages</td><td class="not_printable sorting_1">meat &amp; poultry</td><td><img style="width:50%;" src="/media/images/logos/marchands/17.png" alt="Price Chopper"></td><td><span itemprop="price">$4.00</span><span itemprop="eligibleQuantity" itemscope="" itemtype="http://schema.org/QuantitativeValue">/<span itemprop="unitText">lb</span></span></td><td>$8.82/kg</td><td style="display: none;">2020-02-26</td><td style="display: none;"></td><td style="display: none;"></td><td style="display: none;"></td><td style="display: none;">pork</td><td style="display: none;"></td><td style="display: none;">fresh</td><td style="display: none;"></td><td style="display: none;"><a class="recipeLink" href="/recipe_ingredient_search_results.php?query=(_QU5E__1__________269__[]_1_1)">Recipes with sausages</a></td></tr><tr role="row" class="even"><td tabindex="0"><i class="fa fa-thumbs-down"></i></td><td class=" not_printable"><div class="addToGL" data-soscuisine-aisle="6" data-soscuisine-sip="3944749"><i class="fa fa-cart-plus" title="Add to My Grocery List"></i><div></div></div></td><td><img class="storeItemImage" itemprop="image" alt="sausages" src="/media/images/store_item/269.jpg"></td><td>sausages</td><td class="not_printable sorting_1">meat &amp; poultry</td><td><img style="width:50%;" src="/media/images/logos/marchands/52.png" alt="Real Canadian Superstore"></td><td><span itemprop="price">$4.48</span><span itemprop="eligibleQuantity" itemscope="" itemtype="http://schema.org/QuantitativeValue">/<span itemprop="unitText">375g</span></span></td><td>$11.95/kg</td><td style="display: none;">2020-02-26</td><td style="display: none;"></td><td style="display: none;">Marc Angelo</td><td style="display: none;"></td><td style="display: none;">gluten-free</td><td style="display: none;"></td><td style="display: none;"></td><td style="display: none;"></td><td style="display: none;"><a class="recipeLink" href="/recipe_ingredient_search_results.php?query=(_QU5E__1__________269__[]_1_1)">Recipes with sausages</a></td></tr><tr role="row" class="odd"><td tabindex="0"><i class="fas fa-hand-rock"></i></td><td class=" not_printable"><div class="addToGL" data-soscuisine-aisle="6" data-soscuisine-sip="3941325"><i class="fa fa-cart-plus" title="Add to My Grocery List"></i><div></div></div></td><td><img class="storeItemImage" itemprop="image" alt="sausages" src="/media/images/store_item/269.jpg"></td><td>sausages</td><td class="not_printable sorting_1">meat &amp; poultry</td><td><img style="width:50%;" src="/media/images/logos/marchands/74.png" alt="Walmart"></td><td><span itemprop="price">$8.00</span><span itemprop="eligibleQuantity" itemscope="" itemtype="http://schema.org/QuantitativeValue">/<span itemprop="value">2</span>x<span itemprop="unitText">375g</span></span></td><td>$10.67/kg</td><td style="display: none;">2020-02-26</td><td style="display: none;"></td><td style="display: none;">Maple Leaf</td><td style="display: none;"></td><td style="display: none;"></td><td style="display: none;"></td><td style="display: none;">fresh</td><td style="display: none;">supercentres only</td><td style="display: none;"><a class="recipeLink" href="/recipe_ingredient_search_results.php?query=(_QU5E__1__________269__[]_1_1)">Recipes with sausages</a></td></tr><tr role="row" class="even"><td tabindex="0"><i class="fa fa-thumbs-down"></i></td><td class=" not_printable"><div class="addToGL" data-soscuisine-aisle="6" data-soscuisine-sip="3941323"><i class="fa fa-cart-plus" title="Add to My Grocery List"></i><div></div></div></td><td><img class="storeItemImage" itemprop="image" alt="sausages" src="/media/images/store_item/269.jpg"></td><td>sausages</td><td class="not_printable sorting_1">meat &amp; poultry</td><td><img style="width:50%;" src="/media/images/logos/marchands/74.png" alt="Walmart"></td><td><span itemprop="price">$4.97</span><span itemprop="eligibleQuantity" itemscope="" itemtype="http://schema.org/QuantitativeValue">/<span itemprop="unitText">375g</span></span></td><td>$13.25/kg</td><td style="display: none;">2020-02-26</td><td style="display: none;"></td><td style="display: none;">Maple Leaf</td><td style="display: none;"></td><td style="display: none;"></td><td style="display: none;"></td><td style="display: none;">fresh</td><td style="display: none;">supercentres only</td><td style="display: none;"><a class="recipeLink" href="/recipe_ingredient_search_results.php?query=(_QU5E__1__________269__[]_1_1)">Recipes with sausages</a></td></tr><tr role="row" class="odd"><td tabindex="0"><i class="fas fa-hand-rock"></i></td><td class=" not_printable"><div class="addToGL" data-soscuisine-aisle="6" data-soscuisine-sip="3943405"><i class="fa fa-cart-plus" title="Add to My Grocery List"></i><div></div></div></td><td><img class="storeItemImage" itemprop="image" alt="sausages" src="/media/images/store_item/269.jpg"></td><td>sausages</td><td class="not_printable sorting_1">meat &amp; poultry</td><td><img style="width:50%;" src="/media/images/logos/marchands/39.png" alt="Your Independent Grocer"></td><td><span itemprop="price">$10.00</span><span itemprop="eligibleQuantity" itemscope="" itemtype="http://schema.org/QuantitativeValue">/<span itemprop="value">2</span>x<span itemprop="unitText">500g</span></span></td><td>$10.00/kg</td><td style="display: none;">2020-02-26</td><td style="display: none;"></td><td style="display: none;">house brand</td><td style="display: none;"></td><td style="display: none;"></td><td style="display: none;">antibiotic free</td><td style="display: none;"></td><td style="display: none;">Free From</td><td style="display: none;"><a class="recipeLink" href="/recipe_ingredient_search_results.php?query=(_QU5E__1__________269__[]_1_1)">Recipes with sausages</a></td></tr><tr role="row" class="even"><td tabindex="0"><i class="fa fa-thumbs-down"></i></td><td class=" not_printable"><div class="addToGL" data-soscuisine-aisle="6" data-soscuisine-sip="3943401"><i class="fa fa-cart-plus" title="Add to My Grocery List"></i><div></div></div></td><td><img class="storeItemImage" itemprop="image" alt="sausages" src="/media/images/store_item/269.jpg"></td><td>sausages</td><td class="not_printable sorting_1">meat &amp; poultry</td><td><img style="width:50%;" src="/media/images/logos/marchands/39.png" alt="Your Independent Grocer"></td><td><span itemprop="price">$5.99</span><span itemprop="eligibleQuantity" itemscope="" itemtype="http://schema.org/QuantitativeValue">/<span itemprop="unitText">500g</span></span></td><td>$11.98/kg</td><td style="display: none;">2020-02-26</td><td style="display: none;"></td><td style="display: none;">house brand</td><td style="display: none;"></td><td style="display: none;"></td><td style="display: none;">antibiotic free</td><td style="display: none;"></td><td style="display: none;">Free From</td><td style="display: none;"><a class="recipeLink" href="/recipe_ingredient_search_results.php?query=(_QU5E__1__________269__[]_1_1)">Recipes with sausages</a></td></tr><tr role="row" class="odd"><td tabindex="0"><i class="fa fa-thumbs-up"></i><i class="fa fa-thumbs-up"></i></td><td class=" not_printable"><div class="addToGL" data-soscuisine-aisle="6" data-soscuisine-sip="3945469"><i class="fa fa-cart-plus" title="Add to My Grocery List"></i><div></div></div></td><td><img class="storeItemImage" itemprop="image" alt="turkey, ground" src="/media/images/store_item/514.jpg"></td><td>turkey, ground</td><td class="not_printable sorting_1">meat &amp; poultry</td><td><img style="width:50%;" src="/media/images/logos/marchands/18.png" alt="Food Basics"></td><td><span itemprop="price">$2.88</span><span itemprop="eligibleQuantity" itemscope="" itemtype="http://schema.org/QuantitativeValue">/<span itemprop="unitText">450g</span></span></td><td>$6.40/kg</td><td style="display: none;">2020-02-26</td><td style="display: none;"></td><td style="display: none;">house brand</td><td style="display: none;"></td><td style="display: none;"></td><td style="display: none;">extra-lean</td><td style="display: none;"></td><td style="display: none;"></td><td style="display: none;"><a class="recipeLink" href="/recipe_ingredient_search_results.php?query=(_QU5E__1__________514__[]_1_1)">Recipes with turkey, ground</a></td></tr><tr role="row" class="even"><td tabindex="0"><i class="fa fa-thumbs-down"></i></td><td class=" not_printable"><div class="addToGL" data-soscuisine-aisle="6" data-soscuisine-sip="3941321"><i class="fa fa-cart-plus" title="Add to My Grocery List"></i><div></div></div></td><td><img class="storeItemImage" itemprop="image" alt="turkey, ground" src="/media/images/store_item/514.jpg"></td><td>turkey, ground</td><td class="not_printable sorting_1">meat &amp; poultry</td><td><img style="width:50%;" src="/media/images/logos/marchands/74.png" alt="Walmart"></td><td><span itemprop="price">$12.00</span><span itemprop="eligibleQuantity" itemscope="" itemtype="http://schema.org/QuantitativeValue">/<span itemprop="value">2</span>x<span itemprop="unitText">454g (1lb)</span></span></td><td>$13.23/kg</td><td style="display: none;">2020-02-26</td><td style="display: none;"></td><td style="display: none;">Prime (Maple Leaf)</td><td style="display: none;"></td><td style="display: none;"></td><td style="display: none;">extra-lean</td><td style="display: none;"></td><td style="display: none;">supercentres only</td><td style="display: none;"><a class="recipeLink" href="/recipe_ingredient_search_results.php?query=(_QU5E__1__________514__[]_1_1)">Recipes with turkey, ground</a></td></tr><tr role="row" class="odd"><td tabindex="0"><i class="fa fa-thumbs-down"></i></td><td class=" not_printable"><div class="addToGL" data-soscuisine-aisle="6" data-soscuisine-sip="3941319"><i class="fa fa-cart-plus" title="Add to My Grocery List"></i><div></div></div></td><td><img class="storeItemImage" itemprop="image" alt="turkey, ground" src="/media/images/store_item/514.jpg"></td><td>turkey, ground</td><td class="not_printable sorting_1">meat &amp; poultry</td><td><img style="width:50%;" src="/media/images/logos/marchands/74.png" alt="Walmart"></td><td><span itemprop="price">$6.97</span><span itemprop="eligibleQuantity" itemscope="" itemtype="http://schema.org/QuantitativeValue">/<span itemprop="unitText">454g (1lb)</span></span></td><td>$15.37/kg</td><td style="display: none;">2020-02-26</td><td style="display: none;"></td><td style="display: none;">Prime (Maple Leaf)</td><td style="display: none;"></td><td style="display: none;"></td><td style="display: none;">extra-lean</td><td style="display: none;"></td><td style="display: none;">supercentres only</td><td style="display: none;"><a class="recipeLink" href="/recipe_ingredient_search_results.php?query=(_QU5E__1__________514__[]_1_1)">Recipes with turkey, ground</a></td></tr><tr role="row" class="even"><td tabindex="0"><i class="fa fa-thumbs-up"></i><i class="fa fa-thumbs-up"></i></td><td class=" not_printable"><div class="addToGL" data-soscuisine-aisle="6" data-soscuisine-sip="3945825"><i class="fa fa-cart-plus" title="Add to My Grocery List"></i><div></div></div></td><td><img class="storeItemImage" itemprop="image" alt="veal chops" src="/media/images/store_item/566.jpg"></td><td>veal chops</td><td class="not_printable sorting_1">meat &amp; poultry</td><td><img style="width:50%;" src="/media/images/logos/marchands/20.png" alt="Metro"></td><td><span itemprop="price">$5.44</span><span itemprop="eligibleQuantity" itemscope="" itemtype="http://schema.org/QuantitativeValue">/<span itemprop="unitText">lb</span></span></td><td>$11.99/kg</td><td style="display: none;">2020-02-26</td><td style="display: none;"></td><td style="display: none;"></td><td style="display: none;"></td><td style="display: none;">shoulder</td><td style="display: none;">milk-fed</td><td style="display: none;"></td><td style="display: none;"></td><td style="display: none;"><a class="recipeLink" href="/recipe_ingredient_search_results.php?query=(_QU5E__1__________566__[]_1_1)">Recipes with veal chops</a></td></tr><tr role="row" class="odd"><td tabindex="0"><i class="fa fa-thumbs-down"></i></td><td class=" not_printable"><div class="addToGL" data-soscuisine-aisle="6" data-soscuisine-sip="3945823"><i class="fa fa-cart-plus" title="Add to My Grocery List"></i><div></div></div></td><td><img class="storeItemImage" itemprop="image" alt="veal chops" src="/media/images/store_item/566.jpg"></td><td>veal chops</td><td class="not_printable sorting_1">meat &amp; poultry</td><td><img style="width:50%;" src="/media/images/logos/marchands/20.png" alt="Metro"></td><td><span itemprop="price">$12.99</span><span itemprop="eligibleQuantity" itemscope="" itemtype="http://schema.org/QuantitativeValue">/<span itemprop="unitText">lb</span></span></td><td>$28.64/kg</td><td style="display: none;">2020-02-26</td><td style="display: none;"></td><td style="display: none;"></td><td style="display: none;"></td><td style="display: none;">loin</td><td style="display: none;">milk-fed</td><td style="display: none;"></td><td style="display: none;"></td><td style="display: none;"><a class="recipeLink" href="/recipe_ingredient_search_results.php?query=(_QU5E__1__________566__[]_1_1)">Recipes with veal chops</a></td></tr><tr role="row" class="even"><td tabindex="0"><i class="fas fa-exclamation"></i></td><td class=" not_printable"><div class="addToGL" data-soscuisine-aisle="6" data-soscuisine-sip="3945829"><i class="fa fa-cart-plus" title="Add to My Grocery List"></i><div></div></div></td><td><img class="storeItemImage" alt="veal cubes for stewing" src="/media/images/store_item/blank.jpg"></td><td>veal cubes for stewing</td><td class="not_printable sorting_1">meat &amp; poultry</td><td><img style="width:50%;" src="/media/images/logos/marchands/20.png" alt="Metro"></td><td><span itemprop="price">$5.99</span><span itemprop="eligibleQuantity" itemscope="" itemtype="http://schema.org/QuantitativeValue">/<span itemprop="unitText">lb</span></span></td><td>$13.21/kg</td><td style="display: none;">2020-02-26</td><td style="display: none;"></td><td style="display: none;"></td><td style="display: none;"></td><td style="display: none;"></td><td style="display: none;">milk-fed</td><td style="display: none;">boneless</td><td style="display: none;"></td><td style="display: none;"><a class="recipeLink" href="/recipe_ingredient_search_results.php?query=(_QU5E__1__________549__[]_1_1)">Recipes with veal cubes for stewing</a></td></tr><tr role="row" class="odd"><td tabindex="0"><i class="fa fa-thumbs-down"></i></td><td class=" not_printable"><div class="addToGL" data-soscuisine-aisle="6" data-soscuisine-sip="3945819"><i class="fa fa-cart-plus" title="Add to My Grocery List"></i><div></div></div></td><td><img class="storeItemImage" itemprop="image" alt="veal, cutlet/scaloppini" src="/media/images/store_item/233.jpg"></td><td>veal, cutlet/scaloppini</td><td class="not_printable sorting_1">meat &amp; poultry</td><td><img style="width:50%;" src="/media/images/logos/marchands/20.png" alt="Metro"></td><td><span itemprop="price">$14.99</span><span itemprop="eligibleQuantity" itemscope="" itemtype="http://schema.org/QuantitativeValue">/<span itemprop="unitText">lb</span></span></td><td>$33.05/kg</td><td style="display: none;">2020-02-26</td><td style="display: none;"></td><td style="display: none;"></td><td style="display: none;"></td><td style="display: none;"></td><td style="display: none;">milk-fed</td><td style="display: none;"></td><td style="display: none;"></td><td style="display: none;"><a class="recipeLink" href="/recipe_ingredient_search_results.php?query=(_QU5E__1__________233__[]_1_1)">Recipes with veal, cutlet/scaloppini</a></td></tr><tr role="row" class="even"><td tabindex="0"><i class="fa fa-thumbs-up"></i></td><td class=" not_printable"><div class="addToGL" data-soscuisine-aisle="6" data-soscuisine-sip="3943487"><i class="fa fa-cart-plus" title="Add to My Grocery List"></i><div></div></div></td><td><img class="storeItemImage" itemprop="image" alt="veal, cutlet/scaloppini" src="/media/images/store_item/233.jpg"></td><td>veal, cutlet/scaloppini</td><td class="not_printable sorting_1">meat &amp; poultry</td><td><img style="width:50%;" src="/media/images/logos/marchands/15.png" alt="Sobeys"></td><td><span itemprop="price">$8.99</span><span itemprop="eligibleQuantity" itemscope="" itemtype="http://schema.org/QuantitativeValue">/<span itemprop="unitText">lb</span></span></td><td>$19.82/kg</td><td style="display: none;">2020-02-26</td><td style="display: none;"></td><td style="display: none;"></td><td style="display: none;"></td><td style="display: none;"></td><td style="display: none;"></td><td style="display: none;"></td><td style="display: none;"></td><td style="display: none;"><a class="recipeLink" href="/recipe_ingredient_search_results.php?query=(_QU5E__1__________233__[]_1_1)">Recipes with veal, cutlet/scaloppini</a></td></tr><tr role="row" class="odd"><td tabindex="0"><i class="fa fa-thumbs-down"></i></td><td class=" not_printable"><div class="addToGL" data-soscuisine-aisle="6" data-soscuisine-sip="3945815"><i class="fa fa-cart-plus" title="Add to My Grocery List"></i><div></div></div></td><td><img class="storeItemImage" itemprop="image" alt="veal, ground" src="/media/images/store_item/636.jpg"></td><td>veal, ground</td><td class="not_printable sorting_1">meat &amp; poultry</td><td><img style="width:50%;" src="/media/images/logos/marchands/20.png" alt="Metro"></td><td><span itemprop="price">$5.99</span><span itemprop="eligibleQuantity" itemscope="" itemtype="http://schema.org/QuantitativeValue">/<span itemprop="unitText">lb</span></span></td><td>$13.21/kg</td><td style="display: none;">2020-02-26</td><td style="display: none;"></td><td style="display: none;"></td><td style="display: none;"></td><td style="display: none;">lean</td><td style="display: none;">milk-fed</td><td style="display: none;"></td><td style="display: none;"></td><td style="display: none;"><a class="recipeLink" href="/recipe_ingredient_search_results.php?query=(_QU5E__1__________636__[]_1_1)">Recipes with veal, ground</a></td></tr><tr role="row" class="even"><td tabindex="0"><i class="fas fa-exclamation"></i></td><td class=" not_printable"><div class="addToGL" data-soscuisine-aisle="7" data-soscuisine-sip="3944917"><i class="fa fa-cart-plus" title="Add to My Grocery List"></i><div></div></div></td><td><img class="storeItemImage" itemprop="image" alt="arctic char /brook trout fillets" src="/media/images/store_item/615.jpg"></td><td>arctic char /brook trout fillets</td><td class="not_printable sorting_1">fish &amp; seafood</td><td><img style="width:50%;" src="/media/images/logos/marchands/38.png" alt="Farm Boy"></td><td><span itemprop="price">$12.99</span><span itemprop="eligibleQuantity" itemscope="" itemtype="http://schema.org/QuantitativeValue">/<span itemprop="unitText">lb</span></span></td><td>$28.64/kg</td><td style="display: none;">2020-02-26</td><td style="display: none;">Canada</td><td style="display: none;"></td><td style="display: none;"></td><td style="display: none;"></td><td style="display: none;"></td><td style="display: none;">fresh</td><td style="display: none;"></td><td style="display: none;"><a class="recipeLink" href="/recipe_ingredient_search_results.php?query=(_QU5E__1__________615__[]_1_1)">Recipes with arctic char /brook trout fillets</a></td></tr><tr role="row" class="odd"><td tabindex="0"><i class="fas fa-hand-rock"></i></td><td class=" not_printable"><div class="addToGL" data-soscuisine-aisle="7" data-soscuisine-sip="3941759"><i class="fa fa-cart-plus" title="Add to My Grocery List"></i><div></div></div></td><td><img class="storeItemImage" itemprop="image" alt="cod fillet" src="/media/images/store_item/172.jpg"></td><td>cod fillet</td><td class="not_printable sorting_1">fish &amp; seafood</td><td><img style="width:50%;" src="/media/images/logos/marchands/19.png" alt="Loblaws"></td><td><span itemprop="price">$6.00</span><span itemprop="eligibleQuantity" itemscope="" itemtype="http://schema.org/QuantitativeValue">/<span itemprop="unitText">400g</span></span></td><td>$15.00/kg</td><td style="display: none;">2020-02-26</td><td style="display: none;"></td><td style="display: none;">SeaQuest</td><td style="display: none;"></td><td style="display: none;">Pacific</td><td style="display: none;">wild</td><td style="display: none;">frozen</td><td style="display: none;"></td><td style="display: none;"><a class="recipeLink" href="/recipe_ingredient_search_results.php?query=(_QU5E__1__________172__[]_1_1)">Recipes with cod fillet</a></td></tr><tr role="row" class="even"><td tabindex="0"><i class="fa fa-thumbs-down"></i></td><td class=" not_printable"><div class="addToGL" data-soscuisine-aisle="7" data-soscuisine-sip="3943617"><i class="fa fa-cart-plus" title="Add to My Grocery List"></i><div></div></div></td><td><img class="storeItemImage" itemprop="image" alt="cod fillet" src="/media/images/store_item/172.jpg"></td><td>cod fillet</td><td class="not_printable sorting_1">fish &amp; seafood</td><td><img style="width:50%;" src="/media/images/logos/marchands/15.png" alt="Sobeys"></td><td><span itemprop="price">$9.99</span><span itemprop="eligibleQuantity" itemscope="" itemtype="http://schema.org/QuantitativeValue">/<span itemprop="unitText">12oz (340g)</span></span></td><td>$29.38/kg</td><td style="display: none;">2020-02-26</td><td style="display: none;"></td><td style="display: none;"></td><td style="display: none;"></td><td style="display: none;"></td><td style="display: none;"></td><td style="display: none;"></td><td style="display: none;"></td><td style="display: none;"><a class="recipeLink" href="/recipe_ingredient_search_results.php?query=(_QU5E__1__________172__[]_1_1)">Recipes with cod fillet</a></td></tr><tr role="row" class="odd"><td tabindex="0"><i class="fas fa-hand-rock"></i></td><td class=" not_printable"><div class="addToGL" data-soscuisine-aisle="7" data-soscuisine-sip="3943447"><i class="fa fa-cart-plus" title="Add to My Grocery List"></i><div></div></div></td><td><img class="storeItemImage" itemprop="image" alt="cod fillet" src="/media/images/store_item/172.jpg"></td><td>cod fillet</td><td class="not_printable sorting_1">fish &amp; seafood</td><td><img style="width:50%;" src="/media/images/logos/marchands/39.png" alt="Your Independent Grocer"></td><td><span itemprop="price">$6.00</span><span itemprop="eligibleQuantity" itemscope="" itemtype="http://schema.org/QuantitativeValue">/<span itemprop="unitText">400g</span></span></td><td>$15.00/kg</td><td style="display: none;">2020-02-26</td><td style="display: none;"></td><td style="display: none;">SeaQuest</td><td style="display: none;"></td><td style="display: none;">Pacific</td><td style="display: none;">wild</td><td style="display: none;">frozen</td><td style="display: none;"></td><td style="display: none;"><a class="recipeLink" href="/recipe_ingredient_search_results.php?query=(_QU5E__1__________172__[]_1_1)">Recipes with cod fillet</a></td></tr><tr role="row" class="even"><td tabindex="0"><i class="fa fa-thumbs-up"></i><i class="fa fa-thumbs-up"></i></td><td class=" not_printable"><div class="addToGL" data-soscuisine-aisle="7" data-soscuisine-sip="3945369"><i class="fa fa-cart-plus" title="Add to My Grocery List"></i><div></div></div></td><td><img class="storeItemImage" itemprop="image" alt="crab meat, imitation" src="/media/images/store_item/638.jpg"></td><td>crab meat, imitation</td><td class="not_printable sorting_1">fish &amp; seafood</td><td><img style="width:50%;" src="/media/images/logos/marchands/14.png" alt="No Frills"></td><td><span itemprop="price">$1.00</span><span itemprop="eligibleQuantity" itemscope="" itemtype="http://schema.org/QuantitativeValue">/<span itemprop="unitText">200g</span></span></td><td>$0.50/100g</td><td style="display: none;">2020-02-26</td><td style="display: none;"></td><td style="display: none;">Green Ocean</td><td style="display: none;"></td><td style="display: none;"></td><td style="display: none;"></td><td style="display: none;">frozen</td><td style="display: none;"></td><td style="display: none;"><a class="recipeLink" href="/recipe_ingredient_search_results.php?query=(_QU5E__1__________638__[]_1_1)">Recipes with crab meat, imitation</a></td></tr><tr role="row" class="odd"><td tabindex="0"><i class="fa fa-thumbs-up"></i></td><td class=" not_printable"><div class="addToGL" data-soscuisine-aisle="7" data-soscuisine-sip="3943571"><i class="fa fa-cart-plus" title="Add to My Grocery List"></i><div></div></div></td><td><img class="storeItemImage" itemprop="image" alt="crab meat, imitation" src="/media/images/store_item/638.jpg"></td><td>crab meat, imitation</td><td class="not_printable sorting_1">fish &amp; seafood</td><td><img style="width:50%;" src="/media/images/logos/marchands/15.png" alt="Sobeys"></td><td><span itemprop="price">$3.99</span><span itemprop="eligibleQuantity" itemscope="" itemtype="http://schema.org/QuantitativeValue">/<span itemprop="unitText">454g (1lb)</span></span></td><td>$0.88/100g</td><td style="display: none;">2020-02-26</td><td style="display: none;"></td><td style="display: none;">house brand</td><td style="display: none;"></td><td style="display: none;"></td><td style="display: none;"></td><td style="display: none;"></td><td style="display: none;"></td><td style="display: none;"><a class="recipeLink" href="/recipe_ingredient_search_results.php?query=(_QU5E__1__________638__[]_1_1)">Recipes with crab meat, imitation</a></td></tr><tr role="row" class="even"><td tabindex="0"><i class="fas fa-exclamation"></i></td><td class=" not_printable"><div class="addToGL" data-soscuisine-aisle="7" data-soscuisine-sip="3945861"><i class="fa fa-cart-plus" title="Add to My Grocery List"></i><div></div></div></td><td><img class="storeItemImage" alt="crab, meat" src="/media/images/store_item/blank.jpg"></td><td>crab, meat</td><td class="not_printable sorting_1">fish &amp; seafood</td><td><img style="width:50%;" src="/media/images/logos/marchands/20.png" alt="Metro"></td><td><span itemprop="price">$9.99</span><span itemprop="eligibleQuantity" itemscope="" itemtype="http://schema.org/QuantitativeValue">/<span itemprop="unitText">8oz (227g)</span></span></td><td>$4.40/100g</td><td style="display: none;">2020-02-26</td><td style="display: none;"></td><td style="display: none;">Aquastar</td><td style="display: none;"></td><td style="display: none;"></td><td style="display: none;"></td><td style="display: none;">frozen</td><td style="display: none;"></td><td style="display: none;"></td></tr><tr role="row" class="odd"><td tabindex="0"><i class="fa fa-thumbs-up"></i></td><td class=" not_printable"><div class="addToGL" data-soscuisine-aisle="7" data-soscuisine-sip="3945625"><i class="fa fa-cart-plus" title="Add to My Grocery List"></i><div></div></div></td><td><img class="storeItemImage" itemprop="image" alt="haddock fillet" src="/media/images/store_item/179.jpg"></td><td>haddock fillet</td><td class="not_printable sorting_1">fish &amp; seafood</td><td><img style="width:50%;" src="/media/images/logos/marchands/18.png" alt="Food Basics"></td><td><span itemprop="price">$5.99</span><span itemprop="eligibleQuantity" itemscope="" itemtype="http://schema.org/QuantitativeValue">/<span itemprop="unitText">400g</span></span></td><td>$14.97/kg</td><td style="display: none;">2020-02-26</td><td style="display: none;"></td><td style="display: none;">house brand</td><td style="display: none;"></td><td style="display: none;"></td><td style="display: none;"></td><td style="display: none;">frozen</td><td style="display: none;"></td><td style="display: none;"><a class="recipeLink" href="/recipe_ingredient_search_results.php?query=(_QU5E__1__________179__[]_1_1)">Recipes with haddock fillet</a></td></tr><tr role="row" class="even"><td tabindex="0"><i class="fas fa-hand-rock"></i></td><td class=" not_printable"><div class="addToGL" data-soscuisine-aisle="7" data-soscuisine-sip="3945865"><i class="fa fa-cart-plus" title="Add to My Grocery List"></i><div></div></div></td><td><img class="storeItemImage" itemprop="image" alt="haddock fillet" src="/media/images/store_item/179.jpg"></td><td>haddock fillet</td><td class="not_printable sorting_1">fish &amp; seafood</td><td><img style="width:50%;" src="/media/images/logos/marchands/20.png" alt="Metro"></td><td><span itemprop="price">$6.99</span><span itemprop="eligibleQuantity" itemscope="" itemtype="http://schema.org/QuantitativeValue">/<span itemprop="unitText">400g</span></span></td><td>$17.47/kg</td><td style="display: none;">2020-02-26</td><td style="display: none;"></td><td style="display: none;">High Liner</td><td style="display: none;"></td><td style="display: none;"></td><td style="display: none;"></td><td style="display: none;">frozen</td><td style="display: none;"></td><td style="display: none;"><a class="recipeLink" href="/recipe_ingredient_search_results.php?query=(_QU5E__1__________179__[]_1_1)">Recipes with haddock fillet</a></td></tr><tr role="row" class="odd"><td tabindex="0"><i class="fa fa-thumbs-down"></i></td><td class=" not_printable"><div class="addToGL" data-soscuisine-aisle="7" data-soscuisine-sip="3943607"><i class="fa fa-cart-plus" title="Add to My Grocery List"></i><div></div></div></td><td><img class="storeItemImage" itemprop="image" alt="haddock fillet" src="/media/images/store_item/179.jpg"></td><td>haddock fillet</td><td class="not_printable sorting_1">fish &amp; seafood</td><td><img style="width:50%;" src="/media/images/logos/marchands/15.png" alt="Sobeys"></td><td><span itemprop="price">$9.99</span><span itemprop="eligibleQuantity" itemscope="" itemtype="http://schema.org/QuantitativeValue">/<span itemprop="unitText">12oz (340g)</span></span></td><td>$29.38/kg</td><td style="display: none;">2020-02-26</td><td style="display: none;"></td><td style="display: none;"></td><td style="display: none;"></td><td style="display: none;"></td><td style="display: none;"></td><td style="display: none;"></td><td style="display: none;"></td><td style="display: none;"><a class="recipeLink" href="/recipe_ingredient_search_results.php?query=(_QU5E__1__________179__[]_1_1)">Recipes with haddock fillet</a></td></tr><tr role="row" class="even"><td tabindex="0"><i class="fas fa-hand-rock"></i></td><td class=" not_printable"><div class="addToGL" data-soscuisine-aisle="7" data-soscuisine-sip="3943623"><i class="fa fa-cart-plus" title="Add to My Grocery List"></i><div></div></div></td><td><img class="storeItemImage" itemprop="image" alt="haddock fillet, fresh" src="/media/images/store_item/1028.jpg"></td><td>haddock fillet, fresh</td><td class="not_printable sorting_1">fish &amp; seafood</td><td><img style="width:50%;" src="/media/images/logos/marchands/15.png" alt="Sobeys"></td><td><span itemprop="price">$12.99</span><span itemprop="eligibleQuantity" itemscope="" itemtype="http://schema.org/QuantitativeValue">/<span itemprop="unitText">lb</span></span></td><td>$28.64/kg</td><td style="display: none;">2020-02-26</td><td style="display: none;"></td><td style="display: none;"></td><td style="display: none;"></td><td style="display: none;"></td><td style="display: none;">wild</td><td style="display: none;"></td><td style="display: none;"></td><td style="display: none;"><a class="recipeLink" href="/recipe_ingredient_search_results.php?query=(_QU5E__1__________1028__[]_1_1)">Recipes with haddock fillet, fresh</a></td></tr><tr role="row" class="odd"><td tabindex="0"><i class="fas fa-exclamation"></i></td><td class=" not_printable"><div class="addToGL" data-soscuisine-aisle="7" data-soscuisine-sip="3944805"><i class="fa fa-cart-plus" title="Add to My Grocery List"></i><div></div></div></td><td><img class="storeItemImage" itemprop="image" alt="lobsters" src="/media/images/store_item/169.jpg"></td><td>lobsters</td><td class="not_printable sorting_1">fish &amp; seafood</td><td><img style="width:50%;" src="/media/images/logos/marchands/52.png" alt="Real Canadian Superstore"></td><td><span itemprop="price">$12.98</span><span itemprop="eligibleQuantity" itemscope="" itemtype="http://schema.org/QuantitativeValue">/<span itemprop="unitText">lb</span></span></td><td>$28.62/kg</td><td style="display: none;">2020-02-26</td><td style="display: none;">Canada</td><td style="display: none;"></td><td style="display: none;">1 to 1,25 lb</td><td style="display: none;">Atlantic</td><td style="display: none;"></td><td style="display: none;">live</td><td style="display: none;"></td><td style="display: none;"><a class="recipeLink" href="/recipe_ingredient_search_results.php?query=(_QU5E__1__________169__[]_1_1)">Recipes with lobsters</a></td></tr><tr role="row" class="even"><td tabindex="0"><i class="fa fa-thumbs-up"></i><i class="fa fa-thumbs-up"></i></td><td class=" not_printable"><div class="addToGL" data-soscuisine-aisle="7" data-soscuisine-sip="3944929"><i class="fa fa-cart-plus" title="Add to My Grocery List"></i><div></div></div></td><td><img class="storeItemImage" itemprop="image" alt="mussels" src="/media/images/store_item/4.jpg"></td><td>mussels</td><td class="not_printable sorting_1">fish &amp; seafood</td><td><img style="width:50%;" src="/media/images/logos/marchands/38.png" alt="Farm Boy"></td><td><span itemprop="price">$1.99</span><span itemprop="eligibleQuantity" itemscope="" itemtype="http://schema.org/QuantitativeValue">/<span itemprop="unitText">lb</span></span></td><td>$4.39/kg</td><td style="display: none;">2020-02-26</td><td style="display: none;">Newfoundland</td><td style="display: none;"></td><td style="display: none;"></td><td style="display: none;"></td><td style="display: none;">Organic</td><td style="display: none;">fresh</td><td style="display: none;"></td><td style="display: none;"><a class="recipeLink" href="/recipe_ingredient_search_results.php?query=(_QU5E__1__________4__[]_1_1)">Recipes with mussels</a></td></tr><tr role="row" class="odd"><td tabindex="0"><i class="fas fa-hand-rock"></i></td><td class=" not_printable"><div class="addToGL" data-soscuisine-aisle="7" data-soscuisine-sip="3942237"><i class="fa fa-cart-plus" title="Add to My Grocery List"></i><div></div></div></td><td><img class="storeItemImage" itemprop="image" alt="mussels" src="/media/images/store_item/4.jpg"></td><td>mussels</td><td class="not_printable sorting_1">fish &amp; seafood</td><td><img style="width:50%;" src="/media/images/logos/marchands/16.png" alt="Foodland"></td><td><span itemprop="price">$4.99</span><span itemprop="eligibleQuantity" itemscope="" itemtype="http://schema.org/QuantitativeValue">/<span itemprop="unitText">2lb (907g)</span></span></td><td>$5.50/kg</td><td style="display: none;">2020-02-26</td><td style="display: none;">Canada</td><td style="display: none;">Canadian Cove</td><td style="display: none;"></td><td style="display: none;"></td><td style="display: none;"></td><td style="display: none;">live</td><td style="display: none;"></td><td style="display: none;"><a class="recipeLink" href="/recipe_ingredient_search_results.php?query=(_QU5E__1__________4__[]_1_1)">Recipes with mussels</a></td></tr><tr role="row" class="even"><td tabindex="0"><i class="fas fa-hand-rock"></i></td><td class=" not_printable"><div class="addToGL" data-soscuisine-aisle="7" data-soscuisine-sip="3945859"><i class="fa fa-cart-plus" title="Add to My Grocery List"></i><div></div></div></td><td><img class="storeItemImage" itemprop="image" alt="mussels" src="/media/images/store_item/4.jpg"></td><td>mussels</td><td class="not_printable sorting_1">fish &amp; seafood</td><td><img style="width:50%;" src="/media/images/logos/marchands/20.png" alt="Metro"></td><td><span itemprop="price">$2.49</span><span itemprop="eligibleQuantity" itemscope="" itemtype="http://schema.org/QuantitativeValue">/<span itemprop="unitText">lb</span></span></td><td>$5.49/kg</td><td style="display: none;">2020-02-26</td><td style="display: none;">P.E.I</td><td style="display: none;"></td><td style="display: none;"></td><td style="display: none;"></td><td style="display: none;"></td><td style="display: none;">live</td><td style="display: none;"></td><td style="display: none;"><a class="recipeLink" href="/recipe_ingredient_search_results.php?query=(_QU5E__1__________4__[]_1_1)">Recipes with mussels</a></td></tr><tr role="row" class="odd"><td tabindex="0"><i class="fa fa-thumbs-down"></i></td><td class=" not_printable"><div class="addToGL" data-soscuisine-aisle="7" data-soscuisine-sip="3945615"><i class="fa fa-cart-plus" title="Add to My Grocery List"></i><div></div></div></td><td><img class="storeItemImage" itemprop="image" alt="pangasius (Basa) fillet" src="/media/images/store_item/588.jpg"></td><td>pangasius (Basa) fillet</td><td class="not_printable sorting_1">fish &amp; seafood</td><td><img style="width:50%;" src="/media/images/logos/marchands/18.png" alt="Food Basics"></td><td><span itemprop="price">$4.99</span><span itemprop="eligibleQuantity" itemscope="" itemtype="http://schema.org/QuantitativeValue">/<span itemprop="unitText">lb</span></span></td><td>$11.00/kg</td><td style="display: none;">2020-02-26</td><td style="display: none;"></td><td style="display: none;"></td><td style="display: none;"></td><td style="display: none;"></td><td style="display: none;"></td><td style="display: none;">previously frozen</td><td style="display: none;"></td><td style="display: none;"></td></tr><tr role="row" class="even"><td tabindex="0"><i class="fa fa-thumbs-down"></i></td><td class=" not_printable"><div class="addToGL" data-soscuisine-aisle="7" data-soscuisine-sip="3944953"><i class="fa fa-cart-plus" title="Add to My Grocery List"></i><div></div></div></td><td><img class="storeItemImage" itemprop="image" alt="pangasius (Basa) fillet" src="/media/images/store_item/588.jpg"></td><td>pangasius (Basa) fillet</td><td class="not_printable sorting_1">fish &amp; seafood</td><td><img style="width:50%;" src="/media/images/logos/marchands/52.png" alt="Real Canadian Superstore"></td><td><span itemprop="price">$4.00</span><span itemprop="eligibleQuantity" itemscope="" itemtype="http://schema.org/QuantitativeValue">/<span itemprop="unitText">400g</span></span></td><td>$10.00/kg</td><td style="display: none;">2020-02-26</td><td style="display: none;"></td><td style="display: none;">Anchor's Bay</td><td style="display: none;"></td><td style="display: none;"></td><td style="display: none;"></td><td style="display: none;">frozen</td><td style="display: none;">selected stores only</td><td style="display: none;"></td></tr><tr role="row" class="odd"><td tabindex="0"><i class="fas fa-exclamation"></i></td><td class=" not_printable"><div class="addToGL" data-soscuisine-aisle="7" data-soscuisine-sip="3944949"><i class="fa fa-cart-plus" title="Add to My Grocery List"></i><div></div></div></td><td><img class="storeItemImage" alt="Pompano butterfish, whole" src="/media/images/store_item/blank.jpg"></td><td>Pompano butterfish, whole</td><td class="not_printable sorting_1">fish &amp; seafood</td><td><img style="width:50%;" src="/media/images/logos/marchands/52.png" alt="Real Canadian Superstore"></td><td><span itemprop="price">$3.98</span><span itemprop="eligibleQuantity" itemscope="" itemtype="http://schema.org/QuantitativeValue">/<span itemprop="unitText">lb</span></span></td><td>$8.77/kg</td><td style="display: none;">2020-02-26</td><td style="display: none;"></td><td style="display: none;"></td><td style="display: none;"></td><td style="display: none;"></td><td style="display: none;"></td><td style="display: none;">frozen</td><td style="display: none;">selected stores only</td><td style="display: none;"></td></tr><tr role="row" class="even"><td tabindex="0"><i class="fa fa-thumbs-down"></i></td><td class=" not_printable"><div class="addToGL" data-soscuisine-aisle="7" data-soscuisine-sip="3941755"><i class="fa fa-cart-plus" title="Add to My Grocery List"></i><div></div></div></td><td><img class="storeItemImage" itemprop="image" alt="salmon fillet" src="/media/images/store_item/166.jpg"></td><td>salmon fillet</td><td class="not_printable sorting_1">fish &amp; seafood</td><td><img style="width:50%;" src="/media/images/logos/marchands/19.png" alt="Loblaws"></td><td><span itemprop="price">$10.99</span><span itemprop="eligibleQuantity" itemscope="" itemtype="http://schema.org/QuantitativeValue">/<span itemprop="unitText">280g</span></span></td><td>$39.25/kg</td><td style="display: none;">2020-02-26</td><td style="display: none;"></td><td style="display: none;">house brand</td><td style="display: none;"></td><td style="display: none;">Sockeye</td><td style="display: none;">wild</td><td style="display: none;">frozen</td><td style="display: none;"></td><td style="display: none;"><a class="recipeLink" href="/recipe_ingredient_search_results.php?query=(_QU5E__1__________166__[]_1_1)">Recipes with salmon fillet</a></td></tr><tr role="row" class="odd"><td tabindex="0"><i class="fas fa-hand-rock"></i></td><td class=" not_printable"><div class="addToGL" data-soscuisine-aisle="7" data-soscuisine-sip="3945867"><i class="fa fa-cart-plus" title="Add to My Grocery List"></i><div></div></div></td><td><img class="storeItemImage" itemprop="image" alt="salmon fillet" src="/media/images/store_item/166.jpg"></td><td>salmon fillet</td><td class="not_printable sorting_1">fish &amp; seafood</td><td><img style="width:50%;" src="/media/images/logos/marchands/20.png" alt="Metro"></td><td><span itemprop="price">$6.99</span><span itemprop="eligibleQuantity" itemscope="" itemtype="http://schema.org/QuantitativeValue">/<span itemprop="unitText">400g</span></span></td><td>$17.47/kg</td><td style="display: none;">2020-02-26</td><td style="display: none;"></td><td style="display: none;">High Liner</td><td style="display: none;"></td><td style="display: none;"></td><td style="display: none;"></td><td style="display: none;">frozen</td><td style="display: none;"></td><td style="display: none;"><a class="recipeLink" href="/recipe_ingredient_search_results.php?query=(_QU5E__1__________166__[]_1_1)">Recipes with salmon fillet</a></td></tr><tr role="row" class="even"><td tabindex="0"><i class="fa fa-thumbs-down"></i></td><td class=" not_printable"><div class="addToGL" data-soscuisine-aisle="7" data-soscuisine-sip="3945691"><i class="fa fa-cart-plus" title="Add to My Grocery List"></i><div></div></div></td><td><img class="storeItemImage" itemprop="image" alt="salmon fillet" src="/media/images/store_item/166.jpg"></td><td>salmon fillet</td><td class="not_printable sorting_1">fish &amp; seafood</td><td><img style="width:50%;" src="/media/images/logos/marchands/20.png" alt="Metro"></td><td><span itemprop="price">$9.99</span><span itemprop="eligibleQuantity" itemscope="" itemtype="http://schema.org/QuantitativeValue">/<span itemprop="unitText">lb</span></span></td><td>$22.02/kg</td><td style="display: none;">2020-02-26</td><td style="display: none;"></td><td style="display: none;"></td><td style="display: none;"></td><td style="display: none;">Sockeye</td><td style="display: none;">wild</td><td style="display: none;">previously frozen</td><td style="display: none;"></td><td style="display: none;"><a class="recipeLink" href="/recipe_ingredient_search_results.php?query=(_QU5E__1__________166__[]_1_1)">Recipes with salmon fillet</a></td></tr><tr role="row" class="odd"><td tabindex="0"><i class="fa fa-thumbs-up"></i><i class="fa fa-thumbs-up"></i></td><td class=" not_printable"><div class="addToGL" data-soscuisine-aisle="7" data-soscuisine-sip="3945377"><i class="fa fa-cart-plus" title="Add to My Grocery List"></i><div></div></div></td><td><img class="storeItemImage" itemprop="image" alt="salmon fillet" src="/media/images/store_item/166.jpg"></td><td>salmon fillet</td><td class="not_printable sorting_1">fish &amp; seafood</td><td><img style="width:50%;" src="/media/images/logos/marchands/14.png" alt="No Frills"></td><td><span itemprop="price">$1.00</span><span itemprop="eligibleQuantity" itemscope="" itemtype="http://schema.org/QuantitativeValue">/<span itemprop="unitText">100g</span></span></td><td>$10.00/kg</td><td style="display: none;">2020-02-26</td><td style="display: none;"></td><td style="display: none;"></td><td style="display: none;"></td><td style="display: none;"></td><td style="display: none;"></td><td style="display: none;">frozen</td><td style="display: none;">Ocean's Treasures</td><td style="display: none;"><a class="recipeLink" href="/recipe_ingredient_search_results.php?query=(_QU5E__1__________166__[]_1_1)">Recipes with salmon fillet</a></td></tr><tr role="row" class="even"><td tabindex="0"><i class="fas fa-hand-rock"></i></td><td class=" not_printable"><div class="addToGL" data-soscuisine-aisle="7" data-soscuisine-sip="3944803"><i class="fa fa-cart-plus" title="Add to My Grocery List"></i><div></div></div></td><td><img class="storeItemImage" itemprop="image" alt="salmon fillet" src="/media/images/store_item/166.jpg"></td><td>salmon fillet</td><td class="not_printable sorting_1">fish &amp; seafood</td><td><img style="width:50%;" src="/media/images/logos/marchands/52.png" alt="Real Canadian Superstore"></td><td><span itemprop="price">$7.00</span><span itemprop="eligibleQuantity" itemscope="" itemtype="http://schema.org/QuantitativeValue">/<span itemprop="unitText">400g</span></span></td><td>$17.50/kg</td><td style="display: none;">2020-02-26</td><td style="display: none;"></td><td style="display: none;">High Liner</td><td style="display: none;"></td><td style="display: none;">Pacific</td><td style="display: none;">wild</td><td style="display: none;">frozen</td><td style="display: none;"></td><td style="display: none;"><a class="recipeLink" href="/recipe_ingredient_search_results.php?query=(_QU5E__1__________166__[]_1_1)">Recipes with salmon fillet</a></td></tr><tr role="row" class="odd"><td tabindex="0"><i class="fa fa-thumbs-down"></i></td><td class=" not_printable"><div class="addToGL" data-soscuisine-aisle="7" data-soscuisine-sip="3944767"><i class="fa fa-cart-plus" title="Add to My Grocery List"></i><div></div></div></td><td><img class="storeItemImage" itemprop="image" alt="salmon fillet" src="/media/images/store_item/166.jpg"></td><td>salmon fillet</td><td class="not_printable sorting_1">fish &amp; seafood</td><td><img style="width:50%;" src="/media/images/logos/marchands/52.png" alt="Real Canadian Superstore"></td><td><span itemprop="price">$2.98</span><span itemprop="eligibleQuantity" itemscope="" itemtype="http://schema.org/QuantitativeValue">/<span itemprop="unitText">4oz (113g)</span></span></td><td>$26.37/kg</td><td style="display: none;">2020-02-26</td><td style="display: none;"></td><td style="display: none;"></td><td style="display: none;"></td><td style="display: none;">Atlantic</td><td style="display: none;"></td><td style="display: none;"></td><td style="display: none;">portions</td><td style="display: none;"><a class="recipeLink" href="/recipe_ingredient_search_results.php?query=(_QU5E__1__________166__[]_1_1)">Recipes with salmon fillet</a></td></tr><tr role="row" class="even"><td tabindex="0"><i class="fa fa-thumbs-down"></i></td><td class=" not_printable"><div class="addToGL" data-soscuisine-aisle="7" data-soscuisine-sip="3944795"><i class="fa fa-cart-plus" title="Add to My Grocery List"></i><div></div></div></td><td><img class="storeItemImage" itemprop="image" alt="salmon fillet" src="/media/images/store_item/166.jpg"></td><td>salmon fillet</td><td class="not_printable sorting_1">fish &amp; seafood</td><td><img style="width:50%;" src="/media/images/logos/marchands/52.png" alt="Real Canadian Superstore"></td><td><span itemprop="price">$17.98</span><span itemprop="eligibleQuantity" itemscope="" itemtype="http://schema.org/QuantitativeValue">/<span itemprop="unitText">lb</span></span></td><td>$39.64/kg</td><td style="display: none;">2020-02-26</td><td style="display: none;"></td><td style="display: none;">Dom</td><td style="display: none;"></td><td style="display: none;"></td><td style="display: none;">Organic</td><td style="display: none;"></td><td style="display: none;">skinless</td><td style="display: none;"><a class="recipeLink" href="/recipe_ingredient_search_results.php?query=(_QU5E__1__________166__[]_1_1)">Recipes with salmon fillet</a></td></tr><tr role="row" class="odd"><td tabindex="0"><i class="fa fa-thumbs-down"></i></td><td class=" not_printable"><div class="addToGL" data-soscuisine-aisle="7" data-soscuisine-sip="3943439"><i class="fa fa-cart-plus" title="Add to My Grocery List"></i><div></div></div></td><td><img class="storeItemImage" itemprop="image" alt="salmon fillet" src="/media/images/store_item/166.jpg"></td><td>salmon fillet</td><td class="not_printable sorting_1">fish &amp; seafood</td><td><img style="width:50%;" src="/media/images/logos/marchands/39.png" alt="Your Independent Grocer"></td><td><span itemprop="price">$10.99</span><span itemprop="eligibleQuantity" itemscope="" itemtype="http://schema.org/QuantitativeValue">/<span itemprop="unitText">280g</span></span></td><td>$39.25/kg</td><td style="display: none;">2020-02-26</td><td style="display: none;"></td><td style="display: none;">house brand</td><td style="display: none;"></td><td style="display: none;">Sockeye</td><td style="display: none;">wild</td><td style="display: none;">frozen</td><td style="display: none;"></td><td style="display: none;"><a class="recipeLink" href="/recipe_ingredient_search_results.php?query=(_QU5E__1__________166__[]_1_1)">Recipes with salmon fillet</a></td></tr><tr role="row" class="even"><td tabindex="0"><i class="fas fa-hand-rock"></i></td><td class=" not_printable"><div class="addToGL" data-soscuisine-aisle="7" data-soscuisine-sip="3941749"><i class="fa fa-cart-plus" title="Add to My Grocery List"></i><div></div></div></td><td><img class="storeItemImage" itemprop="image" alt="salmon fillet, fresh" src="/media/images/store_item/1032.jpg"></td><td>salmon fillet, fresh</td><td class="not_printable sorting_1">fish &amp; seafood</td><td><img style="width:50%;" src="/media/images/logos/marchands/19.png" alt="Loblaws"></td><td><span itemprop="price">$11.99</span><span itemprop="eligibleQuantity" itemscope="" itemtype="http://schema.org/QuantitativeValue">/<span itemprop="unitText">lb</span></span></td><td>$26.43/kg</td><td style="display: none;">2020-02-26</td><td style="display: none;">Canada</td><td style="display: none;"></td><td style="display: none;"></td><td style="display: none;">Atlantic</td><td style="display: none;"></td><td style="display: none;">large pack</td><td style="display: none;"></td><td style="display: none;"><a class="recipeLink" href="/recipe_ingredient_search_results.php?query=(_QU5E__1__________1032__[]_1_1)">Recipes with salmon fillet, fresh</a></td></tr><tr role="row" class="odd"><td tabindex="0"><i class="fas fa-hand-rock"></i></td><td class=" not_printable"><div class="addToGL" data-soscuisine-aisle="7" data-soscuisine-sip="3943577"><i class="fa fa-cart-plus" title="Add to My Grocery List"></i><div></div></div></td><td><img class="storeItemImage" itemprop="image" alt="salmon fillet, fresh" src="/media/images/store_item/1032.jpg"></td><td>salmon fillet, fresh</td><td class="not_printable sorting_1">fish &amp; seafood</td><td><img style="width:50%;" src="/media/images/logos/marchands/15.png" alt="Sobeys"></td><td><span itemprop="price">$14.99</span><span itemprop="eligibleQuantity" itemscope="" itemtype="http://schema.org/QuantitativeValue">/<span itemprop="unitText">lb</span></span></td><td>$33.05/kg</td><td style="display: none;">2020-02-26</td><td style="display: none;">Norway</td><td style="display: none;"></td><td style="display: none;"></td><td style="display: none;">Atlantic</td><td style="display: none;">antibiotic free</td><td style="display: none;"></td><td style="display: none;"></td><td style="display: none;"><a class="recipeLink" href="/recipe_ingredient_search_results.php?query=(_QU5E__1__________1032__[]_1_1)">Recipes with salmon fillet, fresh</a></td></tr><tr role="row" class="even"><td tabindex="0"><i class="fas fa-hand-rock"></i></td><td class=" not_printable"><div class="addToGL" data-soscuisine-aisle="7" data-soscuisine-sip="3943427"><i class="fa fa-cart-plus" title="Add to My Grocery List"></i><div></div></div></td><td><img class="storeItemImage" itemprop="image" alt="salmon fillet, fresh" src="/media/images/store_item/1032.jpg"></td><td>salmon fillet, fresh</td><td class="not_printable sorting_1">fish &amp; seafood</td><td><img style="width:50%;" src="/media/images/logos/marchands/39.png" alt="Your Independent Grocer"></td><td><span itemprop="price">$12.99</span><span itemprop="eligibleQuantity" itemscope="" itemtype="http://schema.org/QuantitativeValue">/<span itemprop="unitText">lb</span></span></td><td>$28.64/kg</td><td style="display: none;">2020-02-26</td><td style="display: none;">Canada</td><td style="display: none;"></td><td style="display: none;"></td><td style="display: none;">Atlantic</td><td style="display: none;"></td><td style="display: none;">large pack</td><td style="display: none;"></td><td style="display: none;"><a class="recipeLink" href="/recipe_ingredient_search_results.php?query=(_QU5E__1__________1032__[]_1_1)">Recipes with salmon fillet, fresh</a></td></tr><tr role="row" class="odd"><td tabindex="0"><i class="fas fa-exclamation"></i></td><td class=" not_printable"><div class="addToGL" data-soscuisine-aisle="7" data-soscuisine-sip="3944937"><i class="fa fa-cart-plus" title="Add to My Grocery List"></i><div></div></div></td><td><img class="storeItemImage" itemprop="image" alt="scallops, large" src="/media/images/store_item/168.jpg"></td><td>scallops, large</td><td class="not_printable sorting_1">fish &amp; seafood</td><td><img style="width:50%;" src="/media/images/logos/marchands/38.png" alt="Farm Boy"></td><td><span itemprop="price">$14.99</span><span itemprop="eligibleQuantity" itemscope="" itemtype="http://schema.org/QuantitativeValue">/<span itemprop="unitText">12oz (340g)</span></span></td><td>$44.09/kg</td><td style="display: none;">2020-02-26</td><td style="display: none;"></td><td style="display: none;">house brand</td><td style="display: none;">size 10-20</td><td style="display: none;"></td><td style="display: none;"></td><td style="display: none;">frozen</td><td style="display: none;"></td><td style="display: none;"><a class="recipeLink" href="/recipe_ingredient_search_results.php?query=(_QU5E__1__________168__[]_1_1)">Recipes with scallops, large</a></td></tr><tr role="row" class="even"><td tabindex="0"><i class="fa fa-thumbs-up"></i><i class="fa fa-thumbs-up"></i></td><td class=" not_printable"><div class="addToGL" data-soscuisine-aisle="7" data-soscuisine-sip="3941763"><i class="fa fa-cart-plus" title="Add to My Grocery List"></i><div></div></div></td><td><img class="storeItemImage" itemprop="image" alt="scallops, medium-size" src="/media/images/store_item/473.jpg"></td><td>scallops, medium-size</td><td class="not_printable sorting_1">fish &amp; seafood</td><td><img style="width:50%;" src="/media/images/logos/marchands/19.png" alt="Loblaws"></td><td><span itemprop="price">$14.99</span><span itemprop="eligibleQuantity" itemscope="" itemtype="http://schema.org/QuantitativeValue">/<span itemprop="unitText">400g</span></span></td><td>$37.47/kg</td><td style="display: none;">2020-02-26</td><td style="display: none;">N.Scotia</td><td style="display: none;">house brand</td><td style="display: none;">size 20-40</td><td style="display: none;"></td><td style="display: none;"></td><td style="display: none;">frozen</td><td style="display: none;"></td><td style="display: none;"><a class="recipeLink" href="/recipe_ingredient_search_results.php?query=(_QU5E__1__________473__[]_1_1)">Recipes with scallops, medium-size</a></td></tr><tr role="row" class="odd"><td tabindex="0"><i class="fa fa-thumbs-up"></i><i class="fa fa-thumbs-up"></i></td><td class=" not_printable"><div class="addToGL" data-soscuisine-aisle="7" data-soscuisine-sip="3943453"><i class="fa fa-cart-plus" title="Add to My Grocery List"></i><div></div></div></td><td><img class="storeItemImage" itemprop="image" alt="scallops, medium-size" src="/media/images/store_item/473.jpg"></td><td>scallops, medium-size</td><td class="not_printable sorting_1">fish &amp; seafood</td><td><img style="width:50%;" src="/media/images/logos/marchands/39.png" alt="Your Independent Grocer"></td><td><span itemprop="price">$14.99</span><span itemprop="eligibleQuantity" itemscope="" itemtype="http://schema.org/QuantitativeValue">/<span itemprop="unitText">400g</span></span></td><td>$37.47/kg</td><td style="display: none;">2020-02-26</td><td style="display: none;">N.Scotia</td><td style="display: none;">house brand</td><td style="display: none;">size 20-40</td><td style="display: none;"></td><td style="display: none;"></td><td style="display: none;">frozen</td><td style="display: none;"></td><td style="display: none;"><a class="recipeLink" href="/recipe_ingredient_search_results.php?query=(_QU5E__1__________473__[]_1_1)">Recipes with scallops, medium-size</a></td></tr><tr role="row" class="even"><td tabindex="0"><i class="fas fa-exclamation"></i></td><td class=" not_printable"><div class="addToGL" data-soscuisine-aisle="7" data-soscuisine-sip="3945863"><i class="fa fa-cart-plus" title="Add to My Grocery List"></i><div></div></div></td><td><img class="storeItemImage" alt="sea bass, whole" src="/media/images/store_item/blank.jpg"></td><td>sea bass, whole</td><td class="not_printable sorting_1">fish &amp; seafood</td><td><img style="width:50%;" src="/media/images/logos/marchands/20.png" alt="Metro"></td><td><span itemprop="price">$8.99</span><span itemprop="eligibleQuantity" itemscope="" itemtype="http://schema.org/QuantitativeValue">/<span itemprop="unitText">lb</span></span></td><td>$19.82/kg</td><td style="display: none;">2020-02-26</td><td style="display: none;"></td><td style="display: none;"></td><td style="display: none;"></td><td style="display: none;"></td><td style="display: none;"></td><td style="display: none;">fresh</td><td style="display: none;"></td><td style="display: none;"><a class="recipeLink" href="/recipe_ingredient_search_results.php?query=(_QU5E__1__________579__[]_1_1)">Recipes with sea bass, whole</a></td></tr><tr role="row" class="odd"><td tabindex="0"><i class="fa fa-thumbs-up"></i></td><td class=" not_printable"><div class="addToGL" data-soscuisine-aisle="7" data-soscuisine-sip="3941939"><i class="fa fa-cart-plus" title="Add to My Grocery List"></i><div></div></div></td><td><img class="storeItemImage" itemprop="image" alt="shrimps/prawns, large" src="/media/images/store_item/571.jpg"></td><td>shrimps/prawns, large</td><td class="not_printable sorting_1">fish &amp; seafood</td><td><img style="width:50%;" src="/media/images/logos/marchands/19.png" alt="Loblaws"></td><td><span itemprop="price">$8.99</span><span itemprop="eligibleQuantity" itemscope="" itemtype="http://schema.org/QuantitativeValue">/<span itemprop="unitText">400g</span></span></td><td>$22.47/kg</td><td style="display: none;">2020-02-26</td><td style="display: none;"></td><td style="display: none;">house brand</td><td style="display: none;">size 16-20</td><td style="display: none;">black tiger</td><td style="display: none;"></td><td style="display: none;">frozen</td><td style="display: none;">zipperback</td><td style="display: none;"><a class="recipeLink" href="/recipe_ingredient_search_results.php?query=(_QU5E__1__________571__[]_1_1)">Recipes with shrimps/prawns, large</a></td></tr><tr role="row" class="even"><td tabindex="0"><i class="fa fa-thumbs-up"></i></td><td class=" not_printable"><div class="addToGL" data-soscuisine-aisle="7" data-soscuisine-sip="3944327"><i class="fa fa-cart-plus" title="Add to My Grocery List"></i><div></div></div></td><td><img class="storeItemImage" itemprop="image" alt="shrimps/prawns, large" src="/media/images/store_item/571.jpg"></td><td>shrimps/prawns, large</td><td class="not_printable sorting_1">fish &amp; seafood</td><td><img style="width:50%;" src="/media/images/logos/marchands/39.png" alt="Your Independent Grocer"></td><td><span itemprop="price">$8.99</span><span itemprop="eligibleQuantity" itemscope="" itemtype="http://schema.org/QuantitativeValue">/<span itemprop="unitText">400g</span></span></td><td>$22.47/kg</td><td style="display: none;">2020-02-26</td><td style="display: none;"></td><td style="display: none;">house brand</td><td style="display: none;">size 16-20</td><td style="display: none;">black tiger</td><td style="display: none;"></td><td style="display: none;">frozen</td><td style="display: none;">zipperback</td><td style="display: none;"><a class="recipeLink" href="/recipe_ingredient_search_results.php?query=(_QU5E__1__________571__[]_1_1)">Recipes with shrimps/prawns, large</a></td></tr><tr role="row" class="odd"><td tabindex="0"><i class="fa fa-thumbs-down"></i></td><td class=" not_printable"><div class="addToGL" data-soscuisine-aisle="7" data-soscuisine-sip="3945631"><i class="fa fa-cart-plus" title="Add to My Grocery List"></i><div></div></div></td><td><img class="storeItemImage" itemprop="image" alt="shrimps/prawns, medium-large" src="/media/images/store_item/468.jpg"></td><td>shrimps/prawns, medium-large</td><td class="not_printable sorting_1">fish &amp; seafood</td><td><img style="width:50%;" src="/media/images/logos/marchands/18.png" alt="Food Basics"></td><td><span itemprop="price">$8.99</span><span itemprop="eligibleQuantity" itemscope="" itemtype="http://schema.org/QuantitativeValue">/<span itemprop="unitText">12oz (340g)</span></span></td><td>$26.44/kg</td><td style="display: none;">2020-02-26</td><td style="display: none;"></td><td style="display: none;">house brand</td><td style="display: none;">size 31-40</td><td style="display: none;">Pacific</td><td style="display: none;"></td><td style="display: none;">frozen</td><td style="display: none;"></td><td style="display: none;"><a class="recipeLink" href="/recipe_ingredient_search_results.php?query=(_QU5E__1__________468__[]_1_1)">Recipes with shrimps/prawns, medium-large</a></td></tr><tr role="row" class="even"><td tabindex="0"><i class="fa fa-thumbs-down"></i></td><td class=" not_printable"><div class="addToGL" data-soscuisine-aisle="7" data-soscuisine-sip="3942255"><i class="fa fa-cart-plus" title="Add to My Grocery List"></i><div></div></div></td><td><img class="storeItemImage" itemprop="image" alt="shrimps/prawns, medium-large" src="/media/images/store_item/468.jpg"></td><td>shrimps/prawns, medium-large</td><td class="not_printable sorting_1">fish &amp; seafood</td><td><img style="width:50%;" src="/media/images/logos/marchands/16.png" alt="Foodland"></td><td><span itemprop="price">$7.99</span><span itemprop="eligibleQuantity" itemscope="" itemtype="http://schema.org/QuantitativeValue">/<span itemprop="unitText">12oz (340g)</span></span></td><td>$23.50/kg</td><td style="display: none;">2020-02-26</td><td style="display: none;"></td><td style="display: none;">house brand</td><td style="display: none;">size 31-40</td><td style="display: none;"></td><td style="display: none;"></td><td style="display: none;"></td><td style="display: none;">white, Pacific</td><td style="display: none;"><a class="recipeLink" href="/recipe_ingredient_search_results.php?query=(_QU5E__1__________468__[]_1_1)">Recipes with shrimps/prawns, medium-large</a></td></tr><tr role="row" class="odd"><td tabindex="0"><i class="fa fa-thumbs-up"></i><i class="fa fa-thumbs-up"></i></td><td class=" not_printable"><div class="addToGL" data-soscuisine-aisle="7" data-soscuisine-sip="3941445"><i class="fa fa-cart-plus" title="Add to My Grocery List"></i><div></div></div></td><td><img class="storeItemImage" itemprop="image" alt="shrimps/prawns, medium-large" src="/media/images/store_item/468.jpg"></td><td>shrimps/prawns, medium-large</td><td class="not_printable sorting_1">fish &amp; seafood</td><td><img style="width:50%;" src="/media/images/logos/marchands/19.png" alt="Loblaws"></td><td><span itemprop="price">$5.99</span><span itemprop="eligibleQuantity" itemscope="" itemtype="http://schema.org/QuantitativeValue">/<span itemprop="unitText">400g</span></span></td><td>$14.97/kg</td><td style="display: none;">2020-02-26</td><td style="display: none;"></td><td style="display: none;">house brand</td><td style="display: none;">size 31-40</td><td style="display: none;"></td><td style="display: none;"></td><td style="display: none;">zipper back, frozen</td><td style="display: none;">white, Pacific</td><td style="display: none;"><a class="recipeLink" href="/recipe_ingredient_search_results.php?query=(_QU5E__1__________468__[]_1_1)">Recipes with shrimps/prawns, medium-large</a></td></tr><tr role="row" class="even"><td tabindex="0"><i class="fa fa-thumbs-down"></i></td><td class=" not_printable"><div class="addToGL" data-soscuisine-aisle="7" data-soscuisine-sip="3945719"><i class="fa fa-cart-plus" title="Add to My Grocery List"></i><div></div></div></td><td><img class="storeItemImage" itemprop="image" alt="shrimps/prawns, medium-large" src="/media/images/store_item/468.jpg"></td><td>shrimps/prawns, medium-large</td><td class="not_printable sorting_1">fish &amp; seafood</td><td><img style="width:50%;" src="/media/images/logos/marchands/20.png" alt="Metro"></td><td><span itemprop="price">$7.99</span><span itemprop="eligibleQuantity" itemscope="" itemtype="http://schema.org/QuantitativeValue">/<span itemprop="unitText">12oz (340g)</span></span></td><td>$23.50/kg</td><td style="display: none;">2020-02-26</td><td style="display: none;"></td><td style="display: none;">house brand</td><td style="display: none;">size 51-60</td><td style="display: none;">Pacific</td><td style="display: none;"></td><td style="display: none;">frozen</td><td style="display: none;"></td><td style="display: none;"><a class="recipeLink" href="/recipe_ingredient_search_results.php?query=(_QU5E__1__________468__[]_1_1)">Recipes with shrimps/prawns, medium-large</a></td></tr><tr role="row" class="odd"><td tabindex="0"><i class="fas fa-hand-rock"></i></td><td class=" not_printable"><div class="addToGL" data-soscuisine-aisle="7" data-soscuisine-sip="3944801"><i class="fa fa-cart-plus" title="Add to My Grocery List"></i><div></div></div></td><td><img class="storeItemImage" itemprop="image" alt="shrimps/prawns, medium-large" src="/media/images/store_item/468.jpg"></td><td>shrimps/prawns, medium-large</td><td class="not_printable sorting_1">fish &amp; seafood</td><td><img style="width:50%;" src="/media/images/logos/marchands/52.png" alt="Real Canadian Superstore"></td><td><span itemprop="price">$7.00</span><span itemprop="eligibleQuantity" itemscope="" itemtype="http://schema.org/QuantitativeValue">/<span itemprop="unitText">400g</span></span></td><td>$17.50/kg</td><td style="display: none;">2020-02-26</td><td style="display: none;"></td><td style="display: none;">house brand</td><td style="display: none;">size 31-40</td><td style="display: none;"></td><td style="display: none;"></td><td style="display: none;">zipper back, frozen</td><td style="display: none;">white, Pacific</td><td style="display: none;"><a class="recipeLink" href="/recipe_ingredient_search_results.php?query=(_QU5E__1__________468__[]_1_1)">Recipes with shrimps/prawns, medium-large</a></td></tr><tr role="row" class="even"><td tabindex="0"><i class="fa fa-thumbs-down"></i></td><td class=" not_printable"><div class="addToGL" data-soscuisine-aisle="7" data-soscuisine-sip="3944753"><i class="fa fa-cart-plus" title="Add to My Grocery List"></i><div></div></div></td><td><img class="storeItemImage" itemprop="image" alt="shrimps/prawns, medium-large" src="/media/images/store_item/468.jpg"></td><td>shrimps/prawns, medium-large</td><td class="not_printable sorting_1">fish &amp; seafood</td><td><img style="width:50%;" src="/media/images/logos/marchands/52.png" alt="Real Canadian Superstore"></td><td><span itemprop="price">$9.98</span><span itemprop="eligibleQuantity" itemscope="" itemtype="http://schema.org/QuantitativeValue">/<span itemprop="unitText">400g</span></span></td><td>$24.95/kg</td><td style="display: none;">2020-02-26</td><td style="display: none;"></td><td style="display: none;">house brand</td><td style="display: none;">size 31-40</td><td style="display: none;"></td><td style="display: none;"></td><td style="display: none;">peeled, frozen</td><td style="display: none;">white, Pacific</td><td style="display: none;"><a class="recipeLink" href="/recipe_ingredient_search_results.php?query=(_QU5E__1__________468__[]_1_1)">Recipes with shrimps/prawns, medium-large</a></td></tr><tr role="row" class="odd"><td tabindex="0"><i class="fas fa-hand-rock"></i></td><td class=" not_printable"><div class="addToGL" data-soscuisine-aisle="7" data-soscuisine-sip="3943583"><i class="fa fa-cart-plus" title="Add to My Grocery List"></i><div></div></div></td><td><img class="storeItemImage" itemprop="image" alt="shrimps/prawns, medium-large" src="/media/images/store_item/468.jpg"></td><td>shrimps/prawns, medium-large</td><td class="not_printable sorting_1">fish &amp; seafood</td><td><img style="width:50%;" src="/media/images/logos/marchands/15.png" alt="Sobeys"></td><td><span itemprop="price">$5.99</span><span itemprop="eligibleQuantity" itemscope="" itemtype="http://schema.org/QuantitativeValue">/<span itemprop="unitText">12oz (340g)</span></span></td><td>$17.62/kg</td><td style="display: none;">2020-02-26</td><td style="display: none;"></td><td style="display: none;">house brand</td><td style="display: none;">size 31-40</td><td style="display: none;"></td><td style="display: none;"></td><td style="display: none;"></td><td style="display: none;"></td><td style="display: none;"><a class="recipeLink" href="/recipe_ingredient_search_results.php?query=(_QU5E__1__________468__[]_1_1)">Recipes with shrimps/prawns, medium-large</a></td></tr><tr role="row" class="even"><td tabindex="0"><i class="fa fa-thumbs-up"></i><i class="fa fa-thumbs-up"></i></td><td class=" not_printable"><div class="addToGL" data-soscuisine-aisle="7" data-soscuisine-sip="3943277"><i class="fa fa-cart-plus" title="Add to My Grocery List"></i><div></div></div></td><td><img class="storeItemImage" itemprop="image" alt="shrimps/prawns, medium-large" src="/media/images/store_item/468.jpg"></td><td>shrimps/prawns, medium-large</td><td class="not_printable sorting_1">fish &amp; seafood</td><td><img style="width:50%;" src="/media/images/logos/marchands/39.png" alt="Your Independent Grocer"></td><td><span itemprop="price">$5.99</span><span itemprop="eligibleQuantity" itemscope="" itemtype="http://schema.org/QuantitativeValue">/<span itemprop="unitText">400g</span></span></td><td>$14.97/kg</td><td style="display: none;">2020-02-26</td><td style="display: none;"></td><td style="display: none;">house brand</td><td style="display: none;">size 31-40</td><td style="display: none;"></td><td style="display: none;"></td><td style="display: none;">zipper back, frozen</td><td style="display: none;">white, Pacific</td><td style="display: none;"><a class="recipeLink" href="/recipe_ingredient_search_results.php?query=(_QU5E__1__________468__[]_1_1)">Recipes with shrimps/prawns, medium-large</a></td></tr><tr role="row" class="odd"><td tabindex="0"><i class="fa fa-thumbs-up"></i><i class="fa fa-thumbs-up"></i></td><td class=" not_printable"><div class="addToGL" data-soscuisine-aisle="7" data-soscuisine-sip="3944879"><i class="fa fa-cart-plus" title="Add to My Grocery List"></i><div></div></div></td><td><img class="storeItemImage" itemprop="image" alt="shrimps/prawns, medium-large, cooked" src="/media/images/store_item/502.jpg"></td><td>shrimps/prawns, medium-large, cooked</td><td class="not_printable sorting_1">fish &amp; seafood</td><td><img style="width:50%;" src="/media/images/logos/marchands/38.png" alt="Farm Boy"></td><td><span itemprop="price">$5.99</span><span itemprop="eligibleQuantity" itemscope="" itemtype="http://schema.org/QuantitativeValue">/<span itemprop="unitText">12oz (340g)</span></span></td><td>$17.62/kg</td><td style="display: none;">2020-02-26</td><td style="display: none;"></td><td style="display: none;">house brand</td><td style="display: none;">size 31-40</td><td style="display: none;"></td><td style="display: none;"></td><td style="display: none;">frozen</td><td style="display: none;"></td><td style="display: none;"><a class="recipeLink" href="/recipe_ingredient_search_results.php?query=(_QU5E__1__________502__[]_1_1)">Recipes with shrimps/prawns, medium-large, cooked</a></td></tr><tr role="row" class="even"><td tabindex="0"><i class="fa fa-thumbs-down"></i></td><td class=" not_printable"><div class="addToGL" data-soscuisine-aisle="7" data-soscuisine-sip="3945633"><i class="fa fa-cart-plus" title="Add to My Grocery List"></i><div></div></div></td><td><img class="storeItemImage" itemprop="image" alt="shrimps/prawns, medium-large, cooked" src="/media/images/store_item/502.jpg"></td><td>shrimps/prawns, medium-large, cooked</td><td class="not_printable sorting_1">fish &amp; seafood</td><td><img style="width:50%;" src="/media/images/logos/marchands/18.png" alt="Food Basics"></td><td><span itemprop="price">$8.99</span><span itemprop="eligibleQuantity" itemscope="" itemtype="http://schema.org/QuantitativeValue">/<span itemprop="unitText">12oz (340g)</span></span></td><td>$26.44/kg</td><td style="display: none;">2020-02-26</td><td style="display: none;"></td><td style="display: none;">house brand</td><td style="display: none;">size 31-40</td><td style="display: none;">Pacific</td><td style="display: none;"></td><td style="display: none;">frozen</td><td style="display: none;"></td><td style="display: none;"><a class="recipeLink" href="/recipe_ingredient_search_results.php?query=(_QU5E__1__________502__[]_1_1)">Recipes with shrimps/prawns, medium-large, cooked</a></td></tr><tr role="row" class="odd"><td tabindex="0"><i class="fas fa-hand-rock"></i></td><td class=" not_printable"><div class="addToGL" data-soscuisine-aisle="7" data-soscuisine-sip="3942261"><i class="fa fa-cart-plus" title="Add to My Grocery List"></i><div></div></div></td><td><img class="storeItemImage" itemprop="image" alt="shrimps/prawns, medium-large, cooked" src="/media/images/store_item/502.jpg"></td><td>shrimps/prawns, medium-large, cooked</td><td class="not_printable sorting_1">fish &amp; seafood</td><td><img style="width:50%;" src="/media/images/logos/marchands/16.png" alt="Foodland"></td><td><span itemprop="price">$7.99</span><span itemprop="eligibleQuantity" itemscope="" itemtype="http://schema.org/QuantitativeValue">/<span itemprop="unitText">12oz (340g)</span></span></td><td>$23.50/kg</td><td style="display: none;">2020-02-26</td><td style="display: none;"></td><td style="display: none;">house brand</td><td style="display: none;">size 31-40</td><td style="display: none;"></td><td style="display: none;"></td><td style="display: none;"></td><td style="display: none;">white, Pacific</td><td style="display: none;"><a class="recipeLink" href="/recipe_ingredient_search_results.php?query=(_QU5E__1__________502__[]_1_1)">Recipes with shrimps/prawns, medium-large, cooked</a></td></tr><tr role="row" class="even"><td tabindex="0"><i class="fa fa-thumbs-up"></i><i class="fa fa-thumbs-up"></i></td><td class=" not_printable"><div class="addToGL" data-soscuisine-aisle="7" data-soscuisine-sip="3941449"><i class="fa fa-cart-plus" title="Add to My Grocery List"></i><div></div></div></td><td><img class="storeItemImage" itemprop="image" alt="shrimps/prawns, medium-large, cooked" src="/media/images/store_item/502.jpg"></td><td>shrimps/prawns, medium-large, cooked</td><td class="not_printable sorting_1">fish &amp; seafood</td><td><img style="width:50%;" src="/media/images/logos/marchands/19.png" alt="Loblaws"></td><td><span itemprop="price">$5.99</span><span itemprop="eligibleQuantity" itemscope="" itemtype="http://schema.org/QuantitativeValue">/<span itemprop="unitText">400g</span></span></td><td>$14.97/kg</td><td style="display: none;">2020-02-26</td><td style="display: none;"></td><td style="display: none;">house brand</td><td style="display: none;">size 31-40</td><td style="display: none;"></td><td style="display: none;"></td><td style="display: none;">peeled, frozen</td><td style="display: none;">white, Pacific</td><td style="display: none;"><a class="recipeLink" href="/recipe_ingredient_search_results.php?query=(_QU5E__1__________502__[]_1_1)">Recipes with shrimps/prawns, medium-large, cooked</a></td></tr><tr role="row" class="odd"><td tabindex="0"><i class="fas fa-hand-rock"></i></td><td class=" not_printable"><div class="addToGL" data-soscuisine-aisle="7" data-soscuisine-sip="3945717"><i class="fa fa-cart-plus" title="Add to My Grocery List"></i><div></div></div></td><td><img class="storeItemImage" itemprop="image" alt="shrimps/prawns, medium-large, cooked" src="/media/images/store_item/502.jpg"></td><td>shrimps/prawns, medium-large, cooked</td><td class="not_printable sorting_1">fish &amp; seafood</td><td><img style="width:50%;" src="/media/images/logos/marchands/20.png" alt="Metro"></td><td><span itemprop="price">$7.99</span><span itemprop="eligibleQuantity" itemscope="" itemtype="http://schema.org/QuantitativeValue">/<span itemprop="unitText">12oz (340g)</span></span></td><td>$23.50/kg</td><td style="display: none;">2020-02-26</td><td style="display: none;"></td><td style="display: none;">house brand</td><td style="display: none;">size 31-40</td><td style="display: none;">Pacific</td><td style="display: none;"></td><td style="display: none;">frozen</td><td style="display: none;"></td><td style="display: none;"><a class="recipeLink" href="/recipe_ingredient_search_results.php?query=(_QU5E__1__________502__[]_1_1)">Recipes with shrimps/prawns, medium-large, cooked</a></td></tr><tr role="row" class="even"><td tabindex="0"><i class="fa fa-thumbs-down"></i></td><td class=" not_printable"><div class="addToGL" data-soscuisine-aisle="7" data-soscuisine-sip="3944751"><i class="fa fa-cart-plus" title="Add to My Grocery List"></i><div></div></div></td><td><img class="storeItemImage" itemprop="image" alt="shrimps/prawns, medium-large, cooked" src="/media/images/store_item/502.jpg"></td><td>shrimps/prawns, medium-large, cooked</td><td class="not_printable sorting_1">fish &amp; seafood</td><td><img style="width:50%;" src="/media/images/logos/marchands/52.png" alt="Real Canadian Superstore"></td><td><span itemprop="price">$9.98</span><span itemprop="eligibleQuantity" itemscope="" itemtype="http://schema.org/QuantitativeValue">/<span itemprop="unitText">400g</span></span></td><td>$24.95/kg</td><td style="display: none;">2020-02-26</td><td style="display: none;"></td><td style="display: none;">house brand</td><td style="display: none;">size 31-40</td><td style="display: none;"></td><td style="display: none;"></td><td style="display: none;">peeled, frozen</td><td style="display: none;">white, Pacific</td><td style="display: none;"><a class="recipeLink" href="/recipe_ingredient_search_results.php?query=(_QU5E__1__________502__[]_1_1)">Recipes with shrimps/prawns, medium-large, cooked</a></td></tr><tr role="row" class="odd"><td tabindex="0"><i class="fa fa-thumbs-up"></i><i class="fa fa-thumbs-up"></i></td><td class=" not_printable"><div class="addToGL" data-soscuisine-aisle="7" data-soscuisine-sip="3943589"><i class="fa fa-cart-plus" title="Add to My Grocery List"></i><div></div></div></td><td><img class="storeItemImage" itemprop="image" alt="shrimps/prawns, medium-large, cooked" src="/media/images/store_item/502.jpg"></td><td>shrimps/prawns, medium-large, cooked</td><td class="not_printable sorting_1">fish &amp; seafood</td><td><img style="width:50%;" src="/media/images/logos/marchands/15.png" alt="Sobeys"></td><td><span itemprop="price">$5.99</span><span itemprop="eligibleQuantity" itemscope="" itemtype="http://schema.org/QuantitativeValue">/<span itemprop="unitText">12oz (340g)</span></span></td><td>$17.62/kg</td><td style="display: none;">2020-02-26</td><td style="display: none;"></td><td style="display: none;">house brand</td><td style="display: none;">size 31-40</td><td style="display: none;"></td><td style="display: none;"></td><td style="display: none;"></td><td style="display: none;"></td><td style="display: none;"><a class="recipeLink" href="/recipe_ingredient_search_results.php?query=(_QU5E__1__________502__[]_1_1)">Recipes with shrimps/prawns, medium-large, cooked</a></td></tr><tr role="row" class="even"><td tabindex="0"><i class="fa fa-thumbs-up"></i><i class="fa fa-thumbs-up"></i></td><td class=" not_printable"><div class="addToGL" data-soscuisine-aisle="7" data-soscuisine-sip="3943281"><i class="fa fa-cart-plus" title="Add to My Grocery List"></i><div></div></div></td><td><img class="storeItemImage" itemprop="image" alt="shrimps/prawns, medium-large, cooked" src="/media/images/store_item/502.jpg"></td><td>shrimps/prawns, medium-large, cooked</td><td class="not_printable sorting_1">fish &amp; seafood</td><td><img style="width:50%;" src="/media/images/logos/marchands/39.png" alt="Your Independent Grocer"></td><td><span itemprop="price">$5.99</span><span itemprop="eligibleQuantity" itemscope="" itemtype="http://schema.org/QuantitativeValue">/<span itemprop="unitText">400g</span></span></td><td>$14.97/kg</td><td style="display: none;">2020-02-26</td><td style="display: none;"></td><td style="display: none;">house brand</td><td style="display: none;">size 31-40</td><td style="display: none;"></td><td style="display: none;"></td><td style="display: none;">peeled, frozen</td><td style="display: none;">white, Pacific</td><td style="display: none;"><a class="recipeLink" href="/recipe_ingredient_search_results.php?query=(_QU5E__1__________502__[]_1_1)">Recipes with shrimps/prawns, medium-large, cooked</a></td></tr><tr role="row" class="odd"><td tabindex="0"><i class="fas fa-hand-rock"></i></td><td class=" not_printable"><div class="addToGL" data-soscuisine-aisle="7" data-soscuisine-sip="3942267"><i class="fa fa-cart-plus" title="Add to My Grocery List"></i><div></div></div></td><td><img class="storeItemImage" itemprop="image" alt="smoked salmon" src="/media/images/store_item/174.jpg"></td><td>smoked salmon</td><td class="not_printable sorting_1">fish &amp; seafood</td><td><img style="width:50%;" src="/media/images/logos/marchands/16.png" alt="Foodland"></td><td><span itemprop="price">$10.99</span><span itemprop="eligibleQuantity" itemscope="" itemtype="http://schema.org/QuantitativeValue">/<span itemprop="unitText">200g</span></span></td><td>$54.95/kg</td><td style="display: none;">2020-02-26</td><td style="display: none;"></td><td style="display: none;">house brand</td><td style="display: none;"></td><td style="display: none;">Atlantic</td><td style="display: none;"></td><td style="display: none;"></td><td style="display: none;"></td><td style="display: none;"><a class="recipeLink" href="/recipe_ingredient_search_results.php?query=(_QU5E__1__________174__[]_1_1)">Recipes with smoked salmon</a></td></tr><tr role="row" class="even"><td tabindex="0"><i class="fa fa-thumbs-up"></i><i class="fa fa-thumbs-up"></i></td><td class=" not_printable"><div class="addToGL" data-soscuisine-aisle="7" data-soscuisine-sip="3941753"><i class="fa fa-cart-plus" title="Add to My Grocery List"></i><div></div></div></td><td><img class="storeItemImage" itemprop="image" alt="smoked salmon" src="/media/images/store_item/174.jpg"></td><td>smoked salmon</td><td class="not_printable sorting_1">fish &amp; seafood</td><td><img style="width:50%;" src="/media/images/logos/marchands/19.png" alt="Loblaws"></td><td><span itemprop="price">$6.99</span><span itemprop="eligibleQuantity" itemscope="" itemtype="http://schema.org/QuantitativeValue">/<span itemprop="unitText">5.3oz (150g)</span></span></td><td>$46.60/kg</td><td style="display: none;">2020-02-26</td><td style="display: none;"></td><td style="display: none;">house brand</td><td style="display: none;"></td><td style="display: none;">Sockeye</td><td style="display: none;">wild</td><td style="display: none;"></td><td style="display: none;"></td><td style="display: none;"><a class="recipeLink" href="/recipe_ingredient_search_results.php?query=(_QU5E__1__________174__[]_1_1)">Recipes with smoked salmon</a></td></tr><tr role="row" class="odd"><td tabindex="0"><i class="fa fa-thumbs-down"></i></td><td class=" not_printable"><div class="addToGL" data-soscuisine-aisle="7" data-soscuisine-sip="3945873"><i class="fa fa-cart-plus" title="Add to My Grocery List"></i><div></div></div></td><td><img class="storeItemImage" itemprop="image" alt="smoked salmon" src="/media/images/store_item/174.jpg"></td><td>smoked salmon</td><td class="not_printable sorting_1">fish &amp; seafood</td><td><img style="width:50%;" src="/media/images/logos/marchands/20.png" alt="Metro"></td><td><span itemprop="price">$8.99</span><span itemprop="eligibleQuantity" itemscope="" itemtype="http://schema.org/QuantitativeValue">/<span itemprop="unitText">140g</span></span></td><td>$64.21/kg</td><td style="display: none;">2020-02-26</td><td style="display: none;"></td><td style="display: none;">Nanuk</td><td style="display: none;"></td><td style="display: none;">Coho</td><td style="display: none;"></td><td style="display: none;">frozen</td><td style="display: none;"></td><td style="display: none;"><a class="recipeLink" href="/recipe_ingredient_search_results.php?query=(_QU5E__1__________174__[]_1_1)">Recipes with smoked salmon</a></td></tr><tr role="row" class="even"><td tabindex="0"><i class="fa fa-thumbs-up"></i><i class="fa fa-thumbs-up"></i></td><td class=" not_printable"><div class="addToGL" data-soscuisine-aisle="7" data-soscuisine-sip="3944799"><i class="fa fa-cart-plus" title="Add to My Grocery List"></i><div></div></div></td><td><img class="storeItemImage" itemprop="image" alt="smoked salmon" src="/media/images/store_item/174.jpg"></td><td>smoked salmon</td><td class="not_printable sorting_1">fish &amp; seafood</td><td><img style="width:50%;" src="/media/images/logos/marchands/52.png" alt="Real Canadian Superstore"></td><td><span itemprop="price">$10.00</span><span itemprop="eligibleQuantity" itemscope="" itemtype="http://schema.org/QuantitativeValue">/<span itemprop="unitText">255g</span></span></td><td>$39.22/kg</td><td style="display: none;">2020-02-26</td><td style="display: none;"></td><td style="display: none;"></td><td style="display: none;"></td><td style="display: none;"></td><td style="display: none;"></td><td style="display: none;">frozen</td><td style="display: none;"></td><td style="display: none;"><a class="recipeLink" href="/recipe_ingredient_search_results.php?query=(_QU5E__1__________174__[]_1_1)">Recipes with smoked salmon</a></td></tr><tr role="row" class="odd"><td tabindex="0"><i class="fa fa-thumbs-up"></i><i class="fa fa-thumbs-up"></i></td><td class=" not_printable"><div class="addToGL" data-soscuisine-aisle="7" data-soscuisine-sip="3943435"><i class="fa fa-cart-plus" title="Add to My Grocery List"></i><div></div></div></td><td><img class="storeItemImage" itemprop="image" alt="smoked salmon" src="/media/images/store_item/174.jpg"></td><td>smoked salmon</td><td class="not_printable sorting_1">fish &amp; seafood</td><td><img style="width:50%;" src="/media/images/logos/marchands/39.png" alt="Your Independent Grocer"></td><td><span itemprop="price">$6.99</span><span itemprop="eligibleQuantity" itemscope="" itemtype="http://schema.org/QuantitativeValue">/<span itemprop="unitText">5.3oz (150g)</span></span></td><td>$46.60/kg</td><td style="display: none;">2020-02-26</td><td style="display: none;"></td><td style="display: none;">house brand</td><td style="display: none;"></td><td style="display: none;">Sockeye</td><td style="display: none;">wild</td><td style="display: none;">frozen</td><td style="display: none;"></td><td style="display: none;"><a class="recipeLink" href="/recipe_ingredient_search_results.php?query=(_QU5E__1__________174__[]_1_1)">Recipes with smoked salmon</a></td></tr><tr role="row" class="even"><td tabindex="0"><i class="fa fa-thumbs-down"></i></td><td class=" not_printable"><div class="addToGL" data-soscuisine-aisle="7" data-soscuisine-sip="3945693"><i class="fa fa-cart-plus" title="Add to My Grocery List"></i><div></div></div></td><td><img class="storeItemImage" alt="smoked steelhead salmon/trout" src="/media/images/store_item/blank.jpg"></td><td>smoked steelhead salmon/trout</td><td class="not_printable sorting_1">fish &amp; seafood</td><td><img style="width:50%;" src="/media/images/logos/marchands/20.png" alt="Metro"></td><td><span itemprop="price">$9.99</span><span itemprop="eligibleQuantity" itemscope="" itemtype="http://schema.org/QuantitativeValue">/<span itemprop="unitText">200g</span></span></td><td>$49.95/kg</td><td style="display: none;">2020-02-26</td><td style="display: none;"></td><td style="display: none;">Dom</td><td style="display: none;"></td><td style="display: none;"></td><td style="display: none;"></td><td style="display: none;">frozen</td><td style="display: none;"></td><td style="display: none;"><a class="recipeLink" href="/recipe_ingredient_search_results.php?query=(_QU5E__1__________1194__[]_1_1)">Recipes with smoked steelhead salmon/trout</a></td></tr><tr role="row" class="odd"><td tabindex="0"><i class="fas fa-hand-rock"></i></td><td class=" not_printable"><div class="addToGL" data-soscuisine-aisle="7" data-soscuisine-sip="3945627"><i class="fa fa-cart-plus" title="Add to My Grocery List"></i><div></div></div></td><td><img class="storeItemImage" itemprop="image" alt="sole fillets" src="/media/images/store_item/339.jpg"></td><td>sole fillets</td><td class="not_printable sorting_1">fish &amp; seafood</td><td><img style="width:50%;" src="/media/images/logos/marchands/18.png" alt="Food Basics"></td><td><span itemprop="price">$5.99</span><span itemprop="eligibleQuantity" itemscope="" itemtype="http://schema.org/QuantitativeValue">/<span itemprop="unitText">400g</span></span></td><td>$14.97/kg</td><td style="display: none;">2020-02-26</td><td style="display: none;"></td><td style="display: none;">house brand</td><td style="display: none;"></td><td style="display: none;"></td><td style="display: none;"></td><td style="display: none;">frozen</td><td style="display: none;"></td><td style="display: none;"><a class="recipeLink" href="/recipe_ingredient_search_results.php?query=(_QU5E__1__________339__[]_1_1)">Recipes with sole fillets</a></td></tr><tr role="row" class="even"><td tabindex="0"><i class="fas fa-hand-rock"></i></td><td class=" not_printable"><div class="addToGL" data-soscuisine-aisle="7" data-soscuisine-sip="3944889"><i class="fa fa-cart-plus" title="Add to My Grocery List"></i><div></div></div></td><td><img class="storeItemImage" itemprop="image" alt="tilapia fillets" src="/media/images/store_item/2.jpg"></td><td>tilapia fillets</td><td class="not_printable sorting_1">fish &amp; seafood</td><td><img style="width:50%;" src="/media/images/logos/marchands/52.png" alt="Real Canadian Superstore"></td><td><span itemprop="price">$17.98</span><span itemprop="eligibleQuantity" itemscope="" itemtype="http://schema.org/QuantitativeValue">/<span itemprop="unitText">1,36kg</span></span></td><td>$13.22/kg</td><td style="display: none;">2020-02-26</td><td style="display: none;"></td><td style="display: none;">house brand</td><td style="display: none;"></td><td style="display: none;"></td><td style="display: none;"></td><td style="display: none;">frozen</td><td style="display: none;"></td><td style="display: none;"><a class="recipeLink" href="/recipe_ingredient_search_results.php?query=(_QU5E__1__________2__[]_1_1)">Recipes with tilapia fillets</a></td></tr><tr role="row" class="odd"><td tabindex="0"><i class="fa fa-thumbs-up"></i><i class="fa fa-thumbs-up"></i></td><td class=" not_printable"><div class="addToGL" data-soscuisine-aisle="7" data-soscuisine-sip="3941751"><i class="fa fa-cart-plus" title="Add to My Grocery List"></i><div></div></div></td><td><img class="storeItemImage" itemprop="image" alt="tilapia fillets, fresh" src="/media/images/store_item/1031.jpg"></td><td>tilapia fillets, fresh</td><td class="not_printable sorting_1">fish &amp; seafood</td><td><img style="width:50%;" src="/media/images/logos/marchands/19.png" alt="Loblaws"></td><td><span itemprop="price">$6.99</span><span itemprop="eligibleQuantity" itemscope="" itemtype="http://schema.org/QuantitativeValue">/<span itemprop="unitText">lb</span></span></td><td>$15.41/kg</td><td style="display: none;">2020-02-26</td><td style="display: none;"></td><td style="display: none;"></td><td style="display: none;"></td><td style="display: none;"></td><td style="display: none;"></td><td style="display: none;"></td><td style="display: none;">ASC certified</td><td style="display: none;"><a class="recipeLink" href="/recipe_ingredient_search_results.php?query=(_QU5E__1__________1031__[]_1_1)">Recipes with tilapia fillets, fresh</a></td></tr><tr role="row" class="even"><td tabindex="0"><i class="fa fa-thumbs-down"></i></td><td class=" not_printable"><div class="addToGL" data-soscuisine-aisle="7" data-soscuisine-sip="3945857"><i class="fa fa-cart-plus" title="Add to My Grocery List"></i><div></div></div></td><td><img class="storeItemImage" itemprop="image" alt="tilapia fillets, fresh" src="/media/images/store_item/1031.jpg"></td><td>tilapia fillets, fresh</td><td class="not_printable sorting_1">fish &amp; seafood</td><td><img style="width:50%;" src="/media/images/logos/marchands/20.png" alt="Metro"></td><td><span itemprop="price">$9.99</span><span itemprop="eligibleQuantity" itemscope="" itemtype="http://schema.org/QuantitativeValue">/<span itemprop="unitText">lb</span></span></td><td>$22.02/kg</td><td style="display: none;">2020-02-26</td><td style="display: none;"></td><td style="display: none;"></td><td style="display: none;"></td><td style="display: none;"></td><td style="display: none;"></td><td style="display: none;">large pack</td><td style="display: none;">min. 900g purchase</td><td style="display: none;"><a class="recipeLink" href="/recipe_ingredient_search_results.php?query=(_QU5E__1__________1031__[]_1_1)">Recipes with tilapia fillets, fresh</a></td></tr><tr role="row" class="odd"><td tabindex="0"><i class="fa fa-thumbs-up"></i><i class="fa fa-thumbs-up"></i></td><td class=" not_printable"><div class="addToGL" data-soscuisine-aisle="7" data-soscuisine-sip="3943429"><i class="fa fa-cart-plus" title="Add to My Grocery List"></i><div></div></div></td><td><img class="storeItemImage" itemprop="image" alt="tilapia fillets, fresh" src="/media/images/store_item/1031.jpg"></td><td>tilapia fillets, fresh</td><td class="not_printable sorting_1">fish &amp; seafood</td><td><img style="width:50%;" src="/media/images/logos/marchands/39.png" alt="Your Independent Grocer"></td><td><span itemprop="price">$6.99</span><span itemprop="eligibleQuantity" itemscope="" itemtype="http://schema.org/QuantitativeValue">/<span itemprop="unitText">lb</span></span></td><td>$15.41/kg</td><td style="display: none;">2020-02-26</td><td style="display: none;"></td><td style="display: none;"></td><td style="display: none;"></td><td style="display: none;"></td><td style="display: none;"></td><td style="display: none;"></td><td style="display: none;">ASC certified</td><td style="display: none;"><a class="recipeLink" href="/recipe_ingredient_search_results.php?query=(_QU5E__1__________1031__[]_1_1)">Recipes with tilapia fillets, fresh</a></td></tr><tr role="row" class="even"><td tabindex="0"><i class="fa fa-thumbs-up"></i><i class="fa fa-thumbs-up"></i></td><td class=" not_printable"><div class="addToGL" data-soscuisine-aisle="7" data-soscuisine-sip="3941757"><i class="fa fa-cart-plus" title="Add to My Grocery List"></i><div></div></div></td><td><img class="storeItemImage" itemprop="image" alt="trout fillets" src="/media/images/store_item/328.jpg"></td><td>trout fillets</td><td class="not_printable sorting_1">fish &amp; seafood</td><td><img style="width:50%;" src="/media/images/logos/marchands/19.png" alt="Loblaws"></td><td><span itemprop="price">$10.99</span><span itemprop="eligibleQuantity" itemscope="" itemtype="http://schema.org/QuantitativeValue">/<span itemprop="unitText">280g</span></span></td><td>$39.25/kg</td><td style="display: none;">2020-02-26</td><td style="display: none;"></td><td style="display: none;">house brand</td><td style="display: none;"></td><td style="display: none;"></td><td style="display: none;"></td><td style="display: none;">frozen</td><td style="display: none;"></td><td style="display: none;"><a class="recipeLink" href="/recipe_ingredient_search_results.php?query=(_QU5E__1__________328__[]_1_1)">Recipes with trout fillets</a></td></tr><tr role="row" class="odd"><td tabindex="0"><i class="fa fa-thumbs-up"></i><i class="fa fa-thumbs-up"></i></td><td class=" not_printable"><div class="addToGL" data-soscuisine-aisle="7" data-soscuisine-sip="3944769"><i class="fa fa-cart-plus" title="Add to My Grocery List"></i><div></div></div></td><td><img class="storeItemImage" itemprop="image" alt="trout fillets" src="/media/images/store_item/328.jpg"></td><td>trout fillets</td><td class="not_printable sorting_1">fish &amp; seafood</td><td><img style="width:50%;" src="/media/images/logos/marchands/52.png" alt="Real Canadian Superstore"></td><td><span itemprop="price">$2.98</span><span itemprop="eligibleQuantity" itemscope="" itemtype="http://schema.org/QuantitativeValue">/<span itemprop="unitText">113g (4oz)</span></span></td><td>$26.37/kg</td><td style="display: none;">2020-02-26</td><td style="display: none;"></td><td style="display: none;"></td><td style="display: none;"></td><td style="display: none;">rainbow</td><td style="display: none;"></td><td style="display: none;"></td><td style="display: none;">portions</td><td style="display: none;"><a class="recipeLink" href="/recipe_ingredient_search_results.php?query=(_QU5E__1__________328__[]_1_1)">Recipes with trout fillets</a></td></tr><tr role="row" class="even"><td tabindex="0"><i class="fa fa-thumbs-up"></i><i class="fa fa-thumbs-up"></i></td><td class=" not_printable"><div class="addToGL" data-soscuisine-aisle="7" data-soscuisine-sip="3943443"><i class="fa fa-cart-plus" title="Add to My Grocery List"></i><div></div></div></td><td><img class="storeItemImage" itemprop="image" alt="trout fillets" src="/media/images/store_item/328.jpg"></td><td>trout fillets</td><td class="not_printable sorting_1">fish &amp; seafood</td><td><img style="width:50%;" src="/media/images/logos/marchands/39.png" alt="Your Independent Grocer"></td><td><span itemprop="price">$10.99</span><span itemprop="eligibleQuantity" itemscope="" itemtype="http://schema.org/QuantitativeValue">/<span itemprop="unitText">280g</span></span></td><td>$39.25/kg</td><td style="display: none;">2020-02-26</td><td style="display: none;"></td><td style="display: none;">house brand</td><td style="display: none;"></td><td style="display: none;"></td><td style="display: none;"></td><td style="display: none;">frozen</td><td style="display: none;"></td><td style="display: none;"><a class="recipeLink" href="/recipe_ingredient_search_results.php?query=(_QU5E__1__________328__[]_1_1)">Recipes with trout fillets</a></td></tr><tr role="row" class="odd"><td tabindex="0"><i class="fa fa-thumbs-up"></i><i class="fa fa-thumbs-up"></i></td><td class=" not_printable"><div class="addToGL" data-soscuisine-aisle="7" data-soscuisine-sip="3941937"><i class="fa fa-cart-plus" title="Add to My Grocery List"></i><div></div></div></td><td><img class="storeItemImage" alt="trout fillets, fresh" src="/media/images/store_item/blank.jpg"></td><td>trout fillets, fresh</td><td class="not_printable sorting_1">fish &amp; seafood</td><td><img style="width:50%;" src="/media/images/logos/marchands/19.png" alt="Loblaws"></td><td><span itemprop="price">$8.99</span><span itemprop="eligibleQuantity" itemscope="" itemtype="http://schema.org/QuantitativeValue">/<span itemprop="unitText">lb</span></span></td><td>$19.82/kg</td><td style="display: none;">2020-02-26</td><td style="display: none;"></td><td style="display: none;"></td><td style="display: none;"></td><td style="display: none;">rainbow</td><td style="display: none;"></td><td style="display: none;"></td><td style="display: none;"></td><td style="display: none;"><a class="recipeLink" href="/recipe_ingredient_search_results.php?query=(_QU5E__1__________1037__[]_1_1)">Recipes with trout fillets, fresh</a></td></tr><tr role="row" class="even"><td tabindex="0"><i class="fas fa-hand-rock"></i></td><td class=" not_printable"><div class="addToGL" data-soscuisine-aisle="7" data-soscuisine-sip="3945853"><i class="fa fa-cart-plus" title="Add to My Grocery List"></i><div></div></div></td><td><img class="storeItemImage" alt="trout fillets, fresh" src="/media/images/store_item/blank.jpg"></td><td>trout fillets, fresh</td><td class="not_printable sorting_1">fish &amp; seafood</td><td><img style="width:50%;" src="/media/images/logos/marchands/20.png" alt="Metro"></td><td><span itemprop="price">$9.99</span><span itemprop="eligibleQuantity" itemscope="" itemtype="http://schema.org/QuantitativeValue">/<span itemprop="unitText">lb</span></span></td><td>$22.02/kg</td><td style="display: none;">2020-02-26</td><td style="display: none;">Ontario</td><td style="display: none;"></td><td style="display: none;"></td><td style="display: none;">rainbow</td><td style="display: none;"></td><td style="display: none;">large pack</td><td style="display: none;">min. 900g purchase</td><td style="display: none;"><a class="recipeLink" href="/recipe_ingredient_search_results.php?query=(_QU5E__1__________1037__[]_1_1)">Recipes with trout fillets, fresh</a></td></tr><tr role="row" class="odd"><td tabindex="0"><i class="fa fa-thumbs-up"></i><i class="fa fa-thumbs-up"></i></td><td class=" not_printable"><div class="addToGL" data-soscuisine-aisle="7" data-soscuisine-sip="3944321"><i class="fa fa-cart-plus" title="Add to My Grocery List"></i><div></div></div></td><td><img class="storeItemImage" alt="trout fillets, fresh" src="/media/images/store_item/blank.jpg"></td><td>trout fillets, fresh</td><td class="not_printable sorting_1">fish &amp; seafood</td><td><img style="width:50%;" src="/media/images/logos/marchands/39.png" alt="Your Independent Grocer"></td><td><span itemprop="price">$8.99</span><span itemprop="eligibleQuantity" itemscope="" itemtype="http://schema.org/QuantitativeValue">/<span itemprop="unitText">lb</span></span></td><td>$19.82/kg</td><td style="display: none;">2020-02-26</td><td style="display: none;"></td><td style="display: none;"></td><td style="display: none;"></td><td style="display: none;">rainbow</td><td style="display: none;"></td><td style="display: none;"></td><td style="display: none;"></td><td style="display: none;"><a class="recipeLink" href="/recipe_ingredient_search_results.php?query=(_QU5E__1__________1037__[]_1_1)">Recipes with trout fillets, fresh</a></td></tr><tr role="row" class="even"><td tabindex="0"><i class="fa fa-thumbs-up"></i></td><td class=" not_printable"><div class="addToGL" data-soscuisine-aisle="7" data-soscuisine-sip="3945629"><i class="fa fa-cart-plus" title="Add to My Grocery List"></i><div></div></div></td><td><img class="storeItemImage" alt="tuna steaks" src="/media/images/store_item/blank.jpg"></td><td>tuna steaks</td><td class="not_printable sorting_1">fish &amp; seafood</td><td><img style="width:50%;" src="/media/images/logos/marchands/18.png" alt="Food Basics"></td><td><span itemprop="price">$8.99</span><span itemprop="eligibleQuantity" itemscope="" itemtype="http://schema.org/QuantitativeValue">/<span itemprop="unitText">12oz (340g)</span></span></td><td>$26.44/kg</td><td style="display: none;">2020-02-26</td><td style="display: none;"></td><td style="display: none;">Sea Delight</td><td style="display: none;"></td><td style="display: none;"></td><td style="display: none;"></td><td style="display: none;">frozen</td><td style="display: none;"></td><td style="display: none;"><a class="recipeLink" href="/recipe_ingredient_search_results.php?query=(_QU5E__1__________175__[]_1_1)">Recipes with tuna steaks</a></td></tr><tr role="row" class="odd"><td tabindex="0"><i class="fa fa-thumbs-down"></i></td><td class=" not_printable"><div class="addToGL" data-soscuisine-aisle="13" data-soscuisine-sip="3944985"><i class="fa fa-cart-plus" title="Add to My Grocery List"></i><div></div></div></td><td><img class="storeItemImage" alt="almond beverage/milk" src="/media/images/store_item/blank.jpg"></td><td>almond beverage/milk</td><td class="not_printable sorting_1">other refrigerated items</td><td><img style="width:50%;" src="/media/images/logos/marchands/38.png" alt="Farm Boy"></td><td><span itemprop="price">$3.99</span><span itemprop="eligibleQuantity" itemscope="" itemtype="http://schema.org/QuantitativeValue">/<span itemprop="unitText">59oz (1.75L)</span></span></td><td>$2.28/L</td><td style="display: none;">2020-02-26</td><td style="display: none;"></td><td style="display: none;">Earth's Own</td><td style="display: none;"></td><td style="display: none;">gluten-free</td><td style="display: none;"></td><td style="display: none;"></td><td style="display: none;"></td><td style="display: none;"><a class="recipeLink" href="/recipe_ingredient_search_results.php?query=(_QU5E__1__________986__[]_1_1)">Recipes with almond beverage/milk</a></td></tr><tr role="row" class="even"><td tabindex="0"><i class="fa fa-thumbs-down"></i></td><td class=" not_printable"><div class="addToGL" data-soscuisine-aisle="13" data-soscuisine-sip="3945029"><i class="fa fa-cart-plus" title="Add to My Grocery List"></i><div></div></div></td><td><img class="storeItemImage" alt="almond beverage/milk" src="/media/images/store_item/blank.jpg"></td><td>almond beverage/milk</td><td class="not_printable sorting_1">other refrigerated items</td><td><img style="width:50%;" src="/media/images/logos/marchands/38.png" alt="Farm Boy"></td><td><span itemprop="price">$5.99</span><span itemprop="eligibleQuantity" itemscope="" itemtype="http://schema.org/QuantitativeValue">/<span itemprop="unitText">946mL</span></span></td><td>$6.33/L</td><td style="display: none;">2020-02-26</td><td style="display: none;"></td><td style="display: none;"></td><td style="display: none;"></td><td style="display: none;">gluten-free</td><td style="display: none;"></td><td style="display: none;"></td><td style="display: none;">Elmhurst</td><td style="display: none;"><a class="recipeLink" href="/recipe_ingredient_search_results.php?query=(_QU5E__1__________986__[]_1_1)">Recipes with almond beverage/milk</a></td></tr><tr role="row" class="odd"><td tabindex="0"><i class="fa fa-thumbs-up"></i></td><td class=" not_printable"><div class="addToGL" data-soscuisine-aisle="13" data-soscuisine-sip="3945519"><i class="fa fa-cart-plus" title="Add to My Grocery List"></i><div></div></div></td><td><img class="storeItemImage" alt="almond beverage/milk" src="/media/images/store_item/blank.jpg"></td><td>almond beverage/milk</td><td class="not_printable sorting_1">other refrigerated items</td><td><img style="width:50%;" src="/media/images/logos/marchands/18.png" alt="Food Basics"></td><td><span itemprop="price">$3.49</span><span itemprop="eligibleQuantity" itemscope="" itemtype="http://schema.org/QuantitativeValue">/<span itemprop="unitText">64oz (1.89L)</span></span></td><td>$1.85/L</td><td style="display: none;">2020-02-26</td><td style="display: none;"></td><td style="display: none;">Earth's Own</td><td style="display: none;"></td><td style="display: none;"></td><td style="display: none;"></td><td style="display: none;"></td><td style="display: none;"></td><td style="display: none;"><a class="recipeLink" href="/recipe_ingredient_search_results.php?query=(_QU5E__1__________986__[]_1_1)">Recipes with almond beverage/milk</a></td></tr><tr role="row" class="even"><td tabindex="0"><i class="fa fa-thumbs-up"></i></td><td class=" not_printable"><div class="addToGL" data-soscuisine-aisle="13" data-soscuisine-sip="3945529"><i class="fa fa-cart-plus" title="Add to My Grocery List"></i><div></div></div></td><td><img class="storeItemImage" alt="almond beverage/milk" src="/media/images/store_item/blank.jpg"></td><td>almond beverage/milk</td><td class="not_printable sorting_1">other refrigerated items</td><td><img style="width:50%;" src="/media/images/logos/marchands/18.png" alt="Food Basics"></td><td><span itemprop="price">$3.49</span><span itemprop="eligibleQuantity" itemscope="" itemtype="http://schema.org/QuantitativeValue">/<span itemprop="unitText">64oz (1.89L)</span></span></td><td>$1.85/L</td><td style="display: none;">2020-02-26</td><td style="display: none;"></td><td style="display: none;">Silk</td><td style="display: none;"></td><td style="display: none;"></td><td style="display: none;"></td><td style="display: none;"></td><td style="display: none;"></td><td style="display: none;"><a class="recipeLink" href="/recipe_ingredient_search_results.php?query=(_QU5E__1__________986__[]_1_1)">Recipes with almond beverage/milk</a></td></tr><tr role="row" class="odd"><td tabindex="0"><i class="fas fa-hand-rock"></i></td><td class=" not_printable"><div class="addToGL" data-soscuisine-aisle="13" data-soscuisine-sip="3945521"><i class="fa fa-cart-plus" title="Add to My Grocery List"></i><div></div></div></td><td><img class="storeItemImage" alt="almond beverage/milk" src="/media/images/store_item/blank.jpg"></td><td>almond beverage/milk</td><td class="not_printable sorting_1">other refrigerated items</td><td><img style="width:50%;" src="/media/images/logos/marchands/18.png" alt="Food Basics"></td><td><span itemprop="price">$3.49</span><span itemprop="eligibleQuantity" itemscope="" itemtype="http://schema.org/QuantitativeValue">/<span itemprop="unitText">59oz (1.75L)</span></span></td><td>$1.99/L</td><td style="display: none;">2020-02-26</td><td style="display: none;"></td><td style="display: none;">Earth's Own</td><td style="display: none;"></td><td style="display: none;"></td><td style="display: none;">Organic</td><td style="display: none;"></td><td style="display: none;"></td><td style="display: none;"><a class="recipeLink" href="/recipe_ingredient_search_results.php?query=(_QU5E__1__________986__[]_1_1)">Recipes with almond beverage/milk</a></td></tr><tr role="row" class="even"><td tabindex="0"><i class="fa fa-thumbs-down"></i></td><td class=" not_printable"><div class="addToGL" data-soscuisine-aisle="13" data-soscuisine-sip="3943187"><i class="fa fa-cart-plus" title="Add to My Grocery List"></i><div></div></div></td><td><img class="storeItemImage" alt="almond beverage/milk" src="/media/images/store_item/blank.jpg"></td><td>almond beverage/milk</td><td class="not_printable sorting_1">other refrigerated items</td><td><img style="width:50%;" src="/media/images/logos/marchands/16.png" alt="Foodland"></td><td><span itemprop="price">$5.49</span><span itemprop="eligibleQuantity" itemscope="" itemtype="http://schema.org/QuantitativeValue">/<span itemprop="unitText">1.4L</span></span></td><td>$3.92/L</td><td style="display: none;">2020-02-26</td><td style="display: none;"></td><td style="display: none;">Califia</td><td style="display: none;"></td><td style="display: none;"></td><td style="display: none;"></td><td style="display: none;"></td><td style="display: none;"></td><td style="display: none;"><a class="recipeLink" href="/recipe_ingredient_search_results.php?query=(_QU5E__1__________986__[]_1_1)">Recipes with almond beverage/milk</a></td></tr><tr role="row" class="odd"><td tabindex="0"><i class="fa fa-thumbs-up"></i></td><td class=" not_printable"><div class="addToGL" data-soscuisine-aisle="13" data-soscuisine-sip="3941849"><i class="fa fa-cart-plus" title="Add to My Grocery List"></i><div></div></div></td><td><img class="storeItemImage" alt="almond beverage/milk" src="/media/images/store_item/blank.jpg"></td><td>almond beverage/milk</td><td class="not_printable sorting_1">other refrigerated items</td><td><img style="width:50%;" src="/media/images/logos/marchands/19.png" alt="Loblaws"></td><td><span itemprop="price">$7.00</span><span itemprop="eligibleQuantity" itemscope="" itemtype="http://schema.org/QuantitativeValue">/<span itemprop="value">2</span>x<span itemprop="unitText">64oz (1.89L)</span></span></td><td>$1.85/L</td><td style="display: none;">2020-02-26</td><td style="display: none;"></td><td style="display: none;">Blue Diamond</td><td style="display: none;"></td><td style="display: none;"></td><td style="display: none;"></td><td style="display: none;"></td><td style="display: none;"></td><td style="display: none;"><a class="recipeLink" href="/recipe_ingredient_search_results.php?query=(_QU5E__1__________986__[]_1_1)">Recipes with almond beverage/milk</a></td></tr><tr role="row" class="even"><td tabindex="0"><i class="fas fa-hand-rock"></i></td><td class=" not_printable"><div class="addToGL" data-soscuisine-aisle="13" data-soscuisine-sip="3941955"><i class="fa fa-cart-plus" title="Add to My Grocery List"></i><div></div></div></td><td><img class="storeItemImage" alt="almond beverage/milk" src="/media/images/store_item/blank.jpg"></td><td>almond beverage/milk</td><td class="not_printable sorting_1">other refrigerated items</td><td><img style="width:50%;" src="/media/images/logos/marchands/19.png" alt="Loblaws"></td><td><span itemprop="price">$4.00</span><span itemprop="eligibleQuantity" itemscope="" itemtype="http://schema.org/QuantitativeValue">/<span itemprop="value">2</span>x<span itemprop="unitText">946mL</span></span></td><td>$2.11/L</td><td style="display: none;">2020-02-26</td><td style="display: none;"></td><td style="display: none;">Blue Diamond</td><td style="display: none;"></td><td style="display: none;"></td><td style="display: none;"></td><td style="display: none;"></td><td style="display: none;"></td><td style="display: none;"><a class="recipeLink" href="/recipe_ingredient_search_results.php?query=(_QU5E__1__________986__[]_1_1)">Recipes with almond beverage/milk</a></td></tr><tr role="row" class="odd"><td tabindex="0"><i class="fas fa-hand-rock"></i></td><td class=" not_printable"><div class="addToGL" data-soscuisine-aisle="13" data-soscuisine-sip="3941847"><i class="fa fa-cart-plus" title="Add to My Grocery List"></i><div></div></div></td><td><img class="storeItemImage" alt="almond beverage/milk" src="/media/images/store_item/blank.jpg"></td><td>almond beverage/milk</td><td class="not_printable sorting_1">other refrigerated items</td><td><img style="width:50%;" src="/media/images/logos/marchands/19.png" alt="Loblaws"></td><td><span itemprop="price">$3.99</span><span itemprop="eligibleQuantity" itemscope="" itemtype="http://schema.org/QuantitativeValue">/<span itemprop="unitText">64oz (1.89L)</span></span></td><td>$2.11/L</td><td style="display: none;">2020-02-26</td><td style="display: none;"></td><td style="display: none;">Blue Diamond</td><td style="display: none;"></td><td style="display: none;"></td><td style="display: none;"></td><td style="display: none;"></td><td style="display: none;"></td><td style="display: none;"><a class="recipeLink" href="/recipe_ingredient_search_results.php?query=(_QU5E__1__________986__[]_1_1)">Recipes with almond beverage/milk</a></td></tr><tr role="row" class="even"><td tabindex="0"><i class="fa fa-thumbs-down"></i></td><td class=" not_printable"><div class="addToGL" data-soscuisine-aisle="13" data-soscuisine-sip="3941953"><i class="fa fa-cart-plus" title="Add to My Grocery List"></i><div></div></div></td><td><img class="storeItemImage" alt="almond beverage/milk" src="/media/images/store_item/blank.jpg"></td><td>almond beverage/milk</td><td class="not_printable sorting_1">other refrigerated items</td><td><img style="width:50%;" src="/media/images/logos/marchands/19.png" alt="Loblaws"></td><td><span itemprop="price">$2.49</span><span itemprop="eligibleQuantity" itemscope="" itemtype="http://schema.org/QuantitativeValue">/<span itemprop="unitText">946mL</span></span></td><td>$2.63/L</td><td style="display: none;">2020-02-26</td><td style="display: none;"></td><td style="display: none;">Blue Diamond</td><td style="display: none;"></td><td style="display: none;"></td><td style="display: none;"></td><td style="display: none;"></td><td style="display: none;"></td><td style="display: none;"><a class="recipeLink" href="/recipe_ingredient_search_results.php?query=(_QU5E__1__________986__[]_1_1)">Recipes with almond beverage/milk</a></td></tr><tr role="row" class="odd"><td tabindex="0"><i class="fa fa-thumbs-up"></i><i class="fa fa-thumbs-up"></i></td><td class=" not_printable"><div class="addToGL" data-soscuisine-aisle="13" data-soscuisine-sip="3945709"><i class="fa fa-cart-plus" title="Add to My Grocery List"></i><div></div></div></td><td><img class="storeItemImage" alt="almond beverage/milk" src="/media/images/store_item/blank.jpg"></td><td>almond beverage/milk</td><td class="not_printable sorting_1">other refrigerated items</td><td><img style="width:50%;" src="/media/images/logos/marchands/20.png" alt="Metro"></td><td><span itemprop="price">$2.99</span><span itemprop="eligibleQuantity" itemscope="" itemtype="http://schema.org/QuantitativeValue">/<span itemprop="unitText">64oz (1.89L)</span></span></td><td>$1.58/L</td><td style="display: none;">2020-02-26</td><td style="display: none;"></td><td style="display: none;">Silk</td><td style="display: none;"></td><td style="display: none;"></td><td style="display: none;"></td><td style="display: none;"></td><td style="display: none;"></td><td style="display: none;"><a class="recipeLink" href="/recipe_ingredient_search_results.php?query=(_QU5E__1__________986__[]_1_1)">Recipes with almond beverage/milk</a></td></tr><tr role="row" class="even"><td tabindex="0"><i class="fa fa-thumbs-down"></i></td><td class=" not_printable"><div class="addToGL" data-soscuisine-aisle="13" data-soscuisine-sip="3945983"><i class="fa fa-cart-plus" title="Add to My Grocery List"></i><div></div></div></td><td><img class="storeItemImage" alt="almond beverage/milk" src="/media/images/store_item/blank.jpg"></td><td>almond beverage/milk</td><td class="not_printable sorting_1">other refrigerated items</td><td><img style="width:50%;" src="/media/images/logos/marchands/20.png" alt="Metro"></td><td><span itemprop="price">$5.00</span><span itemprop="eligibleQuantity" itemscope="" itemtype="http://schema.org/QuantitativeValue">/<span itemprop="value">2</span>x<span itemprop="unitText">946mL</span></span></td><td>$2.64/L</td><td style="display: none;">2020-02-26</td><td style="display: none;"></td><td style="display: none;">Blue Diamond</td><td style="display: none;"></td><td style="display: none;"></td><td style="display: none;"></td><td style="display: none;"></td><td style="display: none;"></td><td style="display: none;"><a class="recipeLink" href="/recipe_ingredient_search_results.php?query=(_QU5E__1__________986__[]_1_1)">Recipes with almond beverage/milk</a></td></tr><tr role="row" class="odd"><td tabindex="0"><i class="fa fa-thumbs-down"></i></td><td class=" not_printable"><div class="addToGL" data-soscuisine-aisle="13" data-soscuisine-sip="3945985"><i class="fa fa-cart-plus" title="Add to My Grocery List"></i><div></div></div></td><td><img class="storeItemImage" alt="almond beverage/milk" src="/media/images/store_item/blank.jpg"></td><td>almond beverage/milk</td><td class="not_printable sorting_1">other refrigerated items</td><td><img style="width:50%;" src="/media/images/logos/marchands/20.png" alt="Metro"></td><td><span itemprop="price">$2.79</span><span itemprop="eligibleQuantity" itemscope="" itemtype="http://schema.org/QuantitativeValue">/<span itemprop="unitText">946mL</span></span></td><td>$2.95/L</td><td style="display: none;">2020-02-26</td><td style="display: none;"></td><td style="display: none;">Blue Diamond</td><td style="display: none;"></td><td style="display: none;"></td><td style="display: none;"></td><td style="display: none;"></td><td style="display: none;"></td><td style="display: none;"><a class="recipeLink" href="/recipe_ingredient_search_results.php?query=(_QU5E__1__________986__[]_1_1)">Recipes with almond beverage/milk</a></td></tr><tr role="row" class="even"><td tabindex="0"><i class="fa fa-thumbs-up"></i></td><td class=" not_printable"><div class="addToGL" data-soscuisine-aisle="13" data-soscuisine-sip="3943795"><i class="fa fa-cart-plus" title="Add to My Grocery List"></i><div></div></div></td><td><img class="storeItemImage" alt="almond beverage/milk" src="/media/images/store_item/blank.jpg"></td><td>almond beverage/milk</td><td class="not_printable sorting_1">other refrigerated items</td><td><img style="width:50%;" src="/media/images/logos/marchands/15.png" alt="Sobeys"></td><td><span itemprop="price">$7.00</span><span itemprop="eligibleQuantity" itemscope="" itemtype="http://schema.org/QuantitativeValue">/<span itemprop="value">2</span>x<span itemprop="unitText">64oz (1.89L)</span></span></td><td>$1.85/L</td><td style="display: none;">2020-02-26</td><td style="display: none;"></td><td style="display: none;">Earth's Own</td><td style="display: none;"></td><td style="display: none;"></td><td style="display: none;"></td><td style="display: none;"></td><td style="display: none;">or silk</td><td style="display: none;"><a class="recipeLink" href="/recipe_ingredient_search_results.php?query=(_QU5E__1__________986__[]_1_1)">Recipes with almond beverage/milk</a></td></tr><tr role="row" class="odd"><td tabindex="0"><i class="fa fa-thumbs-up"></i></td><td class=" not_printable"><div class="addToGL" data-soscuisine-aisle="13" data-soscuisine-sip="3941337"><i class="fa fa-cart-plus" title="Add to My Grocery List"></i><div></div></div></td><td><img class="storeItemImage" alt="almond beverage/milk" src="/media/images/store_item/blank.jpg"></td><td>almond beverage/milk</td><td class="not_printable sorting_1">other refrigerated items</td><td><img style="width:50%;" src="/media/images/logos/marchands/74.png" alt="Walmart"></td><td><span itemprop="price">$7.00</span><span itemprop="eligibleQuantity" itemscope="" itemtype="http://schema.org/QuantitativeValue">/<span itemprop="value">2</span>x<span itemprop="unitText">64oz (1.89L)</span></span></td><td>$1.85/L</td><td style="display: none;">2020-02-26</td><td style="display: none;"></td><td style="display: none;">Silk</td><td style="display: none;"></td><td style="display: none;"></td><td style="display: none;"></td><td style="display: none;"></td><td style="display: none;"></td><td style="display: none;"><a class="recipeLink" href="/recipe_ingredient_search_results.php?query=(_QU5E__1__________986__[]_1_1)">Recipes with almond beverage/milk</a></td></tr><tr role="row" class="even"><td tabindex="0"><i class="fas fa-hand-rock"></i></td><td class=" not_printable"><div class="addToGL" data-soscuisine-aisle="13" data-soscuisine-sip="3941335"><i class="fa fa-cart-plus" title="Add to My Grocery List"></i><div></div></div></td><td><img class="storeItemImage" alt="almond beverage/milk" src="/media/images/store_item/blank.jpg"></td><td>almond beverage/milk</td><td class="not_printable sorting_1">other refrigerated items</td><td><img style="width:50%;" src="/media/images/logos/marchands/74.png" alt="Walmart"></td><td><span itemprop="price">$3.97</span><span itemprop="eligibleQuantity" itemscope="" itemtype="http://schema.org/QuantitativeValue">/<span itemprop="unitText">64oz (1.89L)</span></span></td><td>$2.10/L</td><td style="display: none;">2020-02-26</td><td style="display: none;"></td><td style="display: none;">Silk</td><td style="display: none;"></td><td style="display: none;"></td><td style="display: none;"></td><td style="display: none;"></td><td style="display: none;"></td><td style="display: none;"><a class="recipeLink" href="/recipe_ingredient_search_results.php?query=(_QU5E__1__________986__[]_1_1)">Recipes with almond beverage/milk</a></td></tr><tr role="row" class="odd"><td tabindex="0"><i class="fa fa-thumbs-up"></i></td><td class=" not_printable"><div class="addToGL" data-soscuisine-aisle="13" data-soscuisine-sip="3943657"><i class="fa fa-cart-plus" title="Add to My Grocery List"></i><div></div></div></td><td><img class="storeItemImage" alt="almond beverage/milk" src="/media/images/store_item/blank.jpg"></td><td>almond beverage/milk</td><td class="not_printable sorting_1">other refrigerated items</td><td><img style="width:50%;" src="/media/images/logos/marchands/39.png" alt="Your Independent Grocer"></td><td><span itemprop="price">$7.00</span><span itemprop="eligibleQuantity" itemscope="" itemtype="http://schema.org/QuantitativeValue">/<span itemprop="value">2</span>x<span itemprop="unitText">64oz (1.89L)</span></span></td><td>$1.85/L</td><td style="display: none;">2020-02-26</td><td style="display: none;"></td><td style="display: none;">Blue Diamond</td><td style="display: none;"></td><td style="display: none;"></td><td style="display: none;"></td><td style="display: none;"></td><td style="display: none;"></td><td style="display: none;"><a class="recipeLink" href="/recipe_ingredient_search_results.php?query=(_QU5E__1__________986__[]_1_1)">Recipes with almond beverage/milk</a></td></tr><tr role="row" class="even"><td tabindex="0"><i class="fas fa-hand-rock"></i></td><td class=" not_printable"><div class="addToGL" data-soscuisine-aisle="13" data-soscuisine-sip="3943651"><i class="fa fa-cart-plus" title="Add to My Grocery List"></i><div></div></div></td><td><img class="storeItemImage" alt="almond beverage/milk" src="/media/images/store_item/blank.jpg"></td><td>almond beverage/milk</td><td class="not_printable sorting_1">other refrigerated items</td><td><img style="width:50%;" src="/media/images/logos/marchands/39.png" alt="Your Independent Grocer"></td><td><span itemprop="price">$3.99</span><span itemprop="eligibleQuantity" itemscope="" itemtype="http://schema.org/QuantitativeValue">/<span itemprop="unitText">64oz (1.89L)</span></span></td><td>$2.11/L</td><td style="display: none;">2020-02-26</td><td style="display: none;"></td><td style="display: none;">Blue Diamond</td><td style="display: none;"></td><td style="display: none;"></td><td style="display: none;"></td><td style="display: none;"></td><td style="display: none;"></td><td style="display: none;"><a class="recipeLink" href="/recipe_ingredient_search_results.php?query=(_QU5E__1__________986__[]_1_1)">Recipes with almond beverage/milk</a></td></tr><tr role="row" class="odd"><td tabindex="0"><i class="fas fa-hand-rock"></i></td><td class=" not_printable"><div class="addToGL" data-soscuisine-aisle="13" data-soscuisine-sip="3944359"><i class="fa fa-cart-plus" title="Add to My Grocery List"></i><div></div></div></td><td><img class="storeItemImage" alt="almond beverage/milk" src="/media/images/store_item/blank.jpg"></td><td>almond beverage/milk</td><td class="not_printable sorting_1">other refrigerated items</td><td><img style="width:50%;" src="/media/images/logos/marchands/39.png" alt="Your Independent Grocer"></td><td><span itemprop="price">$4.00</span><span itemprop="eligibleQuantity" itemscope="" itemtype="http://schema.org/QuantitativeValue">/<span itemprop="value">2</span>x<span itemprop="unitText">946mL</span></span></td><td>$2.11/L</td><td style="display: none;">2020-02-26</td><td style="display: none;"></td><td style="display: none;">Blue Diamond</td><td style="display: none;"></td><td style="display: none;"></td><td style="display: none;"></td><td style="display: none;"></td><td style="display: none;"></td><td style="display: none;"><a class="recipeLink" href="/recipe_ingredient_search_results.php?query=(_QU5E__1__________986__[]_1_1)">Recipes with almond beverage/milk</a></td></tr><tr role="row" class="even"><td tabindex="0"><i class="fa fa-thumbs-down"></i></td><td class=" not_printable"><div class="addToGL" data-soscuisine-aisle="13" data-soscuisine-sip="3944357"><i class="fa fa-cart-plus" title="Add to My Grocery List"></i><div></div></div></td><td><img class="storeItemImage" alt="almond beverage/milk" src="/media/images/store_item/blank.jpg"></td><td>almond beverage/milk</td><td class="not_printable sorting_1">other refrigerated items</td><td><img style="width:50%;" src="/media/images/logos/marchands/39.png" alt="Your Independent Grocer"></td><td><span itemprop="price">$2.49</span><span itemprop="eligibleQuantity" itemscope="" itemtype="http://schema.org/QuantitativeValue">/<span itemprop="unitText">946mL</span></span></td><td>$2.63/L</td><td style="display: none;">2020-02-26</td><td style="display: none;"></td><td style="display: none;">Blue Diamond</td><td style="display: none;"></td><td style="display: none;"></td><td style="display: none;"></td><td style="display: none;"></td><td style="display: none;"></td><td style="display: none;"><a class="recipeLink" href="/recipe_ingredient_search_results.php?query=(_QU5E__1__________986__[]_1_1)">Recipes with almond beverage/milk</a></td></tr><tr role="row" class="odd"><td tabindex="0"><i class="fas fa-exclamation"></i></td><td class=" not_printable"><div class="addToGL" data-soscuisine-aisle="13" data-soscuisine-sip="3944983"><i class="fa fa-cart-plus" title="Add to My Grocery List"></i><div></div></div></td><td><img class="storeItemImage" alt="cashew beverage/milk" src="/media/images/store_item/blank.jpg"></td><td>cashew beverage/milk</td><td class="not_printable sorting_1">other refrigerated items</td><td><img style="width:50%;" src="/media/images/logos/marchands/38.png" alt="Farm Boy"></td><td><span itemprop="price">$3.99</span><span itemprop="eligibleQuantity" itemscope="" itemtype="http://schema.org/QuantitativeValue">/<span itemprop="unitText">59oz (1.75L)</span></span></td><td>$2.28/L</td><td style="display: none;">2020-02-26</td><td style="display: none;"></td><td style="display: none;">Earth's Own</td><td style="display: none;"></td><td style="display: none;">gluten-free</td><td style="display: none;"></td><td style="display: none;"></td><td style="display: none;"></td><td style="display: none;"><a class="recipeLink" href="/recipe_ingredient_search_results.php?query=(_QU5E__1__________1321__[]_1_1)">Recipes with cashew beverage/milk</a></td></tr><tr role="row" class="even"><td tabindex="0"><i class="fas fa-exclamation"></i></td><td class=" not_printable"><div class="addToGL" data-soscuisine-aisle="13" data-soscuisine-sip="3945035"><i class="fa fa-cart-plus" title="Add to My Grocery List"></i><div></div></div></td><td><img class="storeItemImage" alt="cashew beverage/milk" src="/media/images/store_item/blank.jpg"></td><td>cashew beverage/milk</td><td class="not_printable sorting_1">other refrigerated items</td><td><img style="width:50%;" src="/media/images/logos/marchands/38.png" alt="Farm Boy"></td><td><span itemprop="price">$5.99</span><span itemprop="eligibleQuantity" itemscope="" itemtype="http://schema.org/QuantitativeValue">/<span itemprop="unitText">946mL</span></span></td><td>$6.33/L</td><td style="display: none;">2020-02-26</td><td style="display: none;"></td><td style="display: none;"></td><td style="display: none;"></td><td style="display: none;">gluten-free</td><td style="display: none;"></td><td style="display: none;"></td><td style="display: none;">Elmhurst</td><td style="display: none;"><a class="recipeLink" href="/recipe_ingredient_search_results.php?query=(_QU5E__1__________1321__[]_1_1)">Recipes with cashew beverage/milk</a></td></tr><tr role="row" class="odd"><td tabindex="0"><i class="fas fa-hand-rock"></i></td><td class=" not_printable"><div class="addToGL" data-soscuisine-aisle="13" data-soscuisine-sip="3941845"><i class="fa fa-cart-plus" title="Add to My Grocery List"></i><div></div></div></td><td><img class="storeItemImage" alt="coconut beverage" src="/media/images/store_item/blank.jpg"></td><td>coconut beverage</td><td class="not_printable sorting_1">other refrigerated items</td><td><img style="width:50%;" src="/media/images/logos/marchands/19.png" alt="Loblaws"></td><td><span itemprop="price">$5.00</span><span itemprop="eligibleQuantity" itemscope="" itemtype="http://schema.org/QuantitativeValue">/<span itemprop="value">2</span>x<span itemprop="unitText">946mL</span></span></td><td>$2.64/L</td><td style="display: none;">2020-02-26</td><td style="display: none;"></td><td style="display: none;">Dream</td><td style="display: none;"></td><td style="display: none;"></td><td style="display: none;"></td><td style="display: none;"></td><td style="display: none;"></td><td style="display: none;"></td></tr><tr role="row" class="even"><td tabindex="0"><i class="fas fa-hand-rock"></i></td><td class=" not_printable"><div class="addToGL" data-soscuisine-aisle="13" data-soscuisine-sip="3941843"><i class="fa fa-cart-plus" title="Add to My Grocery List"></i><div></div></div></td><td><img class="storeItemImage" alt="coconut beverage" src="/media/images/store_item/blank.jpg"></td><td>coconut beverage</td><td class="not_printable sorting_1">other refrigerated items</td><td><img style="width:50%;" src="/media/images/logos/marchands/19.png" alt="Loblaws"></td><td><span itemprop="price">$2.79</span><span itemprop="eligibleQuantity" itemscope="" itemtype="http://schema.org/QuantitativeValue">/<span itemprop="unitText">946mL</span></span></td><td>$2.95/L</td><td style="display: none;">2020-02-26</td><td style="display: none;"></td><td style="display: none;">Dream</td><td style="display: none;"></td><td style="display: none;"></td><td style="display: none;"></td><td style="display: none;"></td><td style="display: none;"></td><td style="display: none;"></td></tr><tr role="row" class="odd"><td tabindex="0"><i class="fas fa-hand-rock"></i></td><td class=" not_printable"><div class="addToGL" data-soscuisine-aisle="13" data-soscuisine-sip="3943649"><i class="fa fa-cart-plus" title="Add to My Grocery List"></i><div></div></div></td><td><img class="storeItemImage" alt="coconut beverage" src="/media/images/store_item/blank.jpg"></td><td>coconut beverage</td><td class="not_printable sorting_1">other refrigerated items</td><td><img style="width:50%;" src="/media/images/logos/marchands/39.png" alt="Your Independent Grocer"></td><td><span itemprop="price">$5.00</span><span itemprop="eligibleQuantity" itemscope="" itemtype="http://schema.org/QuantitativeValue">/<span itemprop="value">2</span>x<span itemprop="unitText">946mL</span></span></td><td>$2.64/L</td><td style="display: none;">2020-02-26</td><td style="display: none;"></td><td style="display: none;">Dream</td><td style="display: none;"></td><td style="display: none;"></td><td style="display: none;"></td><td style="display: none;"></td><td style="display: none;"></td><td style="display: none;"></td></tr><tr role="row" class="even"><td tabindex="0"><i class="fas fa-hand-rock"></i></td><td class=" not_printable"><div class="addToGL" data-soscuisine-aisle="13" data-soscuisine-sip="3943645"><i class="fa fa-cart-plus" title="Add to My Grocery List"></i><div></div></div></td><td><img class="storeItemImage" alt="coconut beverage" src="/media/images/store_item/blank.jpg"></td><td>coconut beverage</td><td class="not_printable sorting_1">other refrigerated items</td><td><img style="width:50%;" src="/media/images/logos/marchands/39.png" alt="Your Independent Grocer"></td><td><span itemprop="price">$2.79</span><span itemprop="eligibleQuantity" itemscope="" itemtype="http://schema.org/QuantitativeValue">/<span itemprop="unitText">946mL</span></span></td><td>$2.95/L</td><td style="display: none;">2020-02-26</td><td style="display: none;"></td><td style="display: none;">Dream</td><td style="display: none;"></td><td style="display: none;"></td><td style="display: none;"></td><td style="display: none;"></td><td style="display: none;"></td><td style="display: none;"></td></tr><tr role="row" class="odd"><td tabindex="0"><i class="fa fa-thumbs-up"></i><i class="fa fa-thumbs-up"></i></td><td class=" not_printable"><div class="addToGL" data-soscuisine-aisle="13" data-soscuisine-sip="3944293"><i class="fa fa-cart-plus" title="Add to My Grocery List"></i><div></div></div></td><td><img class="storeItemImage" alt="hummus spread" src="/media/images/store_item/blank.jpg"></td><td>hummus spread</td><td class="not_printable sorting_1">other refrigerated items</td><td><img style="width:50%;" src="/media/images/logos/marchands/70.png" alt="FreshCo"></td><td><span itemprop="price">$2.00</span><span itemprop="eligibleQuantity" itemscope="" itemtype="http://schema.org/QuantitativeValue">/<span itemprop="unitText">8oz (227g)</span></span></td><td>$0.88/100g</td><td style="display: none;">2020-02-26</td><td style="display: none;"></td><td style="display: none;">house brand</td><td style="display: none;"></td><td style="display: none;"></td><td style="display: none;"></td><td style="display: none;"></td><td style="display: none;"></td><td style="display: none;"><a class="recipeLink" href="/recipe_ingredient_search_results.php?query=(_QU5E__1__________657__[]_1_1)">Recipes with hummus spread</a></td></tr><tr role="row" class="even"><td tabindex="0"><i class="fas fa-hand-rock"></i></td><td class=" not_printable"><div class="addToGL" data-soscuisine-aisle="13" data-soscuisine-sip="3941781"><i class="fa fa-cart-plus" title="Add to My Grocery List"></i><div></div></div></td><td><img class="storeItemImage" alt="hummus spread" src="/media/images/store_item/blank.jpg"></td><td>hummus spread</td><td class="not_printable sorting_1">other refrigerated items</td><td><img style="width:50%;" src="/media/images/logos/marchands/19.png" alt="Loblaws"></td><td><span itemprop="price">$6.49</span><span itemprop="eligibleQuantity" itemscope="" itemtype="http://schema.org/QuantitativeValue">/<span itemprop="unitText">482g</span></span></td><td>$1.35/100g</td><td style="display: none;">2020-02-26</td><td style="display: none;"></td><td style="display: none;">Sabra</td><td style="display: none;"></td><td style="display: none;"></td><td style="display: none;"></td><td style="display: none;"></td><td style="display: none;"></td><td style="display: none;"><a class="recipeLink" href="/recipe_ingredient_search_results.php?query=(_QU5E__1__________657__[]_1_1)">Recipes with hummus spread</a></td></tr><tr role="row" class="odd"><td tabindex="0"><i class="fa fa-thumbs-up"></i><i class="fa fa-thumbs-up"></i></td><td class=" not_printable"><div class="addToGL" data-soscuisine-aisle="13" data-soscuisine-sip="3944511"><i class="fa fa-cart-plus" title="Add to My Grocery List"></i><div></div></div></td><td><img class="storeItemImage" alt="hummus spread" src="/media/images/store_item/blank.jpg"></td><td>hummus spread</td><td class="not_printable sorting_1">other refrigerated items</td><td><img style="width:50%;" src="/media/images/logos/marchands/17.png" alt="Price Chopper"></td><td><span itemprop="price">$2.00</span><span itemprop="eligibleQuantity" itemscope="" itemtype="http://schema.org/QuantitativeValue">/<span itemprop="unitText">8oz (227g)</span></span></td><td>$0.88/100g</td><td style="display: none;">2020-02-26</td><td style="display: none;"></td><td style="display: none;">house brand</td><td style="display: none;"></td><td style="display: none;"></td><td style="display: none;"></td><td style="display: none;"></td><td style="display: none;"></td><td style="display: none;"><a class="recipeLink" href="/recipe_ingredient_search_results.php?query=(_QU5E__1__________657__[]_1_1)">Recipes with hummus spread</a></td></tr><tr role="row" class="even"><td tabindex="0"><i class="fa fa-thumbs-down"></i></td><td class=" not_printable"><div class="addToGL" data-soscuisine-aisle="13" data-soscuisine-sip="3943635"><i class="fa fa-cart-plus" title="Add to My Grocery List"></i><div></div></div></td><td><img class="storeItemImage" alt="hummus spread" src="/media/images/store_item/blank.jpg"></td><td>hummus spread</td><td class="not_printable sorting_1">other refrigerated items</td><td><img style="width:50%;" src="/media/images/logos/marchands/15.png" alt="Sobeys"></td><td><span itemprop="price">$7.00</span><span itemprop="eligibleQuantity" itemscope="" itemtype="http://schema.org/QuantitativeValue">/<span itemprop="value">2</span>x<span itemprop="unitText">8oz (227g)</span></span></td><td>$1.54/100g</td><td style="display: none;">2020-02-26</td><td style="display: none;"></td><td style="display: none;">house brand</td><td style="display: none;"></td><td style="display: none;"></td><td style="display: none;"></td><td style="display: none;"></td><td style="display: none;"></td><td style="display: none;"><a class="recipeLink" href="/recipe_ingredient_search_results.php?query=(_QU5E__1__________657__[]_1_1)">Recipes with hummus spread</a></td></tr><tr role="row" class="odd"><td tabindex="0"><i class="fas fa-hand-rock"></i></td><td class=" not_printable"><div class="addToGL" data-soscuisine-aisle="13" data-soscuisine-sip="3943491"><i class="fa fa-cart-plus" title="Add to My Grocery List"></i><div></div></div></td><td><img class="storeItemImage" alt="hummus spread" src="/media/images/store_item/blank.jpg"></td><td>hummus spread</td><td class="not_printable sorting_1">other refrigerated items</td><td><img style="width:50%;" src="/media/images/logos/marchands/39.png" alt="Your Independent Grocer"></td><td><span itemprop="price">$6.49</span><span itemprop="eligibleQuantity" itemscope="" itemtype="http://schema.org/QuantitativeValue">/<span itemprop="unitText">482g</span></span></td><td>$1.35/100g</td><td style="display: none;">2020-02-26</td><td style="display: none;"></td><td style="display: none;">Sabra</td><td style="display: none;"></td><td style="display: none;"></td><td style="display: none;"></td><td style="display: none;"></td><td style="display: none;"></td><td style="display: none;"><a class="recipeLink" href="/recipe_ingredient_search_results.php?query=(_QU5E__1__________657__[]_1_1)">Recipes with hummus spread</a></td></tr><tr role="row" class="even"><td tabindex="0"><i class="fa fa-thumbs-down"></i></td><td class=" not_printable"><div class="addToGL" data-soscuisine-aisle="13" data-soscuisine-sip="3945517"><i class="fa fa-cart-plus" title="Add to My Grocery List"></i><div></div></div></td><td><img class="storeItemImage" alt="margarine" src="/media/images/store_item/blank.jpg"></td><td>margarine</td><td class="not_printable sorting_1">other refrigerated items</td><td><img style="width:50%;" src="/media/images/logos/marchands/18.png" alt="Food Basics"></td><td><span itemprop="price">$2.99</span><span itemprop="eligibleQuantity" itemscope="" itemtype="http://schema.org/QuantitativeValue">/<span itemprop="unitText">454g (1lb)</span></span></td><td>$0.66/100g</td><td style="display: none;">2020-02-26</td><td style="display: none;"></td><td style="display: none;">Becel</td><td style="display: none;"></td><td style="display: none;"></td><td style="display: none;"></td><td style="display: none;"></td><td style="display: none;"></td><td style="display: none;"><a class="recipeLink" href="/recipe_ingredient_search_results.php?query=(_QU5E__1__________226__[]_1_1)">Recipes with margarine</a></td></tr><tr role="row" class="odd"><td tabindex="0"><i class="fa fa-thumbs-down"></i></td><td class=" not_printable"><div class="addToGL" data-soscuisine-aisle="13" data-soscuisine-sip="3943183"><i class="fa fa-cart-plus" title="Add to My Grocery List"></i><div></div></div></td><td><img class="storeItemImage" alt="margarine" src="/media/images/store_item/blank.jpg"></td><td>margarine</td><td class="not_printable sorting_1">other refrigerated items</td><td><img style="width:50%;" src="/media/images/logos/marchands/16.png" alt="Foodland"></td><td><span itemprop="price">$4.99</span><span itemprop="eligibleQuantity" itemscope="" itemtype="http://schema.org/QuantitativeValue">/<span itemprop="unitText">2lb (907g)</span></span></td><td>$0.55/100g</td><td style="display: none;">2020-02-26</td><td style="display: none;"></td><td style="display: none;">Becel</td><td style="display: none;"></td><td style="display: none;"></td><td style="display: none;"></td><td style="display: none;"></td><td style="display: none;"></td><td style="display: none;"><a class="recipeLink" href="/recipe_ingredient_search_results.php?query=(_QU5E__1__________226__[]_1_1)">Recipes with margarine</a></td></tr><tr role="row" class="even"><td tabindex="0"><i class="fa fa-thumbs-up"></i><i class="fa fa-thumbs-up"></i></td><td class=" not_printable"><div class="addToGL" data-soscuisine-aisle="13" data-soscuisine-sip="3944423"><i class="fa fa-cart-plus" title="Add to My Grocery List"></i><div></div></div></td><td><img class="storeItemImage" alt="margarine" src="/media/images/store_item/blank.jpg"></td><td>margarine</td><td class="not_printable sorting_1">other refrigerated items</td><td><img style="width:50%;" src="/media/images/logos/marchands/70.png" alt="FreshCo"></td><td><span itemprop="price">$1.00</span><span itemprop="eligibleQuantity" itemscope="" itemtype="http://schema.org/QuantitativeValue">/<span itemprop="unitText">454g (1lb)</span></span></td><td>$0.22/100g</td><td style="display: none;">2020-02-26</td><td style="display: none;"></td><td style="display: none;">IcBin (Becel)</td><td style="display: none;"></td><td style="display: none;"></td><td style="display: none;"></td><td style="display: none;"></td><td style="display: none;">or Imperial</td><td style="display: none;"><a class="recipeLink" href="/recipe_ingredient_search_results.php?query=(_QU5E__1__________226__[]_1_1)">Recipes with margarine</a></td></tr><tr role="row" class="odd"><td tabindex="0"><i class="fas fa-hand-rock"></i></td><td class=" not_printable"><div class="addToGL" data-soscuisine-aisle="13" data-soscuisine-sip="3945733"><i class="fa fa-cart-plus" title="Add to My Grocery List"></i><div></div></div></td><td><img class="storeItemImage" alt="margarine" src="/media/images/store_item/blank.jpg"></td><td>margarine</td><td class="not_printable sorting_1">other refrigerated items</td><td><img style="width:50%;" src="/media/images/logos/marchands/20.png" alt="Metro"></td><td><span itemprop="price">$5.49</span><span itemprop="eligibleQuantity" itemscope="" itemtype="http://schema.org/QuantitativeValue">/<span itemprop="unitText">1,36kg</span></span></td><td>$0.40/100g</td><td style="display: none;">2020-02-26</td><td style="display: none;"></td><td style="display: none;">Imperial</td><td style="display: none;"></td><td style="display: none;"></td><td style="display: none;">soft</td><td style="display: none;"></td><td style="display: none;"></td><td style="display: none;"><a class="recipeLink" href="/recipe_ingredient_search_results.php?query=(_QU5E__1__________226__[]_1_1)">Recipes with margarine</a></td></tr><tr role="row" class="even"><td tabindex="0"><i class="fa fa-thumbs-down"></i></td><td class=" not_printable"><div class="addToGL" data-soscuisine-aisle="13" data-soscuisine-sip="3945731"><i class="fa fa-cart-plus" title="Add to My Grocery List"></i><div></div></div></td><td><img class="storeItemImage" alt="margarine" src="/media/images/store_item/blank.jpg"></td><td>margarine</td><td class="not_printable sorting_1">other refrigerated items</td><td><img style="width:50%;" src="/media/images/logos/marchands/20.png" alt="Metro"></td><td><span itemprop="price">$5.49</span><span itemprop="eligibleQuantity" itemscope="" itemtype="http://schema.org/QuantitativeValue">/<span itemprop="unitText">2lb (907g)</span></span></td><td>$0.61/100g</td><td style="display: none;">2020-02-26</td><td style="display: none;"></td><td style="display: none;">Becel</td><td style="display: none;"></td><td style="display: none;"></td><td style="display: none;"></td><td style="display: none;"></td><td style="display: none;"></td><td style="display: none;"><a class="recipeLink" href="/recipe_ingredient_search_results.php?query=(_QU5E__1__________226__[]_1_1)">Recipes with margarine</a></td></tr><tr role="row" class="odd"><td tabindex="0"><i class="fa fa-thumbs-up"></i><i class="fa fa-thumbs-up"></i></td><td class=" not_printable"><div class="addToGL" data-soscuisine-aisle="13" data-soscuisine-sip="3945447"><i class="fa fa-cart-plus" title="Add to My Grocery List"></i><div></div></div></td><td><img class="storeItemImage" alt="margarine" src="/media/images/store_item/blank.jpg"></td><td>margarine</td><td class="not_printable sorting_1">other refrigerated items</td><td><img style="width:50%;" src="/media/images/logos/marchands/14.png" alt="No Frills"></td><td><span itemprop="price">$1.00</span><span itemprop="eligibleQuantity" itemscope="" itemtype="http://schema.org/QuantitativeValue">/<span itemprop="unitText">454g (1lb)</span></span></td><td>$0.22/100g</td><td style="display: none;">2020-02-26</td><td style="display: none;"></td><td style="display: none;">IcBin (Becel)</td><td style="display: none;"></td><td style="display: none;"></td><td style="display: none;"></td><td style="display: none;"></td><td style="display: none;"></td><td style="display: none;"><a class="recipeLink" href="/recipe_ingredient_search_results.php?query=(_QU5E__1__________226__[]_1_1)">Recipes with margarine</a></td></tr><tr role="row" class="even"><td tabindex="0"><i class="fa fa-thumbs-up"></i><i class="fa fa-thumbs-up"></i></td><td class=" not_printable"><div class="addToGL" data-soscuisine-aisle="13" data-soscuisine-sip="3944581"><i class="fa fa-cart-plus" title="Add to My Grocery List"></i><div></div></div></td><td><img class="storeItemImage" alt="margarine" src="/media/images/store_item/blank.jpg"></td><td>margarine</td><td class="not_printable sorting_1">other refrigerated items</td><td><img style="width:50%;" src="/media/images/logos/marchands/17.png" alt="Price Chopper"></td><td><span itemprop="price">$1.00</span><span itemprop="eligibleQuantity" itemscope="" itemtype="http://schema.org/QuantitativeValue">/<span itemprop="unitText">454g (1lb)</span></span></td><td>$0.22/100g</td><td style="display: none;">2020-02-26</td><td style="display: none;"></td><td style="display: none;">IcBin (Becel)</td><td style="display: none;"></td><td style="display: none;"></td><td style="display: none;"></td><td style="display: none;"></td><td style="display: none;">or Imperial</td><td style="display: none;"><a class="recipeLink" href="/recipe_ingredient_search_results.php?query=(_QU5E__1__________226__[]_1_1)">Recipes with margarine</a></td></tr><tr role="row" class="odd"><td tabindex="0"><i class="fas fa-hand-rock"></i></td><td class=" not_printable"><div class="addToGL" data-soscuisine-aisle="13" data-soscuisine-sip="3944833"><i class="fa fa-cart-plus" title="Add to My Grocery List"></i><div></div></div></td><td><img class="storeItemImage" alt="margarine" src="/media/images/store_item/blank.jpg"></td><td>margarine</td><td class="not_printable sorting_1">other refrigerated items</td><td><img style="width:50%;" src="/media/images/logos/marchands/52.png" alt="Real Canadian Superstore"></td><td><span itemprop="price">$3.98</span><span itemprop="eligibleQuantity" itemscope="" itemtype="http://schema.org/QuantitativeValue">/<span itemprop="unitText">2lb (907g)</span></span></td><td>$0.44/100g</td><td style="display: none;">2020-02-26</td><td style="display: none;"></td><td style="display: none;">Becel</td><td style="display: none;"></td><td style="display: none;"></td><td style="display: none;"></td><td style="display: none;"></td><td style="display: none;"></td><td style="display: none;"><a class="recipeLink" href="/recipe_ingredient_search_results.php?query=(_QU5E__1__________226__[]_1_1)">Recipes with margarine</a></td></tr><tr role="row" class="even"><td tabindex="0"><i class="fa fa-thumbs-down"></i></td><td class=" not_printable"><div class="addToGL" data-soscuisine-aisle="13" data-soscuisine-sip="3943729"><i class="fa fa-cart-plus" title="Add to My Grocery List"></i><div></div></div></td><td><img class="storeItemImage" alt="margarine" src="/media/images/store_item/blank.jpg"></td><td>margarine</td><td class="not_printable sorting_1">other refrigerated items</td><td><img style="width:50%;" src="/media/images/logos/marchands/15.png" alt="Sobeys"></td><td><span itemprop="price">$2.99</span><span itemprop="eligibleQuantity" itemscope="" itemtype="http://schema.org/QuantitativeValue">/<span itemprop="unitText">454g (1lb)</span></span></td><td>$0.66/100g</td><td style="display: none;">2020-02-26</td><td style="display: none;"></td><td style="display: none;">Becel</td><td style="display: none;"></td><td style="display: none;"></td><td style="display: none;"></td><td style="display: none;"></td><td style="display: none;"></td><td style="display: none;"><a class="recipeLink" href="/recipe_ingredient_search_results.php?query=(_QU5E__1__________226__[]_1_1)">Recipes with margarine</a></td></tr><tr role="row" class="odd"><td tabindex="0"><i class="fas fa-hand-rock"></i></td><td class=" not_printable"><div class="addToGL" data-soscuisine-aisle="13" data-soscuisine-sip="3941345"><i class="fa fa-cart-plus" title="Add to My Grocery List"></i><div></div></div></td><td><img class="storeItemImage" alt="margarine" src="/media/images/store_item/blank.jpg"></td><td>margarine</td><td class="not_printable sorting_1">other refrigerated items</td><td><img style="width:50%;" src="/media/images/logos/marchands/74.png" alt="Walmart"></td><td><span itemprop="price">$3.97</span><span itemprop="eligibleQuantity" itemscope="" itemtype="http://schema.org/QuantitativeValue">/<span itemprop="unitText">2lb (907g)</span></span></td><td>$0.44/100g</td><td style="display: none;">2020-02-26</td><td style="display: none;"></td><td style="display: none;">Becel</td><td style="display: none;"></td><td style="display: none;"></td><td style="display: none;"></td><td style="display: none;"></td><td style="display: none;">participating stores</td><td style="display: none;"><a class="recipeLink" href="/recipe_ingredient_search_results.php?query=(_QU5E__1__________226__[]_1_1)">Recipes with margarine</a></td></tr><tr role="row" class="even"><td tabindex="0"><i class="fas fa-exclamation"></i></td><td class=" not_printable"><div class="addToGL" data-soscuisine-aisle="13" data-soscuisine-sip="3944989"><i class="fa fa-cart-plus" title="Add to My Grocery List"></i><div></div></div></td><td><img class="storeItemImage" alt="oat beverage/milk" src="/media/images/store_item/blank.jpg"></td><td>oat beverage/milk</td><td class="not_printable sorting_1">other refrigerated items</td><td><img style="width:50%;" src="/media/images/logos/marchands/38.png" alt="Farm Boy"></td><td><span itemprop="price">$3.99</span><span itemprop="eligibleQuantity" itemscope="" itemtype="http://schema.org/QuantitativeValue">/<span itemprop="unitText">59oz (1.75L)</span></span></td><td>$2.28/L</td><td style="display: none;">2020-02-26</td><td style="display: none;"></td><td style="display: none;">Earth's Own</td><td style="display: none;"></td><td style="display: none;">gluten-free</td><td style="display: none;"></td><td style="display: none;"></td><td style="display: none;"></td><td style="display: none;"><a class="recipeLink" href="/recipe_ingredient_search_results.php?query=(_QU5E__1__________1319__[]_1_1)">Recipes with oat beverage/milk</a></td></tr><tr role="row" class="odd"><td tabindex="0"><i class="fas fa-exclamation"></i></td><td class=" not_printable"><div class="addToGL" data-soscuisine-aisle="13" data-soscuisine-sip="3945525"><i class="fa fa-cart-plus" title="Add to My Grocery List"></i><div></div></div></td><td><img class="storeItemImage" alt="oat beverage/milk" src="/media/images/store_item/blank.jpg"></td><td>oat beverage/milk</td><td class="not_printable sorting_1">other refrigerated items</td><td><img style="width:50%;" src="/media/images/logos/marchands/18.png" alt="Food Basics"></td><td><span itemprop="price">$3.49</span><span itemprop="eligibleQuantity" itemscope="" itemtype="http://schema.org/QuantitativeValue">/<span itemprop="unitText">59oz (1.75L)</span></span></td><td>$1.99/L</td><td style="display: none;">2020-02-26</td><td style="display: none;"></td><td style="display: none;">Earth's Own</td><td style="display: none;"></td><td style="display: none;"></td><td style="display: none;"></td><td style="display: none;"></td><td style="display: none;"></td><td style="display: none;"><a class="recipeLink" href="/recipe_ingredient_search_results.php?query=(_QU5E__1__________1319__[]_1_1)">Recipes with oat beverage/milk</a></td></tr><tr role="row" class="even"><td tabindex="0"><i class="fa fa-thumbs-down"></i></td><td class=" not_printable"><div class="addToGL" data-soscuisine-aisle="13" data-soscuisine-sip="3944883"><i class="fa fa-cart-plus" title="Add to My Grocery List"></i><div></div></div></td><td><img class="storeItemImage" alt="orange juice" src="/media/images/store_item/blank.jpg"></td><td>orange juice</td><td class="not_printable sorting_1">other refrigerated items</td><td><img style="width:50%;" src="/media/images/logos/marchands/38.png" alt="Farm Boy"></td><td><span itemprop="price">$4.99</span><span itemprop="eligibleQuantity" itemscope="" itemtype="http://schema.org/QuantitativeValue">/<span itemprop="unitText">59oz (1.75L)</span></span></td><td>$2.85/L</td><td style="display: none;">2020-02-26</td><td style="display: none;"></td><td style="display: none;">house brand</td><td style="display: none;"></td><td style="display: none;"></td><td style="display: none;">Organic</td><td style="display: none;"></td><td style="display: none;"></td><td style="display: none;"><a class="recipeLink" href="/recipe_ingredient_search_results.php?query=(_QU5E__1__________370__[]_1_1)">Recipes with orange juice</a></td></tr><tr role="row" class="odd"><td tabindex="0"><i class="fas fa-hand-rock"></i></td><td class=" not_printable"><div class="addToGL" data-soscuisine-aisle="13" data-soscuisine-sip="3943239"><i class="fa fa-cart-plus" title="Add to My Grocery List"></i><div></div></div></td><td><img class="storeItemImage" alt="orange juice" src="/media/images/store_item/blank.jpg"></td><td>orange juice</td><td class="not_printable sorting_1">other refrigerated items</td><td><img style="width:50%;" src="/media/images/logos/marchands/16.png" alt="Foodland"></td><td><span itemprop="price">$2.99</span><span itemprop="eligibleQuantity" itemscope="" itemtype="http://schema.org/QuantitativeValue">/<span itemprop="unitText">1,65L</span></span></td><td>$1.81/L</td><td style="display: none;">2020-02-26</td><td style="display: none;"></td><td style="display: none;">house brand</td><td style="display: none;"></td><td style="display: none;"></td><td style="display: none;"></td><td style="display: none;"></td><td style="display: none;"></td><td style="display: none;"><a class="recipeLink" href="/recipe_ingredient_search_results.php?query=(_QU5E__1__________370__[]_1_1)">Recipes with orange juice</a></td></tr><tr role="row" class="even"><td tabindex="0"><i class="fa fa-thumbs-down"></i></td><td class=" not_printable"><div class="addToGL" data-soscuisine-aisle="13" data-soscuisine-sip="3941945"><i class="fa fa-cart-plus" title="Add to My Grocery List"></i><div></div></div></td><td><img class="storeItemImage" alt="orange juice" src="/media/images/store_item/blank.jpg"></td><td>orange juice</td><td class="not_printable sorting_1">other refrigerated items</td><td><img style="width:50%;" src="/media/images/logos/marchands/19.png" alt="Loblaws"></td><td><span itemprop="price">$5.99</span><span itemprop="eligibleQuantity" itemscope="" itemtype="http://schema.org/QuantitativeValue">/<span itemprop="unitText">89oz (2.63L)</span></span></td><td>$2.28/L</td><td style="display: none;">2020-02-26</td><td style="display: none;"></td><td style="display: none;">Tropicana</td><td style="display: none;"></td><td style="display: none;"></td><td style="display: none;"></td><td style="display: none;"></td><td style="display: none;"></td><td style="display: none;"><a class="recipeLink" href="/recipe_ingredient_search_results.php?query=(_QU5E__1__________370__[]_1_1)">Recipes with orange juice</a></td></tr><tr role="row" class="odd"><td tabindex="0"><i class="fa fa-thumbs-up"></i></td><td class=" not_printable"><div class="addToGL" data-soscuisine-aisle="13" data-soscuisine-sip="3945715"><i class="fa fa-cart-plus" title="Add to My Grocery List"></i><div></div></div></td><td><img class="storeItemImage" alt="orange juice" src="/media/images/store_item/blank.jpg"></td><td>orange juice</td><td class="not_printable sorting_1">other refrigerated items</td><td><img style="width:50%;" src="/media/images/logos/marchands/20.png" alt="Metro"></td><td><span itemprop="price">$3.99</span><span itemprop="eligibleQuantity" itemscope="" itemtype="http://schema.org/QuantitativeValue">/<span itemprop="unitText">2,5L</span></span></td><td>$1.60/L</td><td style="display: none;">2020-02-26</td><td style="display: none;"></td><td style="display: none;">house brand</td><td style="display: none;"></td><td style="display: none;"></td><td style="display: none;"></td><td style="display: none;"></td><td style="display: none;"></td><td style="display: none;"><a class="recipeLink" href="/recipe_ingredient_search_results.php?query=(_QU5E__1__________370__[]_1_1)">Recipes with orange juice</a></td></tr><tr role="row" class="even"><td tabindex="0"><i class="fa fa-thumbs-down"></i></td><td class=" not_printable"><div class="addToGL" data-soscuisine-aisle="13" data-soscuisine-sip="3944827"><i class="fa fa-cart-plus" title="Add to My Grocery List"></i><div></div></div></td><td><img class="storeItemImage" alt="orange juice" src="/media/images/store_item/blank.jpg"></td><td>orange juice</td><td class="not_printable sorting_1">other refrigerated items</td><td><img style="width:50%;" src="/media/images/logos/marchands/52.png" alt="Real Canadian Superstore"></td><td><span itemprop="price">$3.33</span><span itemprop="eligibleQuantity" itemscope="" itemtype="http://schema.org/QuantitativeValue">/<span itemprop="unitText">1.54L</span></span></td><td>$2.16/L</td><td style="display: none;">2020-02-26</td><td style="display: none;"></td><td style="display: none;">Simply</td><td style="display: none;"></td><td style="display: none;"></td><td style="display: none;"></td><td style="display: none;"></td><td style="display: none;"></td><td style="display: none;"><a class="recipeLink" href="/recipe_ingredient_search_results.php?query=(_QU5E__1__________370__[]_1_1)">Recipes with orange juice</a></td></tr><tr role="row" class="odd"><td tabindex="0"><i class="fa fa-thumbs-down"></i></td><td class=" not_printable"><div class="addToGL" data-soscuisine-aisle="13" data-soscuisine-sip="3943687"><i class="fa fa-cart-plus" title="Add to My Grocery List"></i><div></div></div></td><td><img class="storeItemImage" alt="orange juice" src="/media/images/store_item/blank.jpg"></td><td>orange juice</td><td class="not_printable sorting_1">other refrigerated items</td><td><img style="width:50%;" src="/media/images/logos/marchands/15.png" alt="Sobeys"></td><td><span itemprop="price">$4.99</span><span itemprop="eligibleQuantity" itemscope="" itemtype="http://schema.org/QuantitativeValue">/<span itemprop="unitText">2,5L</span></span></td><td>$2.00/L</td><td style="display: none;">2020-02-26</td><td style="display: none;"></td><td style="display: none;">house brand</td><td style="display: none;"></td><td style="display: none;"></td><td style="display: none;"></td><td style="display: none;"></td><td style="display: none;"></td><td style="display: none;"><a class="recipeLink" href="/recipe_ingredient_search_results.php?query=(_QU5E__1__________370__[]_1_1)">Recipes with orange juice</a></td></tr><tr role="row" class="even"><td tabindex="0"><i class="fas fa-hand-rock"></i></td><td class=" not_printable"><div class="addToGL" data-soscuisine-aisle="13" data-soscuisine-sip="3941343"><i class="fa fa-cart-plus" title="Add to My Grocery List"></i><div></div></div></td><td><img class="storeItemImage" alt="orange juice" src="/media/images/store_item/blank.jpg"></td><td>orange juice</td><td class="not_printable sorting_1">other refrigerated items</td><td><img style="width:50%;" src="/media/images/logos/marchands/74.png" alt="Walmart"></td><td><span itemprop="price">$4.97</span><span itemprop="eligibleQuantity" itemscope="" itemtype="http://schema.org/QuantitativeValue">/<span itemprop="unitText">89oz (2.63L)</span></span></td><td>$1.89/L</td><td style="display: none;">2020-02-26</td><td style="display: none;"></td><td style="display: none;">Tropicana</td><td style="display: none;"></td><td style="display: none;"></td><td style="display: none;"></td><td style="display: none;"></td><td style="display: none;">participating stores</td><td style="display: none;"><a class="recipeLink" href="/recipe_ingredient_search_results.php?query=(_QU5E__1__________370__[]_1_1)">Recipes with orange juice</a></td></tr><tr role="row" class="odd"><td tabindex="0"><i class="fa fa-thumbs-down"></i></td><td class=" not_printable"><div class="addToGL" data-soscuisine-aisle="13" data-soscuisine-sip="3944333"><i class="fa fa-cart-plus" title="Add to My Grocery List"></i><div></div></div></td><td><img class="storeItemImage" alt="orange juice" src="/media/images/store_item/blank.jpg"></td><td>orange juice</td><td class="not_printable sorting_1">other refrigerated items</td><td><img style="width:50%;" src="/media/images/logos/marchands/39.png" alt="Your Independent Grocer"></td><td><span itemprop="price">$5.99</span><span itemprop="eligibleQuantity" itemscope="" itemtype="http://schema.org/QuantitativeValue">/<span itemprop="unitText">89oz (2.63L)</span></span></td><td>$2.28/L</td><td style="display: none;">2020-02-26</td><td style="display: none;"></td><td style="display: none;">Tropicana</td><td style="display: none;"></td><td style="display: none;"></td><td style="display: none;"></td><td style="display: none;"></td><td style="display: none;"></td><td style="display: none;"><a class="recipeLink" href="/recipe_ingredient_search_results.php?query=(_QU5E__1__________370__[]_1_1)">Recipes with orange juice</a></td></tr><tr role="row" class="even"><td tabindex="0"><i class="fa fa-thumbs-up"></i></td><td class=" not_printable"><div class="addToGL" data-soscuisine-aisle="13" data-soscuisine-sip="3944295"><i class="fa fa-cart-plus" title="Add to My Grocery List"></i><div></div></div></td><td><img class="storeItemImage" alt="pasta, fresh" src="/media/images/store_item/blank.jpg"></td><td>pasta, fresh</td><td class="not_printable sorting_1">other refrigerated items</td><td><img style="width:50%;" src="/media/images/logos/marchands/70.png" alt="FreshCo"></td><td><span itemprop="price">$2.00</span><span itemprop="eligibleQuantity" itemscope="" itemtype="http://schema.org/QuantitativeValue">/<span itemprop="unitText">350g</span></span></td><td>$5.71/kg</td><td style="display: none;">2020-02-26</td><td style="display: none;"></td><td style="display: none;">house brand</td><td style="display: none;"></td><td style="display: none;"></td><td style="display: none;"></td><td style="display: none;"></td><td style="display: none;"></td><td style="display: none;"><a class="recipeLink" href="/recipe_ingredient_search_results.php?query=(_QU5E__1__________501__[]_1_1)">Recipes with pasta, fresh</a></td></tr><tr role="row" class="odd"><td tabindex="0"><i class="fa fa-thumbs-up"></i></td><td class=" not_printable"><div class="addToGL" data-soscuisine-aisle="13" data-soscuisine-sip="3944513"><i class="fa fa-cart-plus" title="Add to My Grocery List"></i><div></div></div></td><td><img class="storeItemImage" alt="pasta, fresh" src="/media/images/store_item/blank.jpg"></td><td>pasta, fresh</td><td class="not_printable sorting_1">other refrigerated items</td><td><img style="width:50%;" src="/media/images/logos/marchands/17.png" alt="Price Chopper"></td><td><span itemprop="price">$2.00</span><span itemprop="eligibleQuantity" itemscope="" itemtype="http://schema.org/QuantitativeValue">/<span itemprop="unitText">350g</span></span></td><td>$5.71/kg</td><td style="display: none;">2020-02-26</td><td style="display: none;"></td><td style="display: none;">house brand</td><td style="display: none;"></td><td style="display: none;"></td><td style="display: none;"></td><td style="display: none;"></td><td style="display: none;"></td><td style="display: none;"><a class="recipeLink" href="/recipe_ingredient_search_results.php?query=(_QU5E__1__________501__[]_1_1)">Recipes with pasta, fresh</a></td></tr><tr role="row" class="even"><td tabindex="0"><i class="fas fa-circle"></i></td><td class=" not_printable"><div class="addToGL" data-soscuisine-aisle="13" data-soscuisine-sip="3943693"><i class="fa fa-cart-plus" title="Add to My Grocery List"></i><div></div></div></td><td><img class="storeItemImage" alt="soy yogourt" src="/media/images/store_item/blank.jpg"></td><td>soy yogourt</td><td class="not_printable sorting_1">other refrigerated items</td><td><img style="width:50%;" src="/media/images/logos/marchands/15.png" alt="Sobeys"></td><td><span itemprop="price">$4.99</span><span itemprop="eligibleQuantity" itemscope="" itemtype="http://schema.org/QuantitativeValue">/<span itemprop="unitText">650g</span></span></td><td>N/A</td><td style="display: none;">2020-02-26</td><td style="display: none;"></td><td style="display: none;">Riviera</td><td style="display: none;"></td><td style="display: none;">coconut</td><td style="display: none;"></td><td style="display: none;"></td><td style="display: none;"></td><td style="display: none;"><a class="recipeLink" href="/recipe_ingredient_search_results.php?query=(_QU5E__1__________1122__[]_1_1)">Recipes with soy yogourt</a></td></tr><tr role="row" class="odd"><td tabindex="0"><i class="fa fa-thumbs-up"></i></td><td class=" not_printable"><div class="addToGL" data-soscuisine-aisle="13" data-soscuisine-sip="3945725"><i class="fa fa-cart-plus" title="Add to My Grocery List"></i><div></div></div></td><td><img class="storeItemImage" alt="stuffed fresh pasta" src="/media/images/store_item/blank.jpg"></td><td>stuffed fresh pasta</td><td class="not_printable sorting_1">other refrigerated items</td><td><img style="width:50%;" src="/media/images/logos/marchands/20.png" alt="Metro"></td><td><span itemprop="price">$7.99</span><span itemprop="eligibleQuantity" itemscope="" itemtype="http://schema.org/QuantitativeValue">/<span itemprop="unitText">1kg</span></span></td><td>$7.99/kg</td><td style="display: none;">2020-02-26</td><td style="display: none;"></td><td style="display: none;">house brand</td><td style="display: none;"></td><td style="display: none;"></td><td style="display: none;"></td><td style="display: none;"></td><td style="display: none;"></td><td style="display: none;"><a class="recipeLink" href="/recipe_ingredient_search_results.php?query=(_QU5E__1__________441__[]_1_1)">Recipes with stuffed fresh pasta</a></td></tr><tr role="row" class="even"><td tabindex="0"><i class="fa fa-thumbs-down"></i></td><td class=" not_printable"><div class="addToGL" data-soscuisine-aisle="13" data-soscuisine-sip="3945897"><i class="fa fa-cart-plus" title="Add to My Grocery List"></i><div></div></div></td><td><img class="storeItemImage" alt="stuffed fresh pasta" src="/media/images/store_item/blank.jpg"></td><td>stuffed fresh pasta</td><td class="not_printable sorting_1">other refrigerated items</td><td><img style="width:50%;" src="/media/images/logos/marchands/20.png" alt="Metro"></td><td><span itemprop="price">$7.99</span><span itemprop="eligibleQuantity" itemscope="" itemtype="http://schema.org/QuantitativeValue">/<span itemprop="unitText">500g</span></span></td><td>$15.98/kg</td><td style="display: none;">2020-02-26</td><td style="display: none;"></td><td style="display: none;">Olivieri</td><td style="display: none;"></td><td style="display: none;"></td><td style="display: none;"></td><td style="display: none;"></td><td style="display: none;"></td><td style="display: none;"><a class="recipeLink" href="/recipe_ingredient_search_results.php?query=(_QU5E__1__________441__[]_1_1)">Recipes with stuffed fresh pasta</a></td></tr><tr role="row" class="odd"><td tabindex="0"><i class="fas fa-exclamation"></i></td><td class=" not_printable"><div class="addToGL" data-soscuisine-aisle="13" data-soscuisine-sip="3944977"><i class="fa fa-cart-plus" title="Add to My Grocery List"></i><div></div></div></td><td><img class="storeItemImage" alt="tofu, firm ORGANIC" src="/media/images/store_item/blank.jpg"></td><td>tofu, firm ORGANIC</td><td class="not_printable sorting_1">other refrigerated items</td><td><img style="width:50%;" src="/media/images/logos/marchands/38.png" alt="Farm Boy"></td><td><span itemprop="price">$5.00</span><span itemprop="eligibleQuantity" itemscope="" itemtype="http://schema.org/QuantitativeValue">/<span itemprop="value">2</span>x<span itemprop="unitText">454g (1lb)</span></span></td><td>$5.51/kg</td><td style="display: none;">2020-02-26</td><td style="display: none;"></td><td style="display: none;">Soyarie</td><td style="display: none;"></td><td style="display: none;"></td><td style="display: none;"></td><td style="display: none;"></td><td style="display: none;"></td><td style="display: none;"><a class="recipeLink" href="/recipe_ingredient_search_results.php?query=(_QU5E__1__________795__[]_1_1)">Recipes with tofu, firm ORGANIC</a></td></tr><tr role="row" class="even"><td tabindex="0"><i class="fa fa-thumbs-up"></i></td><td class=" not_printable"><div class="addToGL" data-soscuisine-aisle="13" data-soscuisine-sip="3945771"><i class="fa fa-cart-plus" title="Add to My Grocery List"></i><div></div></div></td><td><img class="storeItemImage" alt="vegetarian sausages/veggie dogs" src="/media/images/store_item/blank.jpg"></td><td>vegetarian sausages/veggie dogs</td><td class="not_printable sorting_1">other refrigerated items</td><td><img style="width:50%;" src="/media/images/logos/marchands/20.png" alt="Metro"></td><td><span itemprop="price">$4.99</span><span itemprop="eligibleQuantity" itemscope="" itemtype="http://schema.org/QuantitativeValue">/<span itemprop="unitText">450g</span></span></td><td>$11.09/kg</td><td style="display: none;">2020-02-26</td><td style="display: none;"></td><td style="display: none;">Yves</td><td style="display: none;"></td><td style="display: none;"></td><td style="display: none;"></td><td style="display: none;"></td><td style="display: none;"></td><td style="display: none;"><a class="recipeLink" href="/recipe_ingredient_search_results.php?query=(_QU5E__1__________518__[]_1_1)">Recipes with vegetarian sausages/veggie dogs</a></td></tr><tr role="row" class="odd"><td tabindex="0"><i class="fa fa-thumbs-up"></i></td><td class=" not_printable"><div class="addToGL" data-soscuisine-aisle="13" data-soscuisine-sip="3945773"><i class="fa fa-cart-plus" title="Add to My Grocery List"></i><div></div></div></td><td><img class="storeItemImage" alt="veggie burgers" src="/media/images/store_item/blank.jpg"></td><td>veggie burgers</td><td class="not_printable sorting_1">other refrigerated items</td><td><img style="width:50%;" src="/media/images/logos/marchands/20.png" alt="Metro"></td><td><span itemprop="price">$4.99</span><span itemprop="eligibleQuantity" itemscope="" itemtype="http://schema.org/QuantitativeValue">/<span itemprop="unitText">300g</span></span></td><td>$16.63/kg</td><td style="display: none;">2020-02-26</td><td style="display: none;"></td><td style="display: none;">Yves</td><td style="display: none;"></td><td style="display: none;"></td><td style="display: none;"></td><td style="display: none;"></td><td style="display: none;"></td><td style="display: none;"><a class="recipeLink" href="/recipe_ingredient_search_results.php?query=(_QU5E__1__________1215__[]_1_1)">Recipes with veggie burgers</a></td></tr><tr role="row" class="even"><td tabindex="0"><i class="fas fa-exclamation"></i></td><td class=" not_printable"><div class="addToGL" data-soscuisine-aisle="13" data-soscuisine-sip="3945601"><i class="fa fa-cart-plus" title="Add to My Grocery List"></i><div></div></div></td><td><img class="storeItemImage" alt="veggie ground-round" src="/media/images/store_item/blank.jpg"></td><td>veggie ground-round</td><td class="not_printable sorting_1">other refrigerated items</td><td><img style="width:50%;" src="/media/images/logos/marchands/18.png" alt="Food Basics"></td><td><span itemprop="price">$3.98</span><span itemprop="eligibleQuantity" itemscope="" itemtype="http://schema.org/QuantitativeValue">/<span itemprop="unitText">340g</span></span></td><td>$11.71/kg</td><td style="display: none;">2020-02-26</td><td style="display: none;"></td><td style="display: none;">Yves</td><td style="display: none;"></td><td style="display: none;"></td><td style="display: none;"></td><td style="display: none;"></td><td style="display: none;"></td><td style="display: none;"><a class="recipeLink" href="/recipe_ingredient_search_results.php?query=(_QU5E__1__________1181__[]_1_1)">Recipes with veggie ground-round</a></td></tr><tr role="row" class="odd"><td tabindex="0"><i class="fas fa-exclamation"></i></td><td class=" not_printable"><div class="addToGL" data-soscuisine-aisle="13" data-soscuisine-sip="3941743"><i class="fa fa-cart-plus" title="Add to My Grocery List"></i><div></div></div></td><td><img class="storeItemImage" alt="veggie ground-round" src="/media/images/store_item/blank.jpg"></td><td>veggie ground-round</td><td class="not_printable sorting_1">other refrigerated items</td><td><img style="width:50%;" src="/media/images/logos/marchands/19.png" alt="Loblaws"></td><td><span itemprop="price">$9.99</span><span itemprop="eligibleQuantity" itemscope="" itemtype="http://schema.org/QuantitativeValue">/<span itemprop="unitText">340g</span></span></td><td>$29.38/kg</td><td style="display: none;">2020-02-26</td><td style="display: none;"></td><td style="display: none;">Beyond Meat</td><td style="display: none;"></td><td style="display: none;"></td><td style="display: none;"></td><td style="display: none;"></td><td style="display: none;"></td><td style="display: none;"><a class="recipeLink" href="/recipe_ingredient_search_results.php?query=(_QU5E__1__________1181__[]_1_1)">Recipes with veggie ground-round</a></td></tr><tr role="row" class="even"><td tabindex="0"><i class="fas fa-hand-rock"></i></td><td class=" not_printable"><div class="addToGL" data-soscuisine-aisle="8" data-soscuisine-sip="3945937"><i class="fa fa-cart-plus" title="Add to My Grocery List"></i><div></div></div></td><td><img class="storeItemImage" alt="berries, frozen" src="/media/images/store_item/blank.jpg"></td><td>berries, frozen</td><td class="not_printable sorting_1">frozen foods</td><td><img style="width:50%;" src="/media/images/logos/marchands/20.png" alt="Metro"></td><td><span itemprop="price">$3.99</span><span itemprop="eligibleQuantity" itemscope="" itemtype="http://schema.org/QuantitativeValue">/<span itemprop="unitText">600g</span></span></td><td>$6.65/kg</td><td style="display: none;">2020-02-26</td><td style="display: none;"></td><td style="display: none;">house brand</td><td style="display: none;"></td><td style="display: none;"></td><td style="display: none;"></td><td style="display: none;"></td><td style="display: none;"></td><td style="display: none;"><a class="recipeLink" href="/recipe_ingredient_search_results.php?query=(_QU5E__1__________464__[]_1_1)">Recipes with berries, frozen</a></td></tr><tr role="row" class="odd"><td tabindex="0"><i class="fas fa-hand-rock"></i></td><td class=" not_printable"><div class="addToGL" data-soscuisine-aisle="8" data-soscuisine-sip="3943677"><i class="fa fa-cart-plus" title="Add to My Grocery List"></i><div></div></div></td><td><img class="storeItemImage" alt="berries, frozen" src="/media/images/store_item/blank.jpg"></td><td>berries, frozen</td><td class="not_printable sorting_1">frozen foods</td><td><img style="width:50%;" src="/media/images/logos/marchands/15.png" alt="Sobeys"></td><td><span itemprop="price">$4.99</span><span itemprop="eligibleQuantity" itemscope="" itemtype="http://schema.org/QuantitativeValue">/<span itemprop="unitText">600g</span></span></td><td>$8.32/kg</td><td style="display: none;">2020-02-26</td><td style="display: none;"></td><td style="display: none;">Nature's Touch</td><td style="display: none;"></td><td style="display: none;"></td><td style="display: none;">Organic</td><td style="display: none;"></td><td style="display: none;"></td><td style="display: none;"><a class="recipeLink" href="/recipe_ingredient_search_results.php?query=(_QU5E__1__________464__[]_1_1)">Recipes with berries, frozen</a></td></tr><tr role="row" class="even"><td tabindex="0"><i class="fa fa-thumbs-up"></i></td><td class=" not_printable"><div class="addToGL" data-soscuisine-aisle="8" data-soscuisine-sip="3941349"><i class="fa fa-cart-plus" title="Add to My Grocery List"></i><div></div></div></td><td><img class="storeItemImage" alt="berries, frozen" src="/media/images/store_item/blank.jpg"></td><td>berries, frozen</td><td class="not_printable sorting_1">frozen foods</td><td><img style="width:50%;" src="/media/images/logos/marchands/74.png" alt="Walmart"></td><td><span itemprop="price">$3.97</span><span itemprop="eligibleQuantity" itemscope="" itemtype="http://schema.org/QuantitativeValue">/<span itemprop="unitText">600g</span></span></td><td>$6.62/kg</td><td style="display: none;">2020-02-26</td><td style="display: none;"></td><td style="display: none;">house brand</td><td style="display: none;"></td><td style="display: none;">various types</td><td style="display: none;"></td><td style="display: none;"></td><td style="display: none;"></td><td style="display: none;"><a class="recipeLink" href="/recipe_ingredient_search_results.php?query=(_QU5E__1__________464__[]_1_1)">Recipes with berries, frozen</a></td></tr><tr role="row" class="odd"><td tabindex="0"><i class="fas fa-hand-rock"></i></td><td class=" not_printable"><div class="addToGL" data-soscuisine-aisle="8" data-soscuisine-sip="3945657"><i class="fa fa-cart-plus" title="Add to My Grocery List"></i><div></div></div></td><td><img class="storeItemImage" alt="frozen dessert" src="/media/images/store_item/blank.jpg"></td><td>frozen dessert</td><td class="not_printable sorting_1">frozen foods</td><td><img style="width:50%;" src="/media/images/logos/marchands/18.png" alt="Food Basics"></td><td><span itemprop="price">$2.99</span><span itemprop="eligibleQuantity" itemscope="" itemtype="http://schema.org/QuantitativeValue">/<span itemprop="unitText">1,5L</span></span></td><td>$3.28/kg</td><td style="display: none;">2020-02-26</td><td style="display: none;"></td><td style="display: none;">Nestle</td><td style="display: none;"></td><td style="display: none;"></td><td style="display: none;"></td><td style="display: none;"></td><td style="display: none;"></td><td style="display: none;"></td></tr><tr role="row" class="even"><td tabindex="0"><i class="fas fa-hand-rock"></i></td><td class=" not_printable"><div class="addToGL" data-soscuisine-aisle="8" data-soscuisine-sip="3944435"><i class="fa fa-cart-plus" title="Add to My Grocery List"></i><div></div></div></td><td><img class="storeItemImage" alt="frozen dessert" src="/media/images/store_item/blank.jpg"></td><td>frozen dessert</td><td class="not_printable sorting_1">frozen foods</td><td><img style="width:50%;" src="/media/images/logos/marchands/70.png" alt="FreshCo"></td><td><span itemprop="price">$3.00</span><span itemprop="eligibleQuantity" itemscope="" itemtype="http://schema.org/QuantitativeValue">/<span itemprop="unitText">1,5L</span></span></td><td>$3.29/kg</td><td style="display: none;">2020-02-26</td><td style="display: none;"></td><td style="display: none;">Nestle</td><td style="display: none;"></td><td style="display: none;"></td><td style="display: none;"></td><td style="display: none;"></td><td style="display: none;"></td><td style="display: none;"></td></tr><tr role="row" class="odd"><td tabindex="0"><i class="fas fa-hand-rock"></i></td><td class=" not_printable"><div class="addToGL" data-soscuisine-aisle="8" data-soscuisine-sip="3945739"><i class="fa fa-cart-plus" title="Add to My Grocery List"></i><div></div></div></td><td><img class="storeItemImage" alt="frozen dessert" src="/media/images/store_item/blank.jpg"></td><td>frozen dessert</td><td class="not_printable sorting_1">frozen foods</td><td><img style="width:50%;" src="/media/images/logos/marchands/20.png" alt="Metro"></td><td><span itemprop="price">$3.33</span><span itemprop="eligibleQuantity" itemscope="" itemtype="http://schema.org/QuantitativeValue">/<span itemprop="unitText">1,5L</span></span></td><td>$3.65/kg</td><td style="display: none;">2020-02-26</td><td style="display: none;"></td><td style="display: none;">Nestle</td><td style="display: none;"></td><td style="display: none;"></td><td style="display: none;"></td><td style="display: none;"></td><td style="display: none;"></td><td style="display: none;"></td></tr><tr role="row" class="even"><td tabindex="0"><i class="fas fa-hand-rock"></i></td><td class=" not_printable"><div class="addToGL" data-soscuisine-aisle="8" data-soscuisine-sip="3944591"><i class="fa fa-cart-plus" title="Add to My Grocery List"></i><div></div></div></td><td><img class="storeItemImage" alt="frozen dessert" src="/media/images/store_item/blank.jpg"></td><td>frozen dessert</td><td class="not_printable sorting_1">frozen foods</td><td><img style="width:50%;" src="/media/images/logos/marchands/17.png" alt="Price Chopper"></td><td><span itemprop="price">$3.00</span><span itemprop="eligibleQuantity" itemscope="" itemtype="http://schema.org/QuantitativeValue">/<span itemprop="unitText">1,5L</span></span></td><td>$3.29/kg</td><td style="display: none;">2020-02-26</td><td style="display: none;"></td><td style="display: none;">Nestle</td><td style="display: none;"></td><td style="display: none;"></td><td style="display: none;"></td><td style="display: none;"></td><td style="display: none;"></td><td style="display: none;"></td></tr><tr role="row" class="odd"><td tabindex="0"><i class="fas fa-hand-rock"></i></td><td class=" not_printable"><div class="addToGL" data-soscuisine-aisle="8" data-soscuisine-sip="3941347"><i class="fa fa-cart-plus" title="Add to My Grocery List"></i><div></div></div></td><td><img class="storeItemImage" alt="frozen dessert" src="/media/images/store_item/blank.jpg"></td><td>frozen dessert</td><td class="not_printable sorting_1">frozen foods</td><td><img style="width:50%;" src="/media/images/logos/marchands/74.png" alt="Walmart"></td><td><span itemprop="price">$2.88</span><span itemprop="eligibleQuantity" itemscope="" itemtype="http://schema.org/QuantitativeValue">/<span itemprop="unitText">1,5L</span></span></td><td>$3.16/kg</td><td style="display: none;">2020-02-26</td><td style="display: none;"></td><td style="display: none;">Nestle</td><td style="display: none;"></td><td style="display: none;"></td><td style="display: none;"></td><td style="display: none;"></td><td style="display: none;"></td><td style="display: none;"></td></tr><tr role="row" class="even"><td tabindex="0"><i class="fas fa-exclamation"></i></td><td class=" not_printable"><div class="addToGL" data-soscuisine-aisle="8" data-soscuisine-sip="3941841"><i class="fa fa-cart-plus" title="Add to My Grocery List"></i><div></div></div></td><td><img class="storeItemImage" alt="ice cream, lactose-free" src="/media/images/store_item/blank.jpg"></td><td>ice cream, lactose-free</td><td class="not_printable sorting_1">frozen foods</td><td><img style="width:50%;" src="/media/images/logos/marchands/19.png" alt="Loblaws"></td><td><span itemprop="price">$3.99</span><span itemprop="eligibleQuantity" itemscope="" itemtype="http://schema.org/QuantitativeValue">/<span itemprop="unitText">16oz (473mL)</span></span></td><td>$13.87/kg</td><td style="display: none;">2020-02-26</td><td style="display: none;"></td><td style="display: none;">Natrel</td><td style="display: none;"></td><td style="display: none;"></td><td style="display: none;"></td><td style="display: none;"></td><td style="display: none;"></td><td style="display: none;"><a class="recipeLink" href="/recipe_ingredient_search_results.php?query=(_QU5E__1__________1147__[]_1_1)">Recipes with ice cream, lactose-free</a></td></tr><tr role="row" class="odd"><td tabindex="0"><i class="fas fa-exclamation"></i></td><td class=" not_printable"><div class="addToGL" data-soscuisine-aisle="8" data-soscuisine-sip="3943643"><i class="fa fa-cart-plus" title="Add to My Grocery List"></i><div></div></div></td><td><img class="storeItemImage" alt="ice cream, lactose-free" src="/media/images/store_item/blank.jpg"></td><td>ice cream, lactose-free</td><td class="not_printable sorting_1">frozen foods</td><td><img style="width:50%;" src="/media/images/logos/marchands/39.png" alt="Your Independent Grocer"></td><td><span itemprop="price">$3.99</span><span itemprop="eligibleQuantity" itemscope="" itemtype="http://schema.org/QuantitativeValue">/<span itemprop="unitText">16oz (473mL)</span></span></td><td>$13.87/kg</td><td style="display: none;">2020-02-26</td><td style="display: none;"></td><td style="display: none;">Natrel</td><td style="display: none;"></td><td style="display: none;"></td><td style="display: none;"></td><td style="display: none;"></td><td style="display: none;"></td><td style="display: none;"><a class="recipeLink" href="/recipe_ingredient_search_results.php?query=(_QU5E__1__________1147__[]_1_1)">Recipes with ice cream, lactose-free</a></td></tr><tr role="row" class="even"><td tabindex="0"><i class="fas fa-exclamation"></i></td><td class=" not_printable"><div class="addToGL" data-soscuisine-aisle="8" data-soscuisine-sip="3945603"><i class="fa fa-cart-plus" title="Add to My Grocery List"></i><div></div></div></td><td><img class="storeItemImage" alt="tempeh" src="/media/images/store_item/blank.jpg"></td><td>tempeh</td><td class="not_printable sorting_1">frozen foods</td><td><img style="width:50%;" src="/media/images/logos/marchands/18.png" alt="Food Basics"></td><td><span itemprop="price">$3.98</span><span itemprop="eligibleQuantity" itemscope="" itemtype="http://schema.org/QuantitativeValue">/<span itemprop="unitText">250g</span></span></td><td>$1.59/100g</td><td style="display: none;">2020-02-26</td><td style="display: none;"></td><td style="display: none;"></td><td style="display: none;"></td><td style="display: none;"></td><td style="display: none;"></td><td style="display: none;"></td><td style="display: none;"></td><td style="display: none;"><a class="recipeLink" href="/recipe_ingredient_search_results.php?query=(_QU5E__1__________1176__[]_1_1)">Recipes with tempeh</a></td></tr><tr role="row" class="odd"><td tabindex="0"><i class="fas fa-exclamation"></i></td><td class=" not_printable"><div class="addToGL" data-soscuisine-aisle="8" data-soscuisine-sip="3945759"><i class="fa fa-cart-plus" title="Add to My Grocery List"></i><div></div></div></td><td><img class="storeItemImage" alt="tempeh" src="/media/images/store_item/blank.jpg"></td><td>tempeh</td><td class="not_printable sorting_1">frozen foods</td><td><img style="width:50%;" src="/media/images/logos/marchands/20.png" alt="Metro"></td><td><span itemprop="price">$3.99</span><span itemprop="eligibleQuantity" itemscope="" itemtype="http://schema.org/QuantitativeValue">/<span itemprop="unitText">250g</span></span></td><td>$1.60/100g</td><td style="display: none;">2020-02-26</td><td style="display: none;"></td><td style="display: none;"></td><td style="display: none;"></td><td style="display: none;"></td><td style="display: none;"></td><td style="display: none;"></td><td style="display: none;"></td><td style="display: none;"><a class="recipeLink" href="/recipe_ingredient_search_results.php?query=(_QU5E__1__________1176__[]_1_1)">Recipes with tempeh</a></td></tr><tr role="row" class="even"><td tabindex="0"><i class="fa fa-thumbs-down"></i></td><td class=" not_printable"><div class="addToGL" data-soscuisine-aisle="8" data-soscuisine-sip="3944965"><i class="fa fa-cart-plus" title="Add to My Grocery List"></i><div></div></div></td><td><img class="storeItemImage" alt="vanilla ice cream" src="/media/images/store_item/blank.jpg"></td><td>vanilla ice cream</td><td class="not_printable sorting_1">frozen foods</td><td><img style="width:50%;" src="/media/images/logos/marchands/38.png" alt="Farm Boy"></td><td><span itemprop="price">$5.99</span><span itemprop="eligibleQuantity" itemscope="" itemtype="http://schema.org/QuantitativeValue">/<span itemprop="unitText">1,5L</span></span></td><td>$6.57/kg</td><td style="display: none;">2020-02-26</td><td style="display: none;">Ontario</td><td style="display: none;">house brand</td><td style="display: none;"></td><td style="display: none;"></td><td style="display: none;"></td><td style="display: none;"></td><td style="display: none;"></td><td style="display: none;"><a class="recipeLink" href="/recipe_ingredient_search_results.php?query=(_QU5E__1__________362__[]_1_1)">Recipes with vanilla ice cream</a></td></tr><tr role="row" class="odd"><td tabindex="0"><i class="fa fa-thumbs-up"></i><i class="fa fa-thumbs-up"></i></td><td class=" not_printable"><div class="addToGL" data-soscuisine-aisle="8" data-soscuisine-sip="3941979"><i class="fa fa-cart-plus" title="Add to My Grocery List"></i><div></div></div></td><td><img class="storeItemImage" alt="vanilla ice cream" src="/media/images/store_item/blank.jpg"></td><td>vanilla ice cream</td><td class="not_printable sorting_1">frozen foods</td><td><img style="width:50%;" src="/media/images/logos/marchands/16.png" alt="Foodland"></td><td><span itemprop="price">$2.99</span><span itemprop="eligibleQuantity" itemscope="" itemtype="http://schema.org/QuantitativeValue">/<span itemprop="unitText">2L</span></span></td><td>$2.46/kg</td><td style="display: none;">2020-02-26</td><td style="display: none;"></td><td style="display: none;">Chapman's</td><td style="display: none;"></td><td style="display: none;"></td><td style="display: none;"></td><td style="display: none;"></td><td style="display: none;"></td><td style="display: none;"><a class="recipeLink" href="/recipe_ingredient_search_results.php?query=(_QU5E__1__________362__[]_1_1)">Recipes with vanilla ice cream</a></td></tr><tr role="row" class="even"><td tabindex="0"><i class="fa fa-thumbs-up"></i><i class="fa fa-thumbs-up"></i></td><td class=" not_printable"><div class="addToGL" data-soscuisine-aisle="8" data-soscuisine-sip="3941935"><i class="fa fa-cart-plus" title="Add to My Grocery List"></i><div></div></div></td><td><img class="storeItemImage" alt="vanilla ice cream" src="/media/images/store_item/blank.jpg"></td><td>vanilla ice cream</td><td class="not_printable sorting_1">frozen foods</td><td><img style="width:50%;" src="/media/images/logos/marchands/19.png" alt="Loblaws"></td><td><span itemprop="price">$3.99</span><span itemprop="eligibleQuantity" itemscope="" itemtype="http://schema.org/QuantitativeValue">/<span itemprop="unitText">2L</span></span></td><td>$3.28/kg</td><td style="display: none;">2020-02-26</td><td style="display: none;"></td><td style="display: none;">Chapman's</td><td style="display: none;"></td><td style="display: none;"></td><td style="display: none;"></td><td style="display: none;"></td><td style="display: none;"></td><td style="display: none;"><a class="recipeLink" href="/recipe_ingredient_search_results.php?query=(_QU5E__1__________362__[]_1_1)">Recipes with vanilla ice cream</a></td></tr><tr role="row" class="odd"><td tabindex="0"><i class="fa fa-thumbs-down"></i></td><td class=" not_printable"><div class="addToGL" data-soscuisine-aisle="8" data-soscuisine-sip="3941371"><i class="fa fa-cart-plus" title="Add to My Grocery List"></i><div></div></div></td><td><img class="storeItemImage" alt="vanilla ice cream" src="/media/images/store_item/blank.jpg"></td><td>vanilla ice cream</td><td class="not_printable sorting_1">frozen foods</td><td><img style="width:50%;" src="/media/images/logos/marchands/19.png" alt="Loblaws"></td><td><span itemprop="price">$10.00</span><span itemprop="eligibleQuantity" itemscope="" itemtype="http://schema.org/QuantitativeValue">/<span itemprop="value">2</span>x<span itemprop="unitText">500mL</span></span></td><td>$16.45/kg</td><td style="display: none;">2020-02-26</td><td style="display: none;"></td><td style="display: none;">Häagen-dazs</td><td style="display: none;"></td><td style="display: none;"></td><td style="display: none;"></td><td style="display: none;"></td><td style="display: none;"></td><td style="display: none;"><a class="recipeLink" href="/recipe_ingredient_search_results.php?query=(_QU5E__1__________362__[]_1_1)">Recipes with vanilla ice cream</a></td></tr><tr role="row" class="even"><td tabindex="0"><i class="fa fa-thumbs-down"></i></td><td class=" not_printable"><div class="addToGL" data-soscuisine-aisle="8" data-soscuisine-sip="3941367"><i class="fa fa-cart-plus" title="Add to My Grocery List"></i><div></div></div></td><td><img class="storeItemImage" alt="vanilla ice cream" src="/media/images/store_item/blank.jpg"></td><td>vanilla ice cream</td><td class="not_printable sorting_1">frozen foods</td><td><img style="width:50%;" src="/media/images/logos/marchands/19.png" alt="Loblaws"></td><td><span itemprop="price">$5.99</span><span itemprop="eligibleQuantity" itemscope="" itemtype="http://schema.org/QuantitativeValue">/<span itemprop="unitText">500mL</span></span></td><td>$19.70/kg</td><td style="display: none;">2020-02-26</td><td style="display: none;"></td><td style="display: none;">Häagen-dazs</td><td style="display: none;"></td><td style="display: none;"></td><td style="display: none;"></td><td style="display: none;"></td><td style="display: none;"></td><td style="display: none;"><a class="recipeLink" href="/recipe_ingredient_search_results.php?query=(_QU5E__1__________362__[]_1_1)">Recipes with vanilla ice cream</a></td></tr><tr role="row" class="odd"><td tabindex="0"><i class="fa fa-thumbs-up"></i></td><td class=" not_printable"><div class="addToGL" data-soscuisine-aisle="8" data-soscuisine-sip="3944837"><i class="fa fa-cart-plus" title="Add to My Grocery List"></i><div></div></div></td><td><img class="storeItemImage" alt="vanilla ice cream" src="/media/images/store_item/blank.jpg"></td><td>vanilla ice cream</td><td class="not_printable sorting_1">frozen foods</td><td><img style="width:50%;" src="/media/images/logos/marchands/52.png" alt="Real Canadian Superstore"></td><td><span itemprop="price">$3.98</span><span itemprop="eligibleQuantity" itemscope="" itemtype="http://schema.org/QuantitativeValue">/<span itemprop="unitText">1,66L</span></span></td><td>$3.94/kg</td><td style="display: none;">2020-02-26</td><td style="display: none;"></td><td style="display: none;">Breyers</td><td style="display: none;"></td><td style="display: none;"></td><td style="display: none;"></td><td style="display: none;"></td><td style="display: none;"></td><td style="display: none;"><a class="recipeLink" href="/recipe_ingredient_search_results.php?query=(_QU5E__1__________362__[]_1_1)">Recipes with vanilla ice cream</a></td></tr><tr role="row" class="even"><td tabindex="0"><i class="fas fa-hand-rock"></i></td><td class=" not_printable"><div class="addToGL" data-soscuisine-aisle="8" data-soscuisine-sip="3943775"><i class="fa fa-cart-plus" title="Add to My Grocery List"></i><div></div></div></td><td><img class="storeItemImage" alt="vanilla ice cream" src="/media/images/store_item/blank.jpg"></td><td>vanilla ice cream</td><td class="not_printable sorting_1">frozen foods</td><td><img style="width:50%;" src="/media/images/logos/marchands/15.png" alt="Sobeys"></td><td><span itemprop="price">$4.99</span><span itemprop="eligibleQuantity" itemscope="" itemtype="http://schema.org/QuantitativeValue">/<span itemprop="unitText">1,66L</span></span></td><td>$4.94/kg</td><td style="display: none;">2020-02-26</td><td style="display: none;"></td><td style="display: none;">Breyers</td><td style="display: none;"></td><td style="display: none;"></td><td style="display: none;"></td><td style="display: none;"></td><td style="display: none;"></td><td style="display: none;"><a class="recipeLink" href="/recipe_ingredient_search_results.php?query=(_QU5E__1__________362__[]_1_1)">Recipes with vanilla ice cream</a></td></tr><tr role="row" class="odd"><td tabindex="0"><i class="fa fa-thumbs-up"></i><i class="fa fa-thumbs-up"></i></td><td class=" not_printable"><div class="addToGL" data-soscuisine-aisle="8" data-soscuisine-sip="3944287"><i class="fa fa-cart-plus" title="Add to My Grocery List"></i><div></div></div></td><td><img class="storeItemImage" alt="vanilla ice cream" src="/media/images/store_item/blank.jpg"></td><td>vanilla ice cream</td><td class="not_printable sorting_1">frozen foods</td><td><img style="width:50%;" src="/media/images/logos/marchands/39.png" alt="Your Independent Grocer"></td><td><span itemprop="price">$3.99</span><span itemprop="eligibleQuantity" itemscope="" itemtype="http://schema.org/QuantitativeValue">/<span itemprop="unitText">2L</span></span></td><td>$3.28/kg</td><td style="display: none;">2020-02-26</td><td style="display: none;"></td><td style="display: none;">Chapman's</td><td style="display: none;"></td><td style="display: none;"></td><td style="display: none;"></td><td style="display: none;"></td><td style="display: none;"></td><td style="display: none;"><a class="recipeLink" href="/recipe_ingredient_search_results.php?query=(_QU5E__1__________362__[]_1_1)">Recipes with vanilla ice cream</a></td></tr><tr role="row" class="even"><td tabindex="0"><i class="fa fa-thumbs-down"></i></td><td class=" not_printable"><div class="addToGL" data-soscuisine-aisle="8" data-soscuisine-sip="3943267"><i class="fa fa-cart-plus" title="Add to My Grocery List"></i><div></div></div></td><td><img class="storeItemImage" alt="vanilla ice cream" src="/media/images/store_item/blank.jpg"></td><td>vanilla ice cream</td><td class="not_printable sorting_1">frozen foods</td><td><img style="width:50%;" src="/media/images/logos/marchands/39.png" alt="Your Independent Grocer"></td><td><span itemprop="price">$10.00</span><span itemprop="eligibleQuantity" itemscope="" itemtype="http://schema.org/QuantitativeValue">/<span itemprop="value">2</span>x<span itemprop="unitText">500mL</span></span></td><td>$16.45/kg</td><td style="display: none;">2020-02-26</td><td style="display: none;"></td><td style="display: none;">Häagen-dazs</td><td style="display: none;"></td><td style="display: none;"></td><td style="display: none;"></td><td style="display: none;"></td><td style="display: none;"></td><td style="display: none;"><a class="recipeLink" href="/recipe_ingredient_search_results.php?query=(_QU5E__1__________362__[]_1_1)">Recipes with vanilla ice cream</a></td></tr><tr role="row" class="odd"><td tabindex="0"><i class="fa fa-thumbs-down"></i></td><td class=" not_printable"><div class="addToGL" data-soscuisine-aisle="8" data-soscuisine-sip="3943263"><i class="fa fa-cart-plus" title="Add to My Grocery List"></i><div></div></div></td><td><img class="storeItemImage" alt="vanilla ice cream" src="/media/images/store_item/blank.jpg"></td><td>vanilla ice cream</td><td class="not_printable sorting_1">frozen foods</td><td><img style="width:50%;" src="/media/images/logos/marchands/39.png" alt="Your Independent Grocer"></td><td><span itemprop="price">$5.99</span><span itemprop="eligibleQuantity" itemscope="" itemtype="http://schema.org/QuantitativeValue">/<span itemprop="unitText">500mL</span></span></td><td>$19.70/kg</td><td style="display: none;">2020-02-26</td><td style="display: none;"></td><td style="display: none;">Häagen-dazs</td><td style="display: none;"></td><td style="display: none;"></td><td style="display: none;"></td><td style="display: none;"></td><td style="display: none;"></td><td style="display: none;"><a class="recipeLink" href="/recipe_ingredient_search_results.php?query=(_QU5E__1__________362__[]_1_1)">Recipes with vanilla ice cream</a></td></tr><tr role="row" class="even"><td tabindex="0"><i class="fa fa-thumbs-down"></i></td><td class=" not_printable"><div class="addToGL" data-soscuisine-aisle="8" data-soscuisine-sip="3943169"><i class="fa fa-cart-plus" title="Add to My Grocery List"></i><div></div></div></td><td><img class="storeItemImage" alt="vegetables, frozen" src="/media/images/store_item/blank.jpg"></td><td>vegetables, frozen</td><td class="not_printable sorting_1">frozen foods</td><td><img style="width:50%;" src="/media/images/logos/marchands/16.png" alt="Foodland"></td><td><span itemprop="price">$2.79</span><span itemprop="eligibleQuantity" itemscope="" itemtype="http://schema.org/QuantitativeValue">/<span itemprop="unitText">500g</span></span></td><td>$5.58/kg</td><td style="display: none;">2020-02-26</td><td style="display: none;"></td><td style="display: none;">Green Giant</td><td style="display: none;"></td><td style="display: none;">various types</td><td style="display: none;"></td><td style="display: none;"></td><td style="display: none;"></td><td style="display: none;"><a class="recipeLink" href="/recipe_ingredient_search_results.php?query=(_QU5E__1__________350__[]_1_1)">Recipes with vegetables, frozen</a></td></tr><tr role="row" class="odd"><td tabindex="0"><i class="fas fa-hand-rock"></i></td><td class=" not_printable"><div class="addToGL" data-soscuisine-aisle="8" data-soscuisine-sip="3944417"><i class="fa fa-cart-plus" title="Add to My Grocery List"></i><div></div></div></td><td><img class="storeItemImage" alt="vegetables, frozen" src="/media/images/store_item/blank.jpg"></td><td>vegetables, frozen</td><td class="not_printable sorting_1">frozen foods</td><td><img style="width:50%;" src="/media/images/logos/marchands/70.png" alt="FreshCo"></td><td><span itemprop="price">$2.00</span><span itemprop="eligibleQuantity" itemscope="" itemtype="http://schema.org/QuantitativeValue">/<span itemprop="unitText">500g</span></span></td><td>$4.00/kg</td><td style="display: none;">2020-02-26</td><td style="display: none;"></td><td style="display: none;">Green Giant</td><td style="display: none;"></td><td style="display: none;"></td><td style="display: none;"></td><td style="display: none;"></td><td style="display: none;"></td><td style="display: none;"><a class="recipeLink" href="/recipe_ingredient_search_results.php?query=(_QU5E__1__________350__[]_1_1)">Recipes with vegetables, frozen</a></td></tr><tr role="row" class="even"><td tabindex="0"><i class="fa fa-thumbs-down"></i></td><td class=" not_printable"><div class="addToGL" data-soscuisine-aisle="8" data-soscuisine-sip="3941839"><i class="fa fa-cart-plus" title="Add to My Grocery List"></i><div></div></div></td><td><img class="storeItemImage" alt="vegetables, frozen" src="/media/images/store_item/blank.jpg"></td><td>vegetables, frozen</td><td class="not_printable sorting_1">frozen foods</td><td><img style="width:50%;" src="/media/images/logos/marchands/19.png" alt="Loblaws"></td><td><span itemprop="price">$7.00</span><span itemprop="eligibleQuantity" itemscope="" itemtype="http://schema.org/QuantitativeValue">/<span itemprop="value">2</span>x<span itemprop="unitText">750g</span></span></td><td>$4.67/kg</td><td style="display: none;">2020-02-26</td><td style="display: none;"></td><td style="display: none;">house brand</td><td style="display: none;"></td><td style="display: none;">various types</td><td style="display: none;"></td><td style="display: none;"></td><td style="display: none;"></td><td style="display: none;"><a class="recipeLink" href="/recipe_ingredient_search_results.php?query=(_QU5E__1__________350__[]_1_1)">Recipes with vegetables, frozen</a></td></tr><tr role="row" class="odd"><td tabindex="0"><i class="fa fa-thumbs-down"></i></td><td class=" not_printable"><div class="addToGL" data-soscuisine-aisle="8" data-soscuisine-sip="3941837"><i class="fa fa-cart-plus" title="Add to My Grocery List"></i><div></div></div></td><td><img class="storeItemImage" alt="vegetables, frozen" src="/media/images/store_item/blank.jpg"></td><td>vegetables, frozen</td><td class="not_printable sorting_1">frozen foods</td><td><img style="width:50%;" src="/media/images/logos/marchands/19.png" alt="Loblaws"></td><td><span itemprop="price">$3.99</span><span itemprop="eligibleQuantity" itemscope="" itemtype="http://schema.org/QuantitativeValue">/<span itemprop="unitText">750g</span></span></td><td>$5.32/kg</td><td style="display: none;">2020-02-26</td><td style="display: none;"></td><td style="display: none;">house brand</td><td style="display: none;"></td><td style="display: none;">various types</td><td style="display: none;"></td><td style="display: none;"></td><td style="display: none;"></td><td style="display: none;"><a class="recipeLink" href="/recipe_ingredient_search_results.php?query=(_QU5E__1__________350__[]_1_1)">Recipes with vegetables, frozen</a></td></tr><tr role="row" class="even"><td tabindex="0"><i class="fa fa-thumbs-up"></i></td><td class=" not_printable"><div class="addToGL" data-soscuisine-aisle="8" data-soscuisine-sip="3945931"><i class="fa fa-cart-plus" title="Add to My Grocery List"></i><div></div></div></td><td><img class="storeItemImage" alt="vegetables, frozen" src="/media/images/store_item/blank.jpg"></td><td>vegetables, frozen</td><td class="not_printable sorting_1">frozen foods</td><td><img style="width:50%;" src="/media/images/logos/marchands/20.png" alt="Metro"></td><td><span itemprop="price">$0.99</span><span itemprop="eligibleQuantity" itemscope="" itemtype="http://schema.org/QuantitativeValue">/<span itemprop="unitText">12oz (340g)</span></span></td><td>$2.91/kg</td><td style="display: none;">2020-02-26</td><td style="display: none;"></td><td style="display: none;">Surati</td><td style="display: none;"></td><td style="display: none;"></td><td style="display: none;"></td><td style="display: none;"></td><td style="display: none;"></td><td style="display: none;"><a class="recipeLink" href="/recipe_ingredient_search_results.php?query=(_QU5E__1__________350__[]_1_1)">Recipes with vegetables, frozen</a></td></tr><tr role="row" class="odd"><td tabindex="0"><i class="fas fa-hand-rock"></i></td><td class=" not_printable"><div class="addToGL" data-soscuisine-aisle="8" data-soscuisine-sip="3944577"><i class="fa fa-cart-plus" title="Add to My Grocery List"></i><div></div></div></td><td><img class="storeItemImage" alt="vegetables, frozen" src="/media/images/store_item/blank.jpg"></td><td>vegetables, frozen</td><td class="not_printable sorting_1">frozen foods</td><td><img style="width:50%;" src="/media/images/logos/marchands/17.png" alt="Price Chopper"></td><td><span itemprop="price">$2.00</span><span itemprop="eligibleQuantity" itemscope="" itemtype="http://schema.org/QuantitativeValue">/<span itemprop="unitText">500g</span></span></td><td>$4.00/kg</td><td style="display: none;">2020-02-26</td><td style="display: none;"></td><td style="display: none;">Green Giant</td><td style="display: none;"></td><td style="display: none;"></td><td style="display: none;"></td><td style="display: none;"></td><td style="display: none;"></td><td style="display: none;"><a class="recipeLink" href="/recipe_ingredient_search_results.php?query=(_QU5E__1__________350__[]_1_1)">Recipes with vegetables, frozen</a></td></tr><tr role="row" class="even"><td tabindex="0"><i class="fa fa-thumbs-down"></i></td><td class=" not_printable"><div class="addToGL" data-soscuisine-aisle="8" data-soscuisine-sip="3943681"><i class="fa fa-cart-plus" title="Add to My Grocery List"></i><div></div></div></td><td><img class="storeItemImage" alt="vegetables, frozen" src="/media/images/store_item/blank.jpg"></td><td>vegetables, frozen</td><td class="not_printable sorting_1">frozen foods</td><td><img style="width:50%;" src="/media/images/logos/marchands/15.png" alt="Sobeys"></td><td><span itemprop="price">$2.99</span><span itemprop="eligibleQuantity" itemscope="" itemtype="http://schema.org/QuantitativeValue">/<span itemprop="unitText">500g</span></span></td><td>$5.98/kg</td><td style="display: none;">2020-02-26</td><td style="display: none;"></td><td style="display: none;">house brand</td><td style="display: none;"></td><td style="display: none;"></td><td style="display: none;"></td><td style="display: none;"></td><td style="display: none;"></td><td style="display: none;"><a class="recipeLink" href="/recipe_ingredient_search_results.php?query=(_QU5E__1__________350__[]_1_1)">Recipes with vegetables, frozen</a></td></tr><tr role="row" class="odd"><td tabindex="0"><i class="fa fa-thumbs-down"></i></td><td class=" not_printable"><div class="addToGL" data-soscuisine-aisle="8" data-soscuisine-sip="3943641"><i class="fa fa-cart-plus" title="Add to My Grocery List"></i><div></div></div></td><td><img class="storeItemImage" alt="vegetables, frozen" src="/media/images/store_item/blank.jpg"></td><td>vegetables, frozen</td><td class="not_printable sorting_1">frozen foods</td><td><img style="width:50%;" src="/media/images/logos/marchands/39.png" alt="Your Independent Grocer"></td><td><span itemprop="price">$7.00</span><span itemprop="eligibleQuantity" itemscope="" itemtype="http://schema.org/QuantitativeValue">/<span itemprop="value">2</span>x<span itemprop="unitText">750g</span></span></td><td>$4.67/kg</td><td style="display: none;">2020-02-26</td><td style="display: none;"></td><td style="display: none;">house brand</td><td style="display: none;"></td><td style="display: none;">various types</td><td style="display: none;"></td><td style="display: none;"></td><td style="display: none;"></td><td style="display: none;"><a class="recipeLink" href="/recipe_ingredient_search_results.php?query=(_QU5E__1__________350__[]_1_1)">Recipes with vegetables, frozen</a></td></tr><tr role="row" class="even"><td tabindex="0"><i class="fa fa-thumbs-down"></i></td><td class=" not_printable"><div class="addToGL" data-soscuisine-aisle="8" data-soscuisine-sip="3943637"><i class="fa fa-cart-plus" title="Add to My Grocery List"></i><div></div></div></td><td><img class="storeItemImage" alt="vegetables, frozen" src="/media/images/store_item/blank.jpg"></td><td>vegetables, frozen</td><td class="not_printable sorting_1">frozen foods</td><td><img style="width:50%;" src="/media/images/logos/marchands/39.png" alt="Your Independent Grocer"></td><td><span itemprop="price">$3.99</span><span itemprop="eligibleQuantity" itemscope="" itemtype="http://schema.org/QuantitativeValue">/<span itemprop="unitText">750g</span></span></td><td>$5.32/kg</td><td style="display: none;">2020-02-26</td><td style="display: none;"></td><td style="display: none;">house brand</td><td style="display: none;"></td><td style="display: none;">various types</td><td style="display: none;"></td><td style="display: none;"></td><td style="display: none;"></td><td style="display: none;"><a class="recipeLink" href="/recipe_ingredient_search_results.php?query=(_QU5E__1__________350__[]_1_1)">Recipes with vegetables, frozen</a></td></tr><tr role="row" class="odd"><td tabindex="0"><i class="fas fa-hand-rock"></i></td><td class=" not_printable"><div class="addToGL" data-soscuisine-aisle="8" data-soscuisine-sip="3945499"><i class="fa fa-cart-plus" title="Add to My Grocery List"></i><div></div></div></td><td><img class="storeItemImage" alt="waffles" src="/media/images/store_item/blank.jpg"></td><td>waffles</td><td class="not_printable sorting_1">frozen foods</td><td><img style="width:50%;" src="/media/images/logos/marchands/18.png" alt="Food Basics"></td><td><span itemprop="price">$2.99</span><span itemprop="eligibleQuantity" itemscope="" itemtype="http://schema.org/QuantitativeValue">/<span itemprop="unitText">280g</span></span></td><td>$1.07/100g</td><td style="display: none;">2020-02-26</td><td style="display: none;"></td><td style="display: none;">Eggo (Kellogg's)</td><td style="display: none;"></td><td style="display: none;"></td><td style="display: none;"></td><td style="display: none;"></td><td style="display: none;"></td><td style="display: none;"><a class="recipeLink" href="/recipe_ingredient_search_results.php?query=(_QU5E__1__________1110__[]_1_1)">Recipes with waffles</a></td></tr><tr role="row" class="even"><td tabindex="0"><i class="fas fa-hand-rock"></i></td><td class=" not_printable"><div class="addToGL" data-soscuisine-aisle="8" data-soscuisine-sip="3945945"><i class="fa fa-cart-plus" title="Add to My Grocery List"></i><div></div></div></td><td><img class="storeItemImage" alt="waffles" src="/media/images/store_item/blank.jpg"></td><td>waffles</td><td class="not_printable sorting_1">frozen foods</td><td><img style="width:50%;" src="/media/images/logos/marchands/20.png" alt="Metro"></td><td><span itemprop="price">$2.99</span><span itemprop="eligibleQuantity" itemscope="" itemtype="http://schema.org/QuantitativeValue">/<span itemprop="unitText">280g</span></span></td><td>$1.07/100g</td><td style="display: none;">2020-02-26</td><td style="display: none;"></td><td style="display: none;">Eggo (Kellogg's)</td><td style="display: none;"></td><td style="display: none;"></td><td style="display: none;"></td><td style="display: none;"></td><td style="display: none;"></td><td style="display: none;"><a class="recipeLink" href="/recipe_ingredient_search_results.php?query=(_QU5E__1__________1110__[]_1_1)">Recipes with waffles</a></td></tr><tr role="row" class="odd"><td tabindex="0"><i class="fas fa-hand-rock"></i></td><td class=" not_printable"><div class="addToGL" data-soscuisine-aisle="8" data-soscuisine-sip="3944839"><i class="fa fa-cart-plus" title="Add to My Grocery List"></i><div></div></div></td><td><img class="storeItemImage" alt="waffles" src="/media/images/store_item/blank.jpg"></td><td>waffles</td><td class="not_printable sorting_1">frozen foods</td><td><img style="width:50%;" src="/media/images/logos/marchands/52.png" alt="Real Canadian Superstore"></td><td><span itemprop="price">$2.98</span><span itemprop="eligibleQuantity" itemscope="" itemtype="http://schema.org/QuantitativeValue">/<span itemprop="unitText">280g</span></span></td><td>$1.06/100g</td><td style="display: none;">2020-02-26</td><td style="display: none;"></td><td style="display: none;">Eggo (Kellogg's)</td><td style="display: none;"></td><td style="display: none;"></td><td style="display: none;"></td><td style="display: none;"></td><td style="display: none;"></td><td style="display: none;"><a class="recipeLink" href="/recipe_ingredient_search_results.php?query=(_QU5E__1__________1110__[]_1_1)">Recipes with waffles</a></td></tr><tr role="row" class="even"><td tabindex="0"><i class="fa fa-thumbs-up"></i></td><td class=" not_printable"><div class="addToGL" data-soscuisine-aisle="9" data-soscuisine-sip="3945451"><i class="fa fa-cart-plus" title="Add to My Grocery List"></i><div></div></div></td><td><img class="storeItemImage" alt="basmati rice" src="/media/images/store_item/blank.jpg"></td><td>basmati rice</td><td class="not_printable sorting_1">pasta, rice &amp; grains</td><td><img style="width:50%;" src="/media/images/logos/marchands/18.png" alt="Food Basics"></td><td><span itemprop="price">$8.97</span><span itemprop="eligibleQuantity" itemscope="" itemtype="http://schema.org/QuantitativeValue">/<span itemprop="unitText">10lb (4,54kg)</span></span></td><td>$1.98/kg</td><td style="display: none;">2020-02-26</td><td style="display: none;"></td><td style="display: none;"></td><td style="display: none;"></td><td style="display: none;"></td><td style="display: none;"></td><td style="display: none;"></td><td style="display: none;"></td><td style="display: none;"><a class="recipeLink" href="/recipe_ingredient_search_results.php?query=(_QU5E__1__________210__[]_1_1)">Recipes with basmati rice</a></td></tr><tr role="row" class="odd"><td tabindex="0"><i class="fas fa-hand-rock"></i></td><td class=" not_printable"><div class="addToGL" data-soscuisine-aisle="9" data-soscuisine-sip="3944307"><i class="fa fa-cart-plus" title="Add to My Grocery List"></i><div></div></div></td><td><img class="storeItemImage" alt="basmati rice" src="/media/images/store_item/blank.jpg"></td><td>basmati rice</td><td class="not_printable sorting_1">pasta, rice &amp; grains</td><td><img style="width:50%;" src="/media/images/logos/marchands/70.png" alt="FreshCo"></td><td><span itemprop="price">$9.99</span><span itemprop="eligibleQuantity" itemscope="" itemtype="http://schema.org/QuantitativeValue">/<span itemprop="unitText">10lb (4,54kg)</span></span></td><td>$2.20/kg</td><td style="display: none;">2020-02-26</td><td style="display: none;"></td><td style="display: none;">India Gate</td><td style="display: none;"></td><td style="display: none;"></td><td style="display: none;"></td><td style="display: none;"></td><td style="display: none;">or Qilla</td><td style="display: none;"><a class="recipeLink" href="/recipe_ingredient_search_results.php?query=(_QU5E__1__________210__[]_1_1)">Recipes with basmati rice</a></td></tr><tr role="row" class="even"><td tabindex="0"><i class="fa fa-thumbs-up"></i><i class="fa fa-thumbs-up"></i></td><td class=" not_printable"><div class="addToGL" data-soscuisine-aisle="9" data-soscuisine-sip="3945961"><i class="fa fa-cart-plus" title="Add to My Grocery List"></i><div></div></div></td><td><img class="storeItemImage" alt="basmati rice" src="/media/images/store_item/blank.jpg"></td><td>basmati rice</td><td class="not_printable sorting_1">pasta, rice &amp; grains</td><td><img style="width:50%;" src="/media/images/logos/marchands/20.png" alt="Metro"></td><td><span itemprop="price">$6.99</span><span itemprop="eligibleQuantity" itemscope="" itemtype="http://schema.org/QuantitativeValue">/<span itemprop="unitText">10lb (4,54kg)</span></span></td><td>$1.54/kg</td><td style="display: none;">2020-02-26</td><td style="display: none;"></td><td style="display: none;">Noor</td><td style="display: none;"></td><td style="display: none;"></td><td style="display: none;"></td><td style="display: none;"></td><td style="display: none;"></td><td style="display: none;"><a class="recipeLink" href="/recipe_ingredient_search_results.php?query=(_QU5E__1__________210__[]_1_1)">Recipes with basmati rice</a></td></tr><tr role="row" class="odd"><td tabindex="0"><i class="fas fa-hand-rock"></i></td><td class=" not_printable"><div class="addToGL" data-soscuisine-aisle="9" data-soscuisine-sip="3944979"><i class="fa fa-cart-plus" title="Add to My Grocery List"></i><div></div></div></td><td><img class="storeItemImage" alt="basmati rice" src="/media/images/store_item/blank.jpg"></td><td>basmati rice</td><td class="not_printable sorting_1">pasta, rice &amp; grains</td><td><img style="width:50%;" src="/media/images/logos/marchands/52.png" alt="Real Canadian Superstore"></td><td><span itemprop="price">$7.97</span><span itemprop="eligibleQuantity" itemscope="" itemtype="http://schema.org/QuantitativeValue">/<span itemprop="unitText">8lb (3,6kg)</span></span></td><td>$2.19/kg</td><td style="display: none;">2020-02-26</td><td style="display: none;"></td><td style="display: none;"></td><td style="display: none;"></td><td style="display: none;"></td><td style="display: none;"></td><td style="display: none;"></td><td style="display: none;">Quality, selected stores only</td><td style="display: none;"><a class="recipeLink" href="/recipe_ingredient_search_results.php?query=(_QU5E__1__________210__[]_1_1)">Recipes with basmati rice</a></td></tr><tr role="row" class="even"><td tabindex="0"><i class="fas fa-exclamation"></i></td><td class=" not_printable"><div class="addToGL" data-soscuisine-aisle="9" data-soscuisine-sip="3944375"><i class="fa fa-cart-plus" title="Add to My Grocery List"></i><div></div></div></td><td><img class="storeItemImage" alt="bulghur" src="/media/images/store_item/blank.jpg"></td><td>bulghur</td><td class="not_printable sorting_1">pasta, rice &amp; grains</td><td><img style="width:50%;" src="/media/images/logos/marchands/70.png" alt="FreshCo"></td><td><span itemprop="price">$1.49</span><span itemprop="eligibleQuantity" itemscope="" itemtype="http://schema.org/QuantitativeValue">/<span itemprop="unitText">900g</span></span></td><td>$0.17/100g</td><td style="display: none;">2020-02-26</td><td style="display: none;"></td><td style="display: none;"></td><td style="display: none;"></td><td style="display: none;"></td><td style="display: none;"></td><td style="display: none;"></td><td style="display: none;">Salem</td><td style="display: none;"><a class="recipeLink" href="/recipe_ingredient_search_results.php?query=(_QU5E__1__________207__[]_1_1)">Recipes with bulghur</a></td></tr><tr role="row" class="odd"><td tabindex="0"><i class="fa fa-thumbs-up"></i><i class="fa fa-thumbs-up"></i></td><td class=" not_printable"><div class="addToGL" data-soscuisine-aisle="9" data-soscuisine-sip="3945393"><i class="fa fa-cart-plus" title="Add to My Grocery List"></i><div></div></div></td><td><img class="storeItemImage" alt="instant noodles" src="/media/images/store_item/blank.jpg"></td><td>instant noodles</td><td class="not_printable sorting_1">pasta, rice &amp; grains</td><td><img style="width:50%;" src="/media/images/logos/marchands/14.png" alt="No Frills"></td><td><span itemprop="price">$0.25</span><span itemprop="eligibleQuantity" itemscope="" itemtype="http://schema.org/QuantitativeValue">/<span itemprop="unitText">85g (3oz)</span></span></td><td>$2.94/kg</td><td style="display: none;">2020-02-26</td><td style="display: none;"></td><td style="display: none;">Mr. Noodles</td><td style="display: none;"></td><td style="display: none;"></td><td style="display: none;"></td><td style="display: none;"></td><td style="display: none;"></td><td style="display: none;"><a class="recipeLink" href="/recipe_ingredient_search_results.php?query=(_QU5E__1__________1024__[]_1_1)">Recipes with instant noodles</a></td></tr><tr role="row" class="even"><td tabindex="0"><i class="fa fa-thumbs-up"></i></td><td class=" not_printable"><div class="addToGL" data-soscuisine-aisle="9" data-soscuisine-sip="3945395"><i class="fa fa-cart-plus" title="Add to My Grocery List"></i><div></div></div></td><td><img class="storeItemImage" alt="instant noodles" src="/media/images/store_item/blank.jpg"></td><td>instant noodles</td><td class="not_printable sorting_1">pasta, rice &amp; grains</td><td><img style="width:50%;" src="/media/images/logos/marchands/14.png" alt="No Frills"></td><td><span itemprop="price">$0.25</span><span itemprop="eligibleQuantity" itemscope="" itemtype="http://schema.org/QuantitativeValue">/<span itemprop="unitText">70g</span></span></td><td>$3.57/kg</td><td style="display: none;">2020-02-26</td><td style="display: none;"></td><td style="display: none;"></td><td style="display: none;"></td><td style="display: none;"></td><td style="display: none;"></td><td style="display: none;"></td><td style="display: none;">Maggi</td><td style="display: none;"><a class="recipeLink" href="/recipe_ingredient_search_results.php?query=(_QU5E__1__________1024__[]_1_1)">Recipes with instant noodles</a></td></tr><tr role="row" class="odd"><td tabindex="0"><i class="fas fa-exclamation"></i></td><td class=" not_printable"><div class="addToGL" data-soscuisine-aisle="9" data-soscuisine-sip="3944961"><i class="fa fa-cart-plus" title="Add to My Grocery List"></i><div></div></div></td><td><img class="storeItemImage" alt="Japanese noodles" src="/media/images/store_item/blank.jpg"></td><td>Japanese noodles</td><td class="not_printable sorting_1">pasta, rice &amp; grains</td><td><img style="width:50%;" src="/media/images/logos/marchands/52.png" alt="Real Canadian Superstore"></td><td><span itemprop="price">$4.00</span><span itemprop="eligibleQuantity" itemscope="" itemtype="http://schema.org/QuantitativeValue">/<span itemprop="unitText">1,25kg (2,75lb)</span></span></td><td>$3.20/kg</td><td style="display: none;">2020-02-26</td><td style="display: none;"></td><td style="display: none;"></td><td style="display: none;"></td><td style="display: none;"></td><td style="display: none;"></td><td style="display: none;"></td><td style="display: none;">Heiwa, selected stores only</td><td style="display: none;"><a class="recipeLink" href="/recipe_ingredient_search_results.php?query=(_QU5E__1__________592__[]_1_1)">Recipes with Japanese noodles</a></td></tr><tr role="row" class="even"><td tabindex="0"><i class="fa fa-thumbs-down"></i></td><td class=" not_printable"><div class="addToGL" data-soscuisine-aisle="9" data-soscuisine-sip="3945013"><i class="fa fa-cart-plus" title="Add to My Grocery List"></i><div></div></div></td><td><img class="storeItemImage" alt="pasta" src="/media/images/store_item/blank.jpg"></td><td>pasta</td><td class="not_printable sorting_1">pasta, rice &amp; grains</td><td><img style="width:50%;" src="/media/images/logos/marchands/38.png" alt="Farm Boy"></td><td><span itemprop="price">$3.99</span><span itemprop="eligibleQuantity" itemscope="" itemtype="http://schema.org/QuantitativeValue">/<span itemprop="unitText">500g</span></span></td><td>$7.98/kg</td><td style="display: none;">2020-02-26</td><td style="display: none;"></td><td style="display: none;">house brand</td><td style="display: none;"></td><td style="display: none;"></td><td style="display: none;"></td><td style="display: none;"></td><td style="display: none;"></td><td style="display: none;"><a class="recipeLink" href="/recipe_ingredient_search_results.php?query=(_QU5E__1__________573__[]_1_1)">Recipes with pasta</a></td></tr><tr role="row" class="odd"><td tabindex="0"><i class="fa fa-thumbs-down"></i></td><td class=" not_printable"><div class="addToGL" data-soscuisine-aisle="9" data-soscuisine-sip="3944419"><i class="fa fa-cart-plus" title="Add to My Grocery List"></i><div></div></div></td><td><img class="storeItemImage" alt="pasta" src="/media/images/store_item/blank.jpg"></td><td>pasta</td><td class="not_printable sorting_1">pasta, rice &amp; grains</td><td><img style="width:50%;" src="/media/images/logos/marchands/70.png" alt="FreshCo"></td><td><span itemprop="price">$1.50</span><span itemprop="eligibleQuantity" itemscope="" itemtype="http://schema.org/QuantitativeValue">/<span itemprop="unitText">375g</span></span></td><td>$4.00/kg</td><td style="display: none;">2020-02-26</td><td style="display: none;"></td><td style="display: none;">Catelli</td><td style="display: none;"></td><td style="display: none;"></td><td style="display: none;"></td><td style="display: none;"></td><td style="display: none;"></td><td style="display: none;"><a class="recipeLink" href="/recipe_ingredient_search_results.php?query=(_QU5E__1__________573__[]_1_1)">Recipes with pasta</a></td></tr><tr role="row" class="even"><td tabindex="0"><i class="fa fa-thumbs-up"></i></td><td class=" not_printable"><div class="addToGL" data-soscuisine-aisle="9" data-soscuisine-sip="3941959"><i class="fa fa-cart-plus" title="Add to My Grocery List"></i><div></div></div></td><td><img class="storeItemImage" alt="pasta" src="/media/images/store_item/blank.jpg"></td><td>pasta</td><td class="not_printable sorting_1">pasta, rice &amp; grains</td><td><img style="width:50%;" src="/media/images/logos/marchands/19.png" alt="Loblaws"></td><td><span itemprop="price">$4.98</span><span itemprop="eligibleQuantity" itemscope="" itemtype="http://schema.org/QuantitativeValue">/<span itemprop="value">3</span>x<span itemprop="unitText">900g</span></span></td><td>$1.84/kg</td><td style="display: none;">2020-02-26</td><td style="display: none;"></td><td style="display: none;">Italpasta</td><td style="display: none;"></td><td style="display: none;"></td><td style="display: none;"></td><td style="display: none;"></td><td style="display: none;"></td><td style="display: none;"><a class="recipeLink" href="/recipe_ingredient_search_results.php?query=(_QU5E__1__________573__[]_1_1)">Recipes with pasta</a></td></tr><tr role="row" class="odd"><td tabindex="0"><i class="fas fa-hand-rock"></i></td><td class=" not_printable"><div class="addToGL" data-soscuisine-aisle="9" data-soscuisine-sip="3941957"><i class="fa fa-cart-plus" title="Add to My Grocery List"></i><div></div></div></td><td><img class="storeItemImage" alt="pasta" src="/media/images/store_item/blank.jpg"></td><td>pasta</td><td class="not_printable sorting_1">pasta, rice &amp; grains</td><td><img style="width:50%;" src="/media/images/logos/marchands/19.png" alt="Loblaws"></td><td><span itemprop="price">$1.99</span><span itemprop="eligibleQuantity" itemscope="" itemtype="http://schema.org/QuantitativeValue">/<span itemprop="unitText">900g</span></span></td><td>$2.21/kg</td><td style="display: none;">2020-02-26</td><td style="display: none;"></td><td style="display: none;">Italpasta</td><td style="display: none;"></td><td style="display: none;"></td><td style="display: none;"></td><td style="display: none;"></td><td style="display: none;"></td><td style="display: none;"><a class="recipeLink" href="/recipe_ingredient_search_results.php?query=(_QU5E__1__________573__[]_1_1)">Recipes with pasta</a></td></tr><tr role="row" class="even"><td tabindex="0"><i class="fas fa-hand-rock"></i></td><td class=" not_printable"><div class="addToGL" data-soscuisine-aisle="9" data-soscuisine-sip="3945969"><i class="fa fa-cart-plus" title="Add to My Grocery List"></i><div></div></div></td><td><img class="storeItemImage" alt="pasta" src="/media/images/store_item/blank.jpg"></td><td>pasta</td><td class="not_printable sorting_1">pasta, rice &amp; grains</td><td><img style="width:50%;" src="/media/images/logos/marchands/20.png" alt="Metro"></td><td><span itemprop="price">$1.99</span><span itemprop="eligibleQuantity" itemscope="" itemtype="http://schema.org/QuantitativeValue">/<span itemprop="unitText">900g</span></span></td><td>$2.21/kg</td><td style="display: none;">2020-02-26</td><td style="display: none;"></td><td style="display: none;">Primo</td><td style="display: none;"></td><td style="display: none;"></td><td style="display: none;"></td><td style="display: none;"></td><td style="display: none;"></td><td style="display: none;"><a class="recipeLink" href="/recipe_ingredient_search_results.php?query=(_QU5E__1__________573__[]_1_1)">Recipes with pasta</a></td></tr><tr role="row" class="odd"><td tabindex="0"><i class="fa fa-thumbs-down"></i></td><td class=" not_printable"><div class="addToGL" data-soscuisine-aisle="9" data-soscuisine-sip="3944579"><i class="fa fa-cart-plus" title="Add to My Grocery List"></i><div></div></div></td><td><img class="storeItemImage" alt="pasta" src="/media/images/store_item/blank.jpg"></td><td>pasta</td><td class="not_printable sorting_1">pasta, rice &amp; grains</td><td><img style="width:50%;" src="/media/images/logos/marchands/17.png" alt="Price Chopper"></td><td><span itemprop="price">$1.50</span><span itemprop="eligibleQuantity" itemscope="" itemtype="http://schema.org/QuantitativeValue">/<span itemprop="unitText">375g</span></span></td><td>$4.00/kg</td><td style="display: none;">2020-02-26</td><td style="display: none;"></td><td style="display: none;">Catelli</td><td style="display: none;"></td><td style="display: none;"></td><td style="display: none;"></td><td style="display: none;"></td><td style="display: none;"></td><td style="display: none;"><a class="recipeLink" href="/recipe_ingredient_search_results.php?query=(_QU5E__1__________573__[]_1_1)">Recipes with pasta</a></td></tr><tr role="row" class="even"><td tabindex="0"><i class="fa fa-thumbs-up"></i></td><td class=" not_printable"><div class="addToGL" data-soscuisine-aisle="9" data-soscuisine-sip="3944341"><i class="fa fa-cart-plus" title="Add to My Grocery List"></i><div></div></div></td><td><img class="storeItemImage" alt="pasta" src="/media/images/store_item/blank.jpg"></td><td>pasta</td><td class="not_printable sorting_1">pasta, rice &amp; grains</td><td><img style="width:50%;" src="/media/images/logos/marchands/39.png" alt="Your Independent Grocer"></td><td><span itemprop="price">$4.98</span><span itemprop="eligibleQuantity" itemscope="" itemtype="http://schema.org/QuantitativeValue">/<span itemprop="value">3</span>x<span itemprop="unitText">900g</span></span></td><td>$1.84/kg</td><td style="display: none;">2020-02-26</td><td style="display: none;"></td><td style="display: none;">Italpasta</td><td style="display: none;"></td><td style="display: none;"></td><td style="display: none;"></td><td style="display: none;"></td><td style="display: none;"></td><td style="display: none;"><a class="recipeLink" href="/recipe_ingredient_search_results.php?query=(_QU5E__1__________573__[]_1_1)">Recipes with pasta</a></td></tr><tr role="row" class="odd"><td tabindex="0"><i class="fas fa-hand-rock"></i></td><td class=" not_printable"><div class="addToGL" data-soscuisine-aisle="9" data-soscuisine-sip="3944339"><i class="fa fa-cart-plus" title="Add to My Grocery List"></i><div></div></div></td><td><img class="storeItemImage" alt="pasta" src="/media/images/store_item/blank.jpg"></td><td>pasta</td><td class="not_printable sorting_1">pasta, rice &amp; grains</td><td><img style="width:50%;" src="/media/images/logos/marchands/39.png" alt="Your Independent Grocer"></td><td><span itemprop="price">$1.99</span><span itemprop="eligibleQuantity" itemscope="" itemtype="http://schema.org/QuantitativeValue">/<span itemprop="unitText">900g</span></span></td><td>$2.21/kg</td><td style="display: none;">2020-02-26</td><td style="display: none;"></td><td style="display: none;">Italpasta</td><td style="display: none;"></td><td style="display: none;"></td><td style="display: none;"></td><td style="display: none;"></td><td style="display: none;"></td><td style="display: none;"><a class="recipeLink" href="/recipe_ingredient_search_results.php?query=(_QU5E__1__________573__[]_1_1)">Recipes with pasta</a></td></tr><tr role="row" class="even"><td tabindex="0"><i class="fa fa-thumbs-up"></i><i class="fa fa-thumbs-up"></i></td><td class=" not_printable"><div class="addToGL" data-soscuisine-aisle="22" data-soscuisine-sip="3945623"><i class="fa fa-cart-plus" title="Add to My Grocery List"></i><div></div></div></td><td><img class="storeItemImage" itemprop="image" alt="bagels" src="/media/images/store_item/959.jpg"></td><td>bagels</td><td class="not_printable sorting_1">bakery</td><td><img style="width:50%;" src="/media/images/logos/marchands/18.png" alt="Food Basics"></td><td><span itemprop="price">$3.00</span><span itemprop="eligibleQuantity" itemscope="" itemtype="http://schema.org/QuantitativeValue">/<span itemprop="value">2</span>x <span itemprop="unitText">6-pack</span></span>s</td><td>$2.78/kg</td><td style="display: none;">2020-02-26</td><td style="display: none;"></td><td style="display: none;">house brand</td><td style="display: none;">standard</td><td style="display: none;"></td><td style="display: none;"></td><td style="display: none;"></td><td style="display: none;"></td><td style="display: none;"><a class="recipeLink" href="/recipe_ingredient_search_results.php?query=(_QU5E__1__________959__[]_1_1)">Recipes with bagels</a></td></tr><tr role="row" class="odd"><td tabindex="0"><i class="fa fa-thumbs-up"></i><i class="fa fa-thumbs-up"></i></td><td class=" not_printable"><div class="addToGL" data-soscuisine-aisle="22" data-soscuisine-sip="3943205"><i class="fa fa-cart-plus" title="Add to My Grocery List"></i><div></div></div></td><td><img class="storeItemImage" itemprop="image" alt="bagels" src="/media/images/store_item/959.jpg"></td><td>bagels</td><td class="not_printable sorting_1">bakery</td><td><img style="width:50%;" src="/media/images/logos/marchands/16.png" alt="Foodland"></td><td><span itemprop="price">$1.99</span><span itemprop="eligibleQuantity" itemscope="" itemtype="http://schema.org/QuantitativeValue">/<span itemprop="unitText">6-pack</span></span></td><td>$3.69/kg</td><td style="display: none;">2020-02-26</td><td style="display: none;"></td><td style="display: none;">house brand</td><td style="display: none;">standard</td><td style="display: none;"></td><td style="display: none;"></td><td style="display: none;"></td><td style="display: none;"></td><td style="display: none;"><a class="recipeLink" href="/recipe_ingredient_search_results.php?query=(_QU5E__1__________959__[]_1_1)">Recipes with bagels</a></td></tr><tr role="row" class="even"><td tabindex="0"><i class="fa fa-thumbs-down"></i></td><td class=" not_printable"><div class="addToGL" data-soscuisine-aisle="22" data-soscuisine-sip="3941477"><i class="fa fa-cart-plus" title="Add to My Grocery List"></i><div></div></div></td><td><img class="storeItemImage" itemprop="image" alt="bagels" src="/media/images/store_item/959.jpg"></td><td>bagels</td><td class="not_printable sorting_1">bakery</td><td><img style="width:50%;" src="/media/images/logos/marchands/19.png" alt="Loblaws"></td><td><span itemprop="price">$6.00</span><span itemprop="eligibleQuantity" itemscope="" itemtype="http://schema.org/QuantitativeValue">/<span itemprop="value">2</span>x <span itemprop="unitText">6-pack</span></span>s</td><td>$5.56/kg</td><td style="display: none;">2020-02-26</td><td style="display: none;"></td><td style="display: none;">Country Harvest</td><td style="display: none;">standard</td><td style="display: none;"></td><td style="display: none;"></td><td style="display: none;"></td><td style="display: none;"></td><td style="display: none;"><a class="recipeLink" href="/recipe_ingredient_search_results.php?query=(_QU5E__1__________959__[]_1_1)">Recipes with bagels</a></td></tr><tr role="row" class="odd"><td tabindex="0"><i class="fa fa-thumbs-down"></i></td><td class=" not_printable"><div class="addToGL" data-soscuisine-aisle="22" data-soscuisine-sip="3941475"><i class="fa fa-cart-plus" title="Add to My Grocery List"></i><div></div></div></td><td><img class="storeItemImage" itemprop="image" alt="bagels" src="/media/images/store_item/959.jpg"></td><td>bagels</td><td class="not_printable sorting_1">bakery</td><td><img style="width:50%;" src="/media/images/logos/marchands/19.png" alt="Loblaws"></td><td><span itemprop="price">$3.49</span><span itemprop="eligibleQuantity" itemscope="" itemtype="http://schema.org/QuantitativeValue">/<span itemprop="unitText">6-pack</span></span></td><td>$6.46/kg</td><td style="display: none;">2020-02-26</td><td style="display: none;"></td><td style="display: none;">Country Harvest</td><td style="display: none;">standard</td><td style="display: none;"></td><td style="display: none;"></td><td style="display: none;"></td><td style="display: none;"></td><td style="display: none;"><a class="recipeLink" href="/recipe_ingredient_search_results.php?query=(_QU5E__1__________959__[]_1_1)">Recipes with bagels</a></td></tr><tr role="row" class="even"><td tabindex="0"><i class="fa fa-thumbs-up"></i><i class="fa fa-thumbs-up"></i></td><td class=" not_printable"><div class="addToGL" data-soscuisine-aisle="22" data-soscuisine-sip="3945383"><i class="fa fa-cart-plus" title="Add to My Grocery List"></i><div></div></div></td><td><img class="storeItemImage" itemprop="image" alt="bagels" src="/media/images/store_item/959.jpg"></td><td>bagels</td><td class="not_printable sorting_1">bakery</td><td><img style="width:50%;" src="/media/images/logos/marchands/14.png" alt="No Frills"></td><td><span itemprop="price">$1.00</span><span itemprop="eligibleQuantity" itemscope="" itemtype="http://schema.org/QuantitativeValue">/<span itemprop="unitText">6-pack</span></span></td><td>$1.85/kg</td><td style="display: none;">2020-02-26</td><td style="display: none;"></td><td style="display: none;">Old Mill</td><td style="display: none;">standard</td><td style="display: none;"></td><td style="display: none;"></td><td style="display: none;"></td><td style="display: none;"></td><td style="display: none;"><a class="recipeLink" href="/recipe_ingredient_search_results.php?query=(_QU5E__1__________959__[]_1_1)">Recipes with bagels</a></td></tr><tr role="row" class="odd"><td tabindex="0"><i class="fas fa-hand-rock"></i></td><td class=" not_printable"><div class="addToGL" data-soscuisine-aisle="22" data-soscuisine-sip="3944765"><i class="fa fa-cart-plus" title="Add to My Grocery List"></i><div></div></div></td><td><img class="storeItemImage" itemprop="image" alt="bagels" src="/media/images/store_item/959.jpg"></td><td>bagels</td><td class="not_printable sorting_1">bakery</td><td><img style="width:50%;" src="/media/images/logos/marchands/52.png" alt="Real Canadian Superstore"></td><td><span itemprop="price">$2.48</span><span itemprop="eligibleQuantity" itemscope="" itemtype="http://schema.org/QuantitativeValue">/<span itemprop="unitText">6-pack</span></span></td><td>$4.59/kg</td><td style="display: none;">2020-02-26</td><td style="display: none;"></td><td style="display: none;">Country Harvest</td><td style="display: none;">standard</td><td style="display: none;"></td><td style="display: none;"></td><td style="display: none;"></td><td style="display: none;">PC Optimum members only</td><td style="display: none;"><a class="recipeLink" href="/recipe_ingredient_search_results.php?query=(_QU5E__1__________959__[]_1_1)">Recipes with bagels</a></td></tr><tr role="row" class="even"><td tabindex="0"><i class="fas fa-hand-rock"></i></td><td class=" not_printable"><div class="addToGL" data-soscuisine-aisle="22" data-soscuisine-sip="3944763"><i class="fa fa-cart-plus" title="Add to My Grocery List"></i><div></div></div></td><td><img class="storeItemImage" itemprop="image" alt="bagels" src="/media/images/store_item/959.jpg"></td><td>bagels</td><td class="not_printable sorting_1">bakery</td><td><img style="width:50%;" src="/media/images/logos/marchands/52.png" alt="Real Canadian Superstore"></td><td><span itemprop="price">$2.98</span><span itemprop="eligibleQuantity" itemscope="" itemtype="http://schema.org/QuantitativeValue">/<span itemprop="unitText">6-pack</span></span></td><td>$5.52/kg</td><td style="display: none;">2020-02-26</td><td style="display: none;"></td><td style="display: none;">Country Harvest</td><td style="display: none;">standard</td><td style="display: none;"></td><td style="display: none;"></td><td style="display: none;"></td><td style="display: none;"></td><td style="display: none;"><a class="recipeLink" href="/recipe_ingredient_search_results.php?query=(_QU5E__1__________959__[]_1_1)">Recipes with bagels</a></td></tr><tr role="row" class="odd"><td tabindex="0"><i class="fa fa-thumbs-down"></i></td><td class=" not_printable"><div class="addToGL" data-soscuisine-aisle="22" data-soscuisine-sip="3943301"><i class="fa fa-cart-plus" title="Add to My Grocery List"></i><div></div></div></td><td><img class="storeItemImage" itemprop="image" alt="bagels" src="/media/images/store_item/959.jpg"></td><td>bagels</td><td class="not_printable sorting_1">bakery</td><td><img style="width:50%;" src="/media/images/logos/marchands/39.png" alt="Your Independent Grocer"></td><td><span itemprop="price">$6.00</span><span itemprop="eligibleQuantity" itemscope="" itemtype="http://schema.org/QuantitativeValue">/<span itemprop="value">2</span>x <span itemprop="unitText">6-pack</span></span>s</td><td>$5.56/kg</td><td style="display: none;">2020-02-26</td><td style="display: none;"></td><td style="display: none;">Country Harvest</td><td style="display: none;">standard</td><td style="display: none;"></td><td style="display: none;"></td><td style="display: none;"></td><td style="display: none;"></td><td style="display: none;"><a class="recipeLink" href="/recipe_ingredient_search_results.php?query=(_QU5E__1__________959__[]_1_1)">Recipes with bagels</a></td></tr><tr role="row" class="even"><td tabindex="0"><i class="fa fa-thumbs-down"></i></td><td class=" not_printable"><div class="addToGL" data-soscuisine-aisle="22" data-soscuisine-sip="3943299"><i class="fa fa-cart-plus" title="Add to My Grocery List"></i><div></div></div></td><td><img class="storeItemImage" itemprop="image" alt="bagels" src="/media/images/store_item/959.jpg"></td><td>bagels</td><td class="not_printable sorting_1">bakery</td><td><img style="width:50%;" src="/media/images/logos/marchands/39.png" alt="Your Independent Grocer"></td><td><span itemprop="price">$3.49</span><span itemprop="eligibleQuantity" itemscope="" itemtype="http://schema.org/QuantitativeValue">/<span itemprop="unitText">6-pack</span></span></td><td>$6.46/kg</td><td style="display: none;">2020-02-26</td><td style="display: none;"></td><td style="display: none;">Country Harvest</td><td style="display: none;">standard</td><td style="display: none;"></td><td style="display: none;"></td><td style="display: none;"></td><td style="display: none;"></td><td style="display: none;"><a class="recipeLink" href="/recipe_ingredient_search_results.php?query=(_QU5E__1__________959__[]_1_1)">Recipes with bagels</a></td></tr><tr role="row" class="odd"><td tabindex="0"><i class="fa fa-thumbs-up"></i><i class="fa fa-thumbs-up"></i></td><td class=" not_printable"><div class="addToGL" data-soscuisine-aisle="22" data-soscuisine-sip="3944257"><i class="fa fa-cart-plus" title="Add to My Grocery List"></i><div></div></div></td><td><img class="storeItemImage" itemprop="image" alt="baguette" src="/media/images/store_item/551.jpg"></td><td>baguette</td><td class="not_printable sorting_1">bakery</td><td><img style="width:50%;" src="/media/images/logos/marchands/70.png" alt="FreshCo"></td><td><span itemprop="price">$1.25</span><span itemprop="eligibleQuantity" itemscope="" itemtype="http://schema.org/QuantitativeValue">/<span itemprop="unitText">340g</span></span></td><td>$3.68/kg</td><td style="display: none;">2020-02-26</td><td style="display: none;"></td><td style="display: none;">Signature Passion</td><td style="display: none;"></td><td style="display: none;"></td><td style="display: none;"></td><td style="display: none;"></td><td style="display: none;"></td><td style="display: none;"><a class="recipeLink" href="/recipe_ingredient_search_results.php?query=(_QU5E__1__________551__[]_1_1)">Recipes with baguette</a></td></tr><tr role="row" class="even"><td tabindex="0"><i class="fas fa-hand-rock"></i></td><td class=" not_printable"><div class="addToGL" data-soscuisine-aisle="22" data-soscuisine-sip="3941765"><i class="fa fa-cart-plus" title="Add to My Grocery List"></i><div></div></div></td><td><img class="storeItemImage" itemprop="image" alt="baguette" src="/media/images/store_item/551.jpg"></td><td>baguette</td><td class="not_printable sorting_1">bakery</td><td><img style="width:50%;" src="/media/images/logos/marchands/19.png" alt="Loblaws"></td><td><span itemprop="price">$1.29</span><span itemprop="eligibleQuantity" itemscope="" itemtype="http://schema.org/QuantitativeValue">/<span itemprop="unitText">9oz (255g)</span></span></td><td>$5.06/kg</td><td style="display: none;">2020-02-26</td><td style="display: none;"></td><td style="display: none;"></td><td style="display: none;"></td><td style="display: none;"></td><td style="display: none;"></td><td style="display: none;"></td><td style="display: none;">white or whole wheat, baked in-store</td><td style="display: none;"><a class="recipeLink" href="/recipe_ingredient_search_results.php?query=(_QU5E__1__________551__[]_1_1)">Recipes with baguette</a></td></tr><tr role="row" class="odd"><td tabindex="0"><i class="fa fa-thumbs-up"></i><i class="fa fa-thumbs-up"></i></td><td class=" not_printable"><div class="addToGL" data-soscuisine-aisle="22" data-soscuisine-sip="3944493"><i class="fa fa-cart-plus" title="Add to My Grocery List"></i><div></div></div></td><td><img class="storeItemImage" itemprop="image" alt="baguette" src="/media/images/store_item/551.jpg"></td><td>baguette</td><td class="not_printable sorting_1">bakery</td><td><img style="width:50%;" src="/media/images/logos/marchands/17.png" alt="Price Chopper"></td><td><span itemprop="price">$1.25</span><span itemprop="eligibleQuantity" itemscope="" itemtype="http://schema.org/QuantitativeValue">/<span itemprop="unitText">340g</span></span></td><td>$3.68/kg</td><td style="display: none;">2020-02-26</td><td style="display: none;"></td><td style="display: none;">Signature Passion</td><td style="display: none;"></td><td style="display: none;"></td><td style="display: none;"></td><td style="display: none;"></td><td style="display: none;"></td><td style="display: none;"><a class="recipeLink" href="/recipe_ingredient_search_results.php?query=(_QU5E__1__________551__[]_1_1)">Recipes with baguette</a></td></tr><tr role="row" class="even"><td tabindex="0"><i class="fas fa-hand-rock"></i></td><td class=" not_printable"><div class="addToGL" data-soscuisine-aisle="22" data-soscuisine-sip="3943463"><i class="fa fa-cart-plus" title="Add to My Grocery List"></i><div></div></div></td><td><img class="storeItemImage" itemprop="image" alt="baguette" src="/media/images/store_item/551.jpg"></td><td>baguette</td><td class="not_printable sorting_1">bakery</td><td><img style="width:50%;" src="/media/images/logos/marchands/39.png" alt="Your Independent Grocer"></td><td><span itemprop="price">$1.29</span><span itemprop="eligibleQuantity" itemscope="" itemtype="http://schema.org/QuantitativeValue">/<span itemprop="unitText">9oz (255g)</span></span></td><td>$5.06/kg</td><td style="display: none;">2020-02-26</td><td style="display: none;"></td><td style="display: none;"></td><td style="display: none;"></td><td style="display: none;"></td><td style="display: none;"></td><td style="display: none;"></td><td style="display: none;">white or whole wheat, baked in-store</td><td style="display: none;"><a class="recipeLink" href="/recipe_ingredient_search_results.php?query=(_QU5E__1__________551__[]_1_1)">Recipes with baguette</a></td></tr><tr role="row" class="odd"><td tabindex="0"><i class="fa fa-thumbs-down"></i></td><td class=" not_printable"><div class="addToGL" data-soscuisine-aisle="22" data-soscuisine-sip="3942041"><i class="fa fa-cart-plus" title="Add to My Grocery List"></i><div></div></div></td><td><img class="storeItemImage" itemprop="image" alt="croissants" src="/media/images/store_item/1006.jpg"></td><td>croissants</td><td class="not_printable sorting_1">bakery</td><td><img style="width:50%;" src="/media/images/logos/marchands/16.png" alt="Foodland"></td><td><span itemprop="price">$8.00</span><span itemprop="eligibleQuantity" itemscope="" itemtype="http://schema.org/QuantitativeValue">/<span itemprop="value">2</span>x<span itemprop="unitText">4-pack</span></span></td><td>$3.33/100g</td><td style="display: none;">2020-02-26</td><td style="display: none;"></td><td style="display: none;"></td><td style="display: none;">standard</td><td style="display: none;"></td><td style="display: none;"></td><td style="display: none;"></td><td style="display: none;">butter, baked in-store, available at most locations</td><td style="display: none;"><a class="recipeLink" href="/recipe_ingredient_search_results.php?query=(_QU5E__1__________1006__[]_1_1)">Recipes with croissants</a></td></tr><tr role="row" class="even"><td tabindex="0"><i class="fa fa-thumbs-down"></i></td><td class=" not_printable"><div class="addToGL" data-soscuisine-aisle="22" data-soscuisine-sip="3942039"><i class="fa fa-cart-plus" title="Add to My Grocery List"></i><div></div></div></td><td><img class="storeItemImage" itemprop="image" alt="croissants" src="/media/images/store_item/1006.jpg"></td><td>croissants</td><td class="not_printable sorting_1">bakery</td><td><img style="width:50%;" src="/media/images/logos/marchands/16.png" alt="Foodland"></td><td><span itemprop="price">$4.29</span><span itemprop="eligibleQuantity" itemscope="" itemtype="http://schema.org/QuantitativeValue">/<span itemprop="unitText">4-pack</span></span></td><td>$3.58/100g</td><td style="display: none;">2020-02-26</td><td style="display: none;"></td><td style="display: none;"></td><td style="display: none;">standard</td><td style="display: none;"></td><td style="display: none;"></td><td style="display: none;"></td><td style="display: none;">butter, baked in-store, available at most locations</td><td style="display: none;"><a class="recipeLink" href="/recipe_ingredient_search_results.php?query=(_QU5E__1__________1006__[]_1_1)">Recipes with croissants</a></td></tr><tr role="row" class="odd"><td tabindex="0"><i class="fas fa-hand-rock"></i></td><td class=" not_printable"><div class="addToGL" data-soscuisine-aisle="22" data-soscuisine-sip="3945677"><i class="fa fa-cart-plus" title="Add to My Grocery List"></i><div></div></div></td><td><img class="storeItemImage" itemprop="image" alt="croissants" src="/media/images/store_item/1006.jpg"></td><td>croissants</td><td class="not_printable sorting_1">bakery</td><td><img style="width:50%;" src="/media/images/logos/marchands/20.png" alt="Metro"></td><td><span itemprop="price">$4.99</span><span itemprop="eligibleQuantity" itemscope="" itemtype="http://schema.org/QuantitativeValue">/<span itemprop="unitText">12-pack</span></span></td><td>$1.39/100g</td><td style="display: none;">2020-02-26</td><td style="display: none;"></td><td style="display: none;"></td><td style="display: none;">standard</td><td style="display: none;"></td><td style="display: none;"></td><td style="display: none;"></td><td style="display: none;"></td><td style="display: none;"><a class="recipeLink" href="/recipe_ingredient_search_results.php?query=(_QU5E__1__________1006__[]_1_1)">Recipes with croissants</a></td></tr><tr role="row" class="even"><td tabindex="0"><i class="fas fa-hand-rock"></i></td><td class=" not_printable"><div class="addToGL" data-soscuisine-aisle="22" data-soscuisine-sip="3943203"><i class="fa fa-cart-plus" title="Add to My Grocery List"></i><div></div></div></td><td><img class="storeItemImage" itemprop="image" alt="English muffins" src="/media/images/store_item/1151.jpg"></td><td>English muffins</td><td class="not_printable sorting_1">bakery</td><td><img style="width:50%;" src="/media/images/logos/marchands/16.png" alt="Foodland"></td><td><span itemprop="price">$1.99</span><span itemprop="eligibleQuantity" itemscope="" itemtype="http://schema.org/QuantitativeValue">/<span itemprop="unitText">6-pack</span></span></td><td>$5.53/kg</td><td style="display: none;">2020-02-26</td><td style="display: none;"></td><td style="display: none;">house brand</td><td style="display: none;">standard</td><td style="display: none;"></td><td style="display: none;"></td><td style="display: none;"></td><td style="display: none;"></td><td style="display: none;"><a class="recipeLink" href="/recipe_ingredient_search_results.php?query=(_QU5E__1__________1151__[]_1_1)">Recipes with English muffins</a></td></tr><tr role="row" class="odd"><td tabindex="0"><i class="fas fa-hand-rock"></i></td><td class=" not_printable"><div class="addToGL" data-soscuisine-aisle="22" data-soscuisine-sip="3944261"><i class="fa fa-cart-plus" title="Add to My Grocery List"></i><div></div></div></td><td><img class="storeItemImage" itemprop="image" alt="English muffins" src="/media/images/store_item/1151.jpg"></td><td>English muffins</td><td class="not_printable sorting_1">bakery</td><td><img style="width:50%;" src="/media/images/logos/marchands/70.png" alt="FreshCo"></td><td><span itemprop="price">$1.50</span><span itemprop="eligibleQuantity" itemscope="" itemtype="http://schema.org/QuantitativeValue">/<span itemprop="unitText">6-pack</span></span></td><td>$4.17/kg</td><td style="display: none;">2020-02-26</td><td style="display: none;"></td><td style="display: none;">house brand</td><td style="display: none;">standard</td><td style="display: none;"></td><td style="display: none;"></td><td style="display: none;"></td><td style="display: none;"></td><td style="display: none;"><a class="recipeLink" href="/recipe_ingredient_search_results.php?query=(_QU5E__1__________1151__[]_1_1)">Recipes with English muffins</a></td></tr><tr role="row" class="even"><td tabindex="0"><i class="fas fa-hand-rock"></i></td><td class=" not_printable"><div class="addToGL" data-soscuisine-aisle="22" data-soscuisine-sip="3941769"><i class="fa fa-cart-plus" title="Add to My Grocery List"></i><div></div></div></td><td><img class="storeItemImage" itemprop="image" alt="English muffins" src="/media/images/store_item/1151.jpg"></td><td>English muffins</td><td class="not_printable sorting_1">bakery</td><td><img style="width:50%;" src="/media/images/logos/marchands/19.png" alt="Loblaws"></td><td><span itemprop="price">$3.00</span><span itemprop="eligibleQuantity" itemscope="" itemtype="http://schema.org/QuantitativeValue">/<span itemprop="value">2</span>x <span itemprop="unitText">6-pack</span></span>s</td><td>$4.17/kg</td><td style="display: none;">2020-02-26</td><td style="display: none;"></td><td style="display: none;">house brand</td><td style="display: none;">standard</td><td style="display: none;"></td><td style="display: none;"></td><td style="display: none;"></td><td style="display: none;"></td><td style="display: none;"><a class="recipeLink" href="/recipe_ingredient_search_results.php?query=(_QU5E__1__________1151__[]_1_1)">Recipes with English muffins</a></td></tr><tr role="row" class="odd"><td tabindex="0"><i class="fas fa-hand-rock"></i></td><td class=" not_printable"><div class="addToGL" data-soscuisine-aisle="22" data-soscuisine-sip="3941767"><i class="fa fa-cart-plus" title="Add to My Grocery List"></i><div></div></div></td><td><img class="storeItemImage" itemprop="image" alt="English muffins" src="/media/images/store_item/1151.jpg"></td><td>English muffins</td><td class="not_printable sorting_1">bakery</td><td><img style="width:50%;" src="/media/images/logos/marchands/19.png" alt="Loblaws"></td><td><span itemprop="price">$1.79</span><span itemprop="eligibleQuantity" itemscope="" itemtype="http://schema.org/QuantitativeValue">/<span itemprop="unitText">6-pack</span></span></td><td>$4.97/kg</td><td style="display: none;">2020-02-26</td><td style="display: none;"></td><td style="display: none;">house brand</td><td style="display: none;">standard</td><td style="display: none;"></td><td style="display: none;"></td><td style="display: none;"></td><td style="display: none;"></td><td style="display: none;"><a class="recipeLink" href="/recipe_ingredient_search_results.php?query=(_QU5E__1__________1151__[]_1_1)">Recipes with English muffins</a></td></tr><tr role="row" class="even"><td tabindex="0"><i class="fa fa-thumbs-down"></i></td><td class=" not_printable"><div class="addToGL" data-soscuisine-aisle="22" data-soscuisine-sip="3945877"><i class="fa fa-cart-plus" title="Add to My Grocery List"></i><div></div></div></td><td><img class="storeItemImage" itemprop="image" alt="English muffins" src="/media/images/store_item/1151.jpg"></td><td>English muffins</td><td class="not_printable sorting_1">bakery</td><td><img style="width:50%;" src="/media/images/logos/marchands/20.png" alt="Metro"></td><td><span itemprop="price">$2.49</span><span itemprop="eligibleQuantity" itemscope="" itemtype="http://schema.org/QuantitativeValue">/<span itemprop="unitText">6-pack</span></span></td><td>$6.92/kg</td><td style="display: none;">2020-02-26</td><td style="display: none;"></td><td style="display: none;">Dempster's</td><td style="display: none;">standard</td><td style="display: none;"></td><td style="display: none;"></td><td style="display: none;"></td><td style="display: none;"></td><td style="display: none;"><a class="recipeLink" href="/recipe_ingredient_search_results.php?query=(_QU5E__1__________1151__[]_1_1)">Recipes with English muffins</a></td></tr><tr role="row" class="odd"><td tabindex="0"><i class="fa fa-thumbs-up"></i><i class="fa fa-thumbs-up"></i></td><td class=" not_printable"><div class="addToGL" data-soscuisine-aisle="22" data-soscuisine-sip="3945387"><i class="fa fa-cart-plus" title="Add to My Grocery List"></i><div></div></div></td><td><img class="storeItemImage" itemprop="image" alt="English muffins" src="/media/images/store_item/1151.jpg"></td><td>English muffins</td><td class="not_printable sorting_1">bakery</td><td><img style="width:50%;" src="/media/images/logos/marchands/14.png" alt="No Frills"></td><td><span itemprop="price">$1.00</span><span itemprop="eligibleQuantity" itemscope="" itemtype="http://schema.org/QuantitativeValue">/<span itemprop="unitText">6-pack</span></span></td><td>$2.78/kg</td><td style="display: none;">2020-02-26</td><td style="display: none;"></td><td style="display: none;">Old Mill</td><td style="display: none;">standard</td><td style="display: none;"></td><td style="display: none;"></td><td style="display: none;"></td><td style="display: none;"></td><td style="display: none;"><a class="recipeLink" href="/recipe_ingredient_search_results.php?query=(_QU5E__1__________1151__[]_1_1)">Recipes with English muffins</a></td></tr><tr role="row" class="even"><td tabindex="0"><i class="fas fa-hand-rock"></i></td><td class=" not_printable"><div class="addToGL" data-soscuisine-aisle="22" data-soscuisine-sip="3944495"><i class="fa fa-cart-plus" title="Add to My Grocery List"></i><div></div></div></td><td><img class="storeItemImage" itemprop="image" alt="English muffins" src="/media/images/store_item/1151.jpg"></td><td>English muffins</td><td class="not_printable sorting_1">bakery</td><td><img style="width:50%;" src="/media/images/logos/marchands/17.png" alt="Price Chopper"></td><td><span itemprop="price">$1.50</span><span itemprop="eligibleQuantity" itemscope="" itemtype="http://schema.org/QuantitativeValue">/<span itemprop="unitText">6-pack</span></span></td><td>$4.17/kg</td><td style="display: none;">2020-02-26</td><td style="display: none;"></td><td style="display: none;">house brand</td><td style="display: none;">standard</td><td style="display: none;"></td><td style="display: none;"></td><td style="display: none;"></td><td style="display: none;"></td><td style="display: none;"><a class="recipeLink" href="/recipe_ingredient_search_results.php?query=(_QU5E__1__________1151__[]_1_1)">Recipes with English muffins</a></td></tr><tr role="row" class="odd"><td tabindex="0"><i class="fas fa-hand-rock"></i></td><td class=" not_printable"><div class="addToGL" data-soscuisine-aisle="22" data-soscuisine-sip="3943471"><i class="fa fa-cart-plus" title="Add to My Grocery List"></i><div></div></div></td><td><img class="storeItemImage" itemprop="image" alt="English muffins" src="/media/images/store_item/1151.jpg"></td><td>English muffins</td><td class="not_printable sorting_1">bakery</td><td><img style="width:50%;" src="/media/images/logos/marchands/39.png" alt="Your Independent Grocer"></td><td><span itemprop="price">$3.00</span><span itemprop="eligibleQuantity" itemscope="" itemtype="http://schema.org/QuantitativeValue">/<span itemprop="value">2</span>x <span itemprop="unitText">6-pack</span></span>s</td><td>$4.17/kg</td><td style="display: none;">2020-02-26</td><td style="display: none;"></td><td style="display: none;">house brand</td><td style="display: none;">standard</td><td style="display: none;"></td><td style="display: none;"></td><td style="display: none;"></td><td style="display: none;"></td><td style="display: none;"><a class="recipeLink" href="/recipe_ingredient_search_results.php?query=(_QU5E__1__________1151__[]_1_1)">Recipes with English muffins</a></td></tr><tr role="row" class="even"><td tabindex="0"><i class="fas fa-hand-rock"></i></td><td class=" not_printable"><div class="addToGL" data-soscuisine-aisle="22" data-soscuisine-sip="3943469"><i class="fa fa-cart-plus" title="Add to My Grocery List"></i><div></div></div></td><td><img class="storeItemImage" itemprop="image" alt="English muffins" src="/media/images/store_item/1151.jpg"></td><td>English muffins</td><td class="not_printable sorting_1">bakery</td><td><img style="width:50%;" src="/media/images/logos/marchands/39.png" alt="Your Independent Grocer"></td><td><span itemprop="price">$1.79</span><span itemprop="eligibleQuantity" itemscope="" itemtype="http://schema.org/QuantitativeValue">/<span itemprop="unitText">6-pack</span></span></td><td>$4.97/kg</td><td style="display: none;">2020-02-26</td><td style="display: none;"></td><td style="display: none;">house brand</td><td style="display: none;">standard</td><td style="display: none;"></td><td style="display: none;"></td><td style="display: none;"></td><td style="display: none;"></td><td style="display: none;"><a class="recipeLink" href="/recipe_ingredient_search_results.php?query=(_QU5E__1__________1151__[]_1_1)">Recipes with English muffins</a></td></tr><tr role="row" class="odd"><td tabindex="0"><i class="fa fa-thumbs-down"></i></td><td class=" not_printable"><div class="addToGL" data-soscuisine-aisle="22" data-soscuisine-sip="3945881"><i class="fa fa-cart-plus" title="Add to My Grocery List"></i><div></div></div></td><td><img class="storeItemImage" itemprop="image" alt="hamburger buns" src="/media/images/store_item/512.jpg"></td><td>hamburger buns</td><td class="not_printable sorting_1">bakery</td><td><img style="width:50%;" src="/media/images/logos/marchands/20.png" alt="Metro"></td><td><span itemprop="price">$2.99</span><span itemprop="eligibleQuantity" itemscope="" itemtype="http://schema.org/QuantitativeValue">/<span itemprop="unitText">8-pack</span></span></td><td>$7.79/kg</td><td style="display: none;">2020-02-26</td><td style="display: none;"></td><td style="display: none;"></td><td style="display: none;">standard</td><td style="display: none;"></td><td style="display: none;"></td><td style="display: none;"></td><td style="display: none;"></td><td style="display: none;"><a class="recipeLink" href="/recipe_ingredient_search_results.php?query=(_QU5E__1__________512__[]_1_1)">Recipes with hamburger buns</a></td></tr><tr role="row" class="even"><td tabindex="0"><i class="fa fa-thumbs-up"></i><i class="fa fa-thumbs-up"></i></td><td class=" not_printable"><div class="addToGL" data-soscuisine-aisle="22" data-soscuisine-sip="3945317"><i class="fa fa-cart-plus" title="Add to My Grocery List"></i><div></div></div></td><td><img class="storeItemImage" itemprop="image" alt="hamburger buns" src="/media/images/store_item/512.jpg"></td><td>hamburger buns</td><td class="not_printable sorting_1">bakery</td><td><img style="width:50%;" src="/media/images/logos/marchands/14.png" alt="No Frills"></td><td><span itemprop="price">$1.00</span><span itemprop="eligibleQuantity" itemscope="" itemtype="http://schema.org/QuantitativeValue">/<span itemprop="unitText">8-pack</span></span></td><td>$2.60/kg</td><td style="display: none;">2020-02-26</td><td style="display: none;"></td><td style="display: none;">Old Mill</td><td style="display: none;">standard</td><td style="display: none;"></td><td style="display: none;"></td><td style="display: none;"></td><td style="display: none;"></td><td style="display: none;"><a class="recipeLink" href="/recipe_ingredient_search_results.php?query=(_QU5E__1__________512__[]_1_1)">Recipes with hamburger buns</a></td></tr><tr role="row" class="odd"><td tabindex="0"><i class="fa fa-thumbs-up"></i><i class="fa fa-thumbs-up"></i></td><td class=" not_printable"><div class="addToGL" data-soscuisine-aisle="22" data-soscuisine-sip="3944711"><i class="fa fa-cart-plus" title="Add to My Grocery List"></i><div></div></div></td><td><img class="storeItemImage" itemprop="image" alt="hamburger buns" src="/media/images/store_item/512.jpg"></td><td>hamburger buns</td><td class="not_printable sorting_1">bakery</td><td><img style="width:50%;" src="/media/images/logos/marchands/52.png" alt="Real Canadian Superstore"></td><td><span itemprop="price">$1.98</span><span itemprop="eligibleQuantity" itemscope="" itemtype="http://schema.org/QuantitativeValue">/<span itemprop="unitText">8-pack</span></span></td><td>$5.16/kg</td><td style="display: none;">2020-02-26</td><td style="display: none;"></td><td style="display: none;">Wonder +</td><td style="display: none;">standard</td><td style="display: none;"></td><td style="display: none;"></td><td style="display: none;"></td><td style="display: none;"></td><td style="display: none;"><a class="recipeLink" href="/recipe_ingredient_search_results.php?query=(_QU5E__1__________512__[]_1_1)">Recipes with hamburger buns</a></td></tr><tr role="row" class="even"><td tabindex="0"><i class="fas fa-hand-rock"></i></td><td class=" not_printable"><div class="addToGL" data-soscuisine-aisle="22" data-soscuisine-sip="3945879"><i class="fa fa-cart-plus" title="Add to My Grocery List"></i><div></div></div></td><td><img class="storeItemImage" itemprop="image" alt="hot dog bun" src="/media/images/store_item/962.jpg"></td><td>hot dog bun</td><td class="not_printable sorting_1">bakery</td><td><img style="width:50%;" src="/media/images/logos/marchands/20.png" alt="Metro"></td><td><span itemprop="price">$2.99</span><span itemprop="eligibleQuantity" itemscope="" itemtype="http://schema.org/QuantitativeValue">/<span itemprop="unitText">8-pack</span></span></td><td>$5.34/kg</td><td style="display: none;">2020-02-26</td><td style="display: none;"></td><td style="display: none;"></td><td style="display: none;">standard</td><td style="display: none;"></td><td style="display: none;"></td><td style="display: none;"></td><td style="display: none;"></td><td style="display: none;"></td></tr><tr role="row" class="odd"><td tabindex="0"><i class="fa fa-thumbs-up"></i><i class="fa fa-thumbs-up"></i></td><td class=" not_printable"><div class="addToGL" data-soscuisine-aisle="22" data-soscuisine-sip="3945313"><i class="fa fa-cart-plus" title="Add to My Grocery List"></i><div></div></div></td><td><img class="storeItemImage" itemprop="image" alt="hot dog bun" src="/media/images/store_item/962.jpg"></td><td>hot dog bun</td><td class="not_printable sorting_1">bakery</td><td><img style="width:50%;" src="/media/images/logos/marchands/14.png" alt="No Frills"></td><td><span itemprop="price">$1.00</span><span itemprop="eligibleQuantity" itemscope="" itemtype="http://schema.org/QuantitativeValue">/<span itemprop="unitText">8-pack</span></span></td><td>$1.79/kg</td><td style="display: none;">2020-02-26</td><td style="display: none;"></td><td style="display: none;">Old Mill</td><td style="display: none;">standard</td><td style="display: none;"></td><td style="display: none;"></td><td style="display: none;"></td><td style="display: none;"></td><td style="display: none;"></td></tr><tr role="row" class="even"><td tabindex="0"><i class="fa fa-thumbs-up"></i></td><td class=" not_printable"><div class="addToGL" data-soscuisine-aisle="22" data-soscuisine-sip="3945883"><i class="fa fa-cart-plus" title="Add to My Grocery List"></i><div></div></div></td><td><img class="storeItemImage" alt="paninis" src="/media/images/store_item/blank.jpg"></td><td>paninis</td><td class="not_printable sorting_1">bakery</td><td><img style="width:50%;" src="/media/images/logos/marchands/20.png" alt="Metro"></td><td><span itemprop="price">$2.99</span><span itemprop="eligibleQuantity" itemscope="" itemtype="http://schema.org/QuantitativeValue">/<span itemprop="unitText">6-pack</span></span></td><td>$0.50/100g</td><td style="display: none;">2020-02-26</td><td style="display: none;"></td><td style="display: none;"></td><td style="display: none;">standard</td><td style="display: none;"></td><td style="display: none;"></td><td style="display: none;"></td><td style="display: none;"></td><td style="display: none;"><a class="recipeLink" href="/recipe_ingredient_search_results.php?query=(_QU5E__1__________617__[]_1_1)">Recipes with paninis</a></td></tr><tr role="row" class="odd"><td tabindex="0"><i class="fa fa-thumbs-up"></i></td><td class=" not_printable"><div class="addToGL" data-soscuisine-aisle="22" data-soscuisine-sip="3944851"><i class="fa fa-cart-plus" title="Add to My Grocery List"></i><div></div></div></td><td><img class="storeItemImage" itemprop="image" alt="rice cakes" src="/media/images/store_item/987.jpg"></td><td>rice cakes</td><td class="not_printable sorting_1">bakery</td><td><img style="width:50%;" src="/media/images/logos/marchands/52.png" alt="Real Canadian Superstore"></td><td><span itemprop="price">$1.67</span><span itemprop="eligibleQuantity" itemscope="" itemtype="http://schema.org/QuantitativeValue">/<span itemprop="unitText">127g</span></span></td><td>$1.31/100g</td><td style="display: none;">2020-02-26</td><td style="display: none;"></td><td style="display: none;">Quaker</td><td style="display: none;"></td><td style="display: none;"></td><td style="display: none;"></td><td style="display: none;"></td><td style="display: none;"></td><td style="display: none;"><a class="recipeLink" href="/recipe_ingredient_search_results.php?query=(_QU5E__1__________987__[]_1_1)">Recipes with rice cakes</a></td></tr><tr role="row" class="even"><td tabindex="0"><i class="fa fa-thumbs-down"></i></td><td class=" not_printable"><div class="addToGL" data-soscuisine-aisle="22" data-soscuisine-sip="3944951"><i class="fa fa-cart-plus" title="Add to My Grocery List"></i><div></div></div></td><td><img class="storeItemImage" itemprop="image" alt="rye bread" src="/media/images/store_item/519.jpg"></td><td>rye bread</td><td class="not_printable sorting_1">bakery</td><td><img style="width:50%;" src="/media/images/logos/marchands/38.png" alt="Farm Boy"></td><td><span itemprop="price">$4.99</span><span itemprop="eligibleQuantity" itemscope="" itemtype="http://schema.org/QuantitativeValue">/<span itemprop="unitText">24oz (680g)</span></span></td><td>$7.34/kg</td><td style="display: none;">2020-02-26</td><td style="display: none;"></td><td style="display: none;"></td><td style="display: none;"></td><td style="display: none;"></td><td style="display: none;"></td><td style="display: none;"></td><td style="display: none;">Rideau Bakery</td><td style="display: none;"><a class="recipeLink" href="/recipe_ingredient_search_results.php?query=(_QU5E__1__________519__[]_1_1)">Recipes with rye bread</a></td></tr><tr role="row" class="odd"><td tabindex="0"><i class="fa fa-thumbs-up"></i></td><td class=" not_printable"><div class="addToGL" data-soscuisine-aisle="22" data-soscuisine-sip="3941941"><i class="fa fa-cart-plus" title="Add to My Grocery List"></i><div></div></div></td><td><img class="storeItemImage" itemprop="image" alt="rye bread" src="/media/images/store_item/519.jpg"></td><td>rye bread</td><td class="not_printable sorting_1">bakery</td><td><img style="width:50%;" src="/media/images/logos/marchands/19.png" alt="Loblaws"></td><td><span itemprop="price">$1.99</span><span itemprop="eligibleQuantity" itemscope="" itemtype="http://schema.org/QuantitativeValue">/<span itemprop="unitText">1lb (454g)</span></span></td><td>$4.38/kg</td><td style="display: none;">2020-02-26</td><td style="display: none;"></td><td style="display: none;">Rubschlager</td><td style="display: none;"></td><td style="display: none;"></td><td style="display: none;"></td><td style="display: none;"></td><td style="display: none;"></td><td style="display: none;"><a class="recipeLink" href="/recipe_ingredient_search_results.php?query=(_QU5E__1__________519__[]_1_1)">Recipes with rye bread</a></td></tr><tr role="row" class="even"><td tabindex="0"><i class="fas fa-hand-rock"></i></td><td class=" not_printable"><div class="addToGL" data-soscuisine-aisle="22" data-soscuisine-sip="3945875"><i class="fa fa-cart-plus" title="Add to My Grocery List"></i><div></div></div></td><td><img class="storeItemImage" itemprop="image" alt="rye bread" src="/media/images/store_item/519.jpg"></td><td>rye bread</td><td class="not_printable sorting_1">bakery</td><td><img style="width:50%;" src="/media/images/logos/marchands/20.png" alt="Metro"></td><td><span itemprop="price">$3.79</span><span itemprop="eligibleQuantity" itemscope="" itemtype="http://schema.org/QuantitativeValue">/<span itemprop="unitText">24oz (680g)</span></span></td><td>$5.57/kg</td><td style="display: none;">2020-02-26</td><td style="display: none;"></td><td style="display: none;">Dimpflmeier</td><td style="display: none;"></td><td style="display: none;"></td><td style="display: none;"></td><td style="display: none;"></td><td style="display: none;"></td><td style="display: none;"><a class="recipeLink" href="/recipe_ingredient_search_results.php?query=(_QU5E__1__________519__[]_1_1)">Recipes with rye bread</a></td></tr><tr role="row" class="odd"><td tabindex="0"><i class="fas fa-hand-rock"></i></td><td class=" not_printable"><div class="addToGL" data-soscuisine-aisle="22" data-soscuisine-sip="3944329"><i class="fa fa-cart-plus" title="Add to My Grocery List"></i><div></div></div></td><td><img class="storeItemImage" itemprop="image" alt="rye bread" src="/media/images/store_item/519.jpg"></td><td>rye bread</td><td class="not_printable sorting_1">bakery</td><td><img style="width:50%;" src="/media/images/logos/marchands/39.png" alt="Your Independent Grocer"></td><td><span itemprop="price">$2.49</span><span itemprop="eligibleQuantity" itemscope="" itemtype="http://schema.org/QuantitativeValue">/<span itemprop="unitText">1lb (454g)</span></span></td><td>$5.48/kg</td><td style="display: none;">2020-02-26</td><td style="display: none;"></td><td style="display: none;">Rubschlager</td><td style="display: none;"></td><td style="display: none;"></td><td style="display: none;"></td><td style="display: none;"></td><td style="display: none;"></td><td style="display: none;"><a class="recipeLink" href="/recipe_ingredient_search_results.php?query=(_QU5E__1__________519__[]_1_1)">Recipes with rye bread</a></td></tr><tr role="row" class="even"><td tabindex="0"><i class="fa fa-thumbs-down"></i></td><td class=" not_printable"><div class="addToGL" data-soscuisine-aisle="22" data-soscuisine-sip="3945021"><i class="fa fa-cart-plus" title="Add to My Grocery List"></i><div></div></div></td><td><img class="storeItemImage" itemprop="image" alt="tortillas" src="/media/images/store_item/244.jpg"></td><td>tortillas</td><td class="not_printable sorting_1">bakery</td><td><img style="width:50%;" src="/media/images/logos/marchands/38.png" alt="Farm Boy"></td><td><span itemprop="price">$3.49</span><span itemprop="eligibleQuantity" itemscope="" itemtype="http://schema.org/QuantitativeValue">/<span itemprop="unitText">427g</span></span></td><td>$0.82/100g</td><td style="display: none;">2020-02-26</td><td style="display: none;"></td><td style="display: none;">Dempster's</td><td style="display: none;">10 inches</td><td style="display: none;"></td><td style="display: none;"></td><td style="display: none;"></td><td style="display: none;"></td><td style="display: none;"><a class="recipeLink" href="/recipe_ingredient_search_results.php?query=(_QU5E__1__________244__[]_1_1)">Recipes with tortillas</a></td></tr><tr role="row" class="odd"><td tabindex="0"><i class="fas fa-hand-rock"></i></td><td class=" not_printable"><div class="addToGL" data-soscuisine-aisle="22" data-soscuisine-sip="3943207"><i class="fa fa-cart-plus" title="Add to My Grocery List"></i><div></div></div></td><td><img class="storeItemImage" itemprop="image" alt="tortillas" src="/media/images/store_item/244.jpg"></td><td>tortillas</td><td class="not_printable sorting_1">bakery</td><td><img style="width:50%;" src="/media/images/logos/marchands/16.png" alt="Foodland"></td><td><span itemprop="price">$3.99</span><span itemprop="eligibleQuantity" itemscope="" itemtype="http://schema.org/QuantitativeValue">/<span itemprop="unitText">610g</span></span></td><td>$0.65/100g</td><td style="display: none;">2020-02-26</td><td style="display: none;"></td><td style="display: none;">Dempster's</td><td style="display: none;"></td><td style="display: none;"></td><td style="display: none;"></td><td style="display: none;"></td><td style="display: none;"></td><td style="display: none;"><a class="recipeLink" href="/recipe_ingredient_search_results.php?query=(_QU5E__1__________244__[]_1_1)">Recipes with tortillas</a></td></tr><tr role="row" class="even"><td tabindex="0"><i class="fas fa-hand-rock"></i></td><td class=" not_printable"><div class="addToGL" data-soscuisine-aisle="22" data-soscuisine-sip="3945663"><i class="fa fa-cart-plus" title="Add to My Grocery List"></i><div></div></div></td><td><img class="storeItemImage" itemprop="image" alt="tortillas" src="/media/images/store_item/244.jpg"></td><td>tortillas</td><td class="not_printable sorting_1">bakery</td><td><img style="width:50%;" src="/media/images/logos/marchands/20.png" alt="Metro"></td><td><span itemprop="price">$5.00</span><span itemprop="eligibleQuantity" itemscope="" itemtype="http://schema.org/QuantitativeValue">/<span itemprop="value">2</span>x<span itemprop="unitText">340g</span></span></td><td>$0.74/100g</td><td style="display: none;">2020-02-26</td><td style="display: none;"></td><td style="display: none;">Dempster's</td><td style="display: none;">10 inches</td><td style="display: none;"></td><td style="display: none;"></td><td style="display: none;"></td><td style="display: none;"></td><td style="display: none;"><a class="recipeLink" href="/recipe_ingredient_search_results.php?query=(_QU5E__1__________244__[]_1_1)">Recipes with tortillas</a></td></tr><tr role="row" class="odd"><td tabindex="0"><i class="fa fa-thumbs-up"></i><i class="fa fa-thumbs-up"></i></td><td class=" not_printable"><div class="addToGL" data-soscuisine-aisle="22" data-soscuisine-sip="3945373"><i class="fa fa-cart-plus" title="Add to My Grocery List"></i><div></div></div></td><td><img class="storeItemImage" itemprop="image" alt="tortillas" src="/media/images/store_item/244.jpg"></td><td>tortillas</td><td class="not_printable sorting_1">bakery</td><td><img style="width:50%;" src="/media/images/logos/marchands/14.png" alt="No Frills"></td><td><span itemprop="price">$1.00</span><span itemprop="eligibleQuantity" itemscope="" itemtype="http://schema.org/QuantitativeValue">/<span itemprop="unitText">320g</span></span></td><td>$0.31/100g</td><td style="display: none;">2020-02-26</td><td style="display: none;"></td><td style="display: none;">house brand</td><td style="display: none;"></td><td style="display: none;"></td><td style="display: none;"></td><td style="display: none;"></td><td style="display: none;">plain or whole wheat</td><td style="display: none;"><a class="recipeLink" href="/recipe_ingredient_search_results.php?query=(_QU5E__1__________244__[]_1_1)">Recipes with tortillas</a></td></tr><tr role="row" class="even"><td tabindex="0"><i class="fa fa-thumbs-up"></i></td><td class=" not_printable"><div class="addToGL" data-soscuisine-aisle="22" data-soscuisine-sip="3944713"><i class="fa fa-cart-plus" title="Add to My Grocery List"></i><div></div></div></td><td><img class="storeItemImage" itemprop="image" alt="tortillas" src="/media/images/store_item/244.jpg"></td><td>tortillas</td><td class="not_printable sorting_1">bakery</td><td><img style="width:50%;" src="/media/images/logos/marchands/52.png" alt="Real Canadian Superstore"></td><td><span itemprop="price">$1.98</span><span itemprop="eligibleQuantity" itemscope="" itemtype="http://schema.org/QuantitativeValue">/<span itemprop="unitText">12oz (340g)</span></span></td><td>$0.58/100g</td><td style="display: none;">2020-02-26</td><td style="display: none;"></td><td style="display: none;">Wonder +</td><td style="display: none;"></td><td style="display: none;"></td><td style="display: none;"></td><td style="display: none;"></td><td style="display: none;"></td><td style="display: none;"><a class="recipeLink" href="/recipe_ingredient_search_results.php?query=(_QU5E__1__________244__[]_1_1)">Recipes with tortillas</a></td></tr><tr role="row" class="odd"><td tabindex="0"><i class="fas fa-hand-rock"></i></td><td class=" not_printable"><div class="addToGL" data-soscuisine-aisle="22" data-soscuisine-sip="3944817"><i class="fa fa-cart-plus" title="Add to My Grocery List"></i><div></div></div></td><td><img class="storeItemImage" itemprop="image" alt="tortillas" src="/media/images/store_item/244.jpg"></td><td>tortillas</td><td class="not_printable sorting_1">bakery</td><td><img style="width:50%;" src="/media/images/logos/marchands/52.png" alt="Real Canadian Superstore"></td><td><span itemprop="price">$2.98</span><span itemprop="eligibleQuantity" itemscope="" itemtype="http://schema.org/QuantitativeValue">/<span itemprop="unitText">10-pack</span></span></td><td>$0.60/100g</td><td style="display: none;">2020-02-26</td><td style="display: none;"></td><td style="display: none;">house brand</td><td style="display: none;">standard</td><td style="display: none;"></td><td style="display: none;"></td><td style="display: none;"></td><td style="display: none;"></td><td style="display: none;"><a class="recipeLink" href="/recipe_ingredient_search_results.php?query=(_QU5E__1__________244__[]_1_1)">Recipes with tortillas</a></td></tr><tr role="row" class="even"><td tabindex="0"><i class="fas fa-hand-rock"></i></td><td class=" not_printable"><div class="addToGL" data-soscuisine-aisle="22" data-soscuisine-sip="3943399"><i class="fa fa-cart-plus" title="Add to My Grocery List"></i><div></div></div></td><td><img class="storeItemImage" itemprop="image" alt="tortillas" src="/media/images/store_item/244.jpg"></td><td>tortillas</td><td class="not_printable sorting_1">bakery</td><td><img style="width:50%;" src="/media/images/logos/marchands/15.png" alt="Sobeys"></td><td><span itemprop="price">$5.00</span><span itemprop="eligibleQuantity" itemscope="" itemtype="http://schema.org/QuantitativeValue">/<span itemprop="value">2</span>x<span itemprop="unitText">340g</span></span></td><td>$0.74/100g</td><td style="display: none;">2020-02-26</td><td style="display: none;"></td><td style="display: none;">Dempster's</td><td style="display: none;"></td><td style="display: none;"></td><td style="display: none;"></td><td style="display: none;"></td><td style="display: none;"></td><td style="display: none;"><a class="recipeLink" href="/recipe_ingredient_search_results.php?query=(_QU5E__1__________244__[]_1_1)">Recipes with tortillas</a></td></tr><tr role="row" class="odd"><td tabindex="0"><i class="fas fa-circle"></i></td><td class=" not_printable"><div class="addToGL" data-soscuisine-aisle="22" data-soscuisine-sip="3941329"><i class="fa fa-cart-plus" title="Add to My Grocery List"></i><div></div></div></td><td><img class="storeItemImage" itemprop="image" alt="tortillas" src="/media/images/store_item/244.jpg"></td><td>tortillas</td><td class="not_printable sorting_1">bakery</td><td><img style="width:50%;" src="/media/images/logos/marchands/74.png" alt="Walmart"></td><td><span itemprop="price">$2.97</span><span itemprop="eligibleQuantity" itemscope="" itemtype="http://schema.org/QuantitativeValue">/<span itemprop="unitText">10-pack</span></span></td><td>N/A</td><td style="display: none;">2020-02-26</td><td style="display: none;"></td><td style="display: none;">Dempster's</td><td style="display: none;">10 inches</td><td style="display: none;"></td><td style="display: none;"></td><td style="display: none;"></td><td style="display: none;"></td><td style="display: none;"><a class="recipeLink" href="/recipe_ingredient_search_results.php?query=(_QU5E__1__________244__[]_1_1)">Recipes with tortillas</a></td></tr><tr role="row" class="even"><td tabindex="0"><i class="fa fa-thumbs-down"></i></td><td class=" not_printable"><div class="addToGL" data-soscuisine-aisle="24" data-soscuisine-sip="3944315"><i class="fa fa-cart-plus" title="Add to My Grocery List"></i><div></div></div></td><td><img class="storeItemImage" alt="atta flour" src="/media/images/store_item/blank.jpg"></td><td>atta flour</td><td class="not_printable sorting_1">baking products</td><td><img style="width:50%;" src="/media/images/logos/marchands/70.png" alt="FreshCo"></td><td><span itemprop="price">$12.99</span><span itemprop="eligibleQuantity" itemscope="" itemtype="http://schema.org/QuantitativeValue">/<span itemprop="unitText">20lb (9,07kg)</span></span></td><td>$1.43/kg</td><td style="display: none;">2020-02-26</td><td style="display: none;"></td><td style="display: none;"></td><td style="display: none;"></td><td style="display: none;"></td><td style="display: none;"></td><td style="display: none;"></td><td style="display: none;">Deep</td><td style="display: none;"></td></tr><tr role="row" class="odd"><td tabindex="0"><i class="fas fa-hand-rock"></i></td><td class=" not_printable"><div class="addToGL" data-soscuisine-aisle="24" data-soscuisine-sip="3945959"><i class="fa fa-cart-plus" title="Add to My Grocery List"></i><div></div></div></td><td><img class="storeItemImage" alt="atta flour" src="/media/images/store_item/blank.jpg"></td><td>atta flour</td><td class="not_printable sorting_1">baking products</td><td><img style="width:50%;" src="/media/images/logos/marchands/20.png" alt="Metro"></td><td><span itemprop="price">$9.99</span><span itemprop="eligibleQuantity" itemscope="" itemtype="http://schema.org/QuantitativeValue">/<span itemprop="unitText">20lb (9,07kg)</span></span></td><td>$1.10/kg</td><td style="display: none;">2020-02-26</td><td style="display: none;"></td><td style="display: none;">Golden Temple</td><td style="display: none;"></td><td style="display: none;"></td><td style="display: none;"></td><td style="display: none;"></td><td style="display: none;"></td><td style="display: none;"></td></tr><tr role="row" class="even"><td tabindex="0"><i class="fas fa-exclamation"></i></td><td class=" not_printable"><div class="addToGL" data-soscuisine-aisle="24" data-soscuisine-sip="3945399"><i class="fa fa-cart-plus" title="Add to My Grocery List"></i><div></div></div></td><td><img class="storeItemImage" alt="baking soda" src="/media/images/store_item/blank.jpg"></td><td>baking soda</td><td class="not_printable sorting_1">baking products</td><td><img style="width:50%;" src="/media/images/logos/marchands/14.png" alt="No Frills"></td><td><span itemprop="price">$1.00</span><span itemprop="eligibleQuantity" itemscope="" itemtype="http://schema.org/QuantitativeValue">/<span itemprop="unitText">500g</span></span></td><td>$0.20/100g</td><td style="display: none;">2020-02-26</td><td style="display: none;"></td><td style="display: none;">Arm &amp; Hammer</td><td style="display: none;"></td><td style="display: none;"></td><td style="display: none;"></td><td style="display: none;"></td><td style="display: none;"></td><td style="display: none;"><a class="recipeLink" href="/recipe_ingredient_search_results.php?query=(_QU5E__1__________545__[]_1_1)">Recipes with baking soda</a></td></tr><tr role="row" class="odd"><td tabindex="0"><i class="fa fa-thumbs-up"></i><i class="fa fa-thumbs-up"></i></td><td class=" not_printable"><div class="addToGL" data-soscuisine-aisle="24" data-soscuisine-sip="3944323"><i class="fa fa-cart-plus" title="Add to My Grocery List"></i><div></div></div></td><td><img class="storeItemImage" alt="brown sugar" src="/media/images/store_item/blank.jpg"></td><td>brown sugar</td><td class="not_printable sorting_1">baking products</td><td><img style="width:50%;" src="/media/images/logos/marchands/70.png" alt="FreshCo"></td><td><span itemprop="price">$7.99</span><span itemprop="eligibleQuantity" itemscope="" itemtype="http://schema.org/QuantitativeValue">/<span itemprop="unitText">10lb (4,54kg)</span></span></td><td>$0.18/100g</td><td style="display: none;">2020-02-26</td><td style="display: none;"></td><td style="display: none;"></td><td style="display: none;"></td><td style="display: none;">cane</td><td style="display: none;"></td><td style="display: none;"></td><td style="display: none;">Verka</td><td style="display: none;"><a class="recipeLink" href="/recipe_ingredient_search_results.php?query=(_QU5E__1__________304__[]_1_1)">Recipes with brown sugar</a></td></tr><tr role="row" class="even"><td tabindex="0"><i class="fa fa-thumbs-up"></i><i class="fa fa-thumbs-up"></i></td><td class=" not_printable"><div class="addToGL" data-soscuisine-aisle="24" data-soscuisine-sip="3945929"><i class="fa fa-cart-plus" title="Add to My Grocery List"></i><div></div></div></td><td><img class="storeItemImage" alt="condensed milk, sweetened" src="/media/images/store_item/blank.jpg"></td><td>condensed milk, sweetened</td><td class="not_printable sorting_1">baking products</td><td><img style="width:50%;" src="/media/images/logos/marchands/20.png" alt="Metro"></td><td><span itemprop="price">$1.99</span><span itemprop="eligibleQuantity" itemscope="" itemtype="http://schema.org/QuantitativeValue">/<span itemprop="unitText">300mL</span></span></td><td>$0.51/100g</td><td style="display: none;">2020-02-26</td><td style="display: none;"></td><td style="display: none;">Cedar</td><td style="display: none;"></td><td style="display: none;"></td><td style="display: none;"></td><td style="display: none;"></td><td style="display: none;"></td><td style="display: none;"><a class="recipeLink" href="/recipe_ingredient_search_results.php?query=(_QU5E__1__________401__[]_1_1)">Recipes with condensed milk, sweetened</a></td></tr><tr role="row" class="odd"><td tabindex="0"><i class="fas fa-hand-rock"></i></td><td class=" not_printable"><div class="addToGL" data-soscuisine-aisle="24" data-soscuisine-sip="3945943"><i class="fa fa-cart-plus" title="Add to My Grocery List"></i><div></div></div></td><td><img class="storeItemImage" alt="condensed milk, sweetened" src="/media/images/store_item/blank.jpg"></td><td>condensed milk, sweetened</td><td class="not_printable sorting_1">baking products</td><td><img style="width:50%;" src="/media/images/logos/marchands/20.png" alt="Metro"></td><td><span itemprop="price">$2.99</span><span itemprop="eligibleQuantity" itemscope="" itemtype="http://schema.org/QuantitativeValue">/<span itemprop="unitText">300mL</span></span></td><td>$0.77/100g</td><td style="display: none;">2020-02-26</td><td style="display: none;"></td><td style="display: none;">Eagle Brand</td><td style="display: none;"></td><td style="display: none;"></td><td style="display: none;"></td><td style="display: none;"></td><td style="display: none;"></td><td style="display: none;"><a class="recipeLink" href="/recipe_ingredient_search_results.php?query=(_QU5E__1__________401__[]_1_1)">Recipes with condensed milk, sweetened</a></td></tr><tr role="row" class="even"><td tabindex="0"><i class="fa fa-thumbs-down"></i></td><td class=" not_printable"><div class="addToGL" data-soscuisine-aisle="24" data-soscuisine-sip="3945037"><i class="fa fa-cart-plus" title="Add to My Grocery List"></i><div></div></div></td><td><img class="storeItemImage" alt="honey" src="/media/images/store_item/blank.jpg"></td><td>honey</td><td class="not_printable sorting_1">baking products</td><td><img style="width:50%;" src="/media/images/logos/marchands/38.png" alt="Farm Boy"></td><td><span itemprop="price">$6.99</span><span itemprop="eligibleQuantity" itemscope="" itemtype="http://schema.org/QuantitativeValue">/<span itemprop="unitText">500g</span></span></td><td>$1.40/100g</td><td style="display: none;">2020-02-26</td><td style="display: none;">Ontario</td><td style="display: none;">house brand</td><td style="display: none;"></td><td style="display: none;"></td><td style="display: none;"></td><td style="display: none;"></td><td style="display: none;"></td><td style="display: none;"><a class="recipeLink" href="/recipe_ingredient_search_results.php?query=(_QU5E__1__________273__[]_1_1)">Recipes with honey</a></td></tr><tr role="row" class="odd"><td tabindex="0"><i class="fas fa-hand-rock"></i></td><td class=" not_printable"><div class="addToGL" data-soscuisine-aisle="24" data-soscuisine-sip="3943247"><i class="fa fa-cart-plus" title="Add to My Grocery List"></i><div></div></div></td><td><img class="storeItemImage" alt="honey" src="/media/images/store_item/blank.jpg"></td><td>honey</td><td class="not_printable sorting_1">baking products</td><td><img style="width:50%;" src="/media/images/logos/marchands/16.png" alt="Foodland"></td><td><span itemprop="price">$3.99</span><span itemprop="eligibleQuantity" itemscope="" itemtype="http://schema.org/QuantitativeValue">/<span itemprop="unitText">500g</span></span></td><td>$0.80/100g</td><td style="display: none;">2020-02-26</td><td style="display: none;"></td><td style="display: none;">house brand</td><td style="display: none;"></td><td style="display: none;"></td><td style="display: none;"></td><td style="display: none;"></td><td style="display: none;"></td><td style="display: none;"><a class="recipeLink" href="/recipe_ingredient_search_results.php?query=(_QU5E__1__________273__[]_1_1)">Recipes with honey</a></td></tr><tr role="row" class="even"><td tabindex="0"><i class="fas fa-hand-rock"></i></td><td class=" not_printable"><div class="addToGL" data-soscuisine-aisle="24" data-soscuisine-sip="3944369"><i class="fa fa-cart-plus" title="Add to My Grocery List"></i><div></div></div></td><td><img class="storeItemImage" alt="honey" src="/media/images/store_item/blank.jpg"></td><td>honey</td><td class="not_printable sorting_1">baking products</td><td><img style="width:50%;" src="/media/images/logos/marchands/70.png" alt="FreshCo"></td><td><span itemprop="price">$4.99</span><span itemprop="eligibleQuantity" itemscope="" itemtype="http://schema.org/QuantitativeValue">/<span itemprop="unitText">500g</span></span></td><td>$1.00/100g</td><td style="display: none;">2020-02-26</td><td style="display: none;"></td><td style="display: none;"></td><td style="display: none;"></td><td style="display: none;"></td><td style="display: none;"></td><td style="display: none;"></td><td style="display: none;">Taj</td><td style="display: none;"><a class="recipeLink" href="/recipe_ingredient_search_results.php?query=(_QU5E__1__________273__[]_1_1)">Recipes with honey</a></td></tr><tr role="row" class="odd"><td tabindex="0"><i class="fas fa-hand-rock"></i></td><td class=" not_printable"><div class="addToGL" data-soscuisine-aisle="24" data-soscuisine-sip="3945665"><i class="fa fa-cart-plus" title="Add to My Grocery List"></i><div></div></div></td><td><img class="storeItemImage" alt="honey" src="/media/images/store_item/blank.jpg"></td><td>honey</td><td class="not_printable sorting_1">baking products</td><td><img style="width:50%;" src="/media/images/logos/marchands/20.png" alt="Metro"></td><td><span itemprop="price">$6.99</span><span itemprop="eligibleQuantity" itemscope="" itemtype="http://schema.org/QuantitativeValue">/<span itemprop="unitText">1kg</span></span></td><td>$0.70/100g</td><td style="display: none;">2020-02-26</td><td style="display: none;"></td><td style="display: none;">Billy Bee</td><td style="display: none;"></td><td style="display: none;"></td><td style="display: none;"></td><td style="display: none;"></td><td style="display: none;"></td><td style="display: none;"><a class="recipeLink" href="/recipe_ingredient_search_results.php?query=(_QU5E__1__________273__[]_1_1)">Recipes with honey</a></td></tr><tr role="row" class="even"><td tabindex="0"><i class="fas fa-hand-rock"></i></td><td class=" not_printable"><div class="addToGL" data-soscuisine-aisle="24" data-soscuisine-sip="3944831"><i class="fa fa-cart-plus" title="Add to My Grocery List"></i><div></div></div></td><td><img class="storeItemImage" alt="honey" src="/media/images/store_item/blank.jpg"></td><td>honey</td><td class="not_printable sorting_1">baking products</td><td><img style="width:50%;" src="/media/images/logos/marchands/52.png" alt="Real Canadian Superstore"></td><td><span itemprop="price">$7.48</span><span itemprop="eligibleQuantity" itemscope="" itemtype="http://schema.org/QuantitativeValue">/<span itemprop="unitText">1kg</span></span></td><td>$0.75/100g</td><td style="display: none;">2020-02-26</td><td style="display: none;"></td><td style="display: none;">Billy Bee</td><td style="display: none;"></td><td style="display: none;"></td><td style="display: none;"></td><td style="display: none;"></td><td style="display: none;"></td><td style="display: none;"><a class="recipeLink" href="/recipe_ingredient_search_results.php?query=(_QU5E__1__________273__[]_1_1)">Recipes with honey</a></td></tr><tr role="row" class="odd"><td tabindex="0"><i class="fa fa-thumbs-up"></i></td><td class=" not_printable"><div class="addToGL" data-soscuisine-aisle="24" data-soscuisine-sip="3941465"><i class="fa fa-cart-plus" title="Add to My Grocery List"></i><div></div></div></td><td><img class="storeItemImage" alt="maple syrup" src="/media/images/store_item/blank.jpg"></td><td>maple syrup</td><td class="not_printable sorting_1">baking products</td><td><img style="width:50%;" src="/media/images/logos/marchands/19.png" alt="Loblaws"></td><td><span itemprop="price">$6.99</span><span itemprop="eligibleQuantity" itemscope="" itemtype="http://schema.org/QuantitativeValue">/<span itemprop="unitText">500mL</span></span></td><td>$1.40/100mL</td><td style="display: none;">2020-02-26</td><td style="display: none;">Canada</td><td style="display: none;">house brand</td><td style="display: none;"></td><td style="display: none;"></td><td style="display: none;"></td><td style="display: none;"></td><td style="display: none;"></td><td style="display: none;"><a class="recipeLink" href="/recipe_ingredient_search_results.php?query=(_QU5E__1__________272__[]_1_1)">Recipes with maple syrup</a></td></tr><tr role="row" class="even"><td tabindex="0"><i class="fa fa-thumbs-down"></i></td><td class=" not_printable"><div class="addToGL" data-soscuisine-aisle="24" data-soscuisine-sip="3945955"><i class="fa fa-cart-plus" title="Add to My Grocery List"></i><div></div></div></td><td><img class="storeItemImage" alt="maple syrup" src="/media/images/store_item/blank.jpg"></td><td>maple syrup</td><td class="not_printable sorting_1">baking products</td><td><img style="width:50%;" src="/media/images/logos/marchands/20.png" alt="Metro"></td><td><span itemprop="price">$9.99</span><span itemprop="eligibleQuantity" itemscope="" itemtype="http://schema.org/QuantitativeValue">/<span itemprop="unitText">375mL</span></span></td><td>$2.66/100mL</td><td style="display: none;">2020-02-26</td><td style="display: none;"></td><td style="display: none;">Shady Maple</td><td style="display: none;"></td><td style="display: none;"></td><td style="display: none;">Organic</td><td style="display: none;"></td><td style="display: none;"></td><td style="display: none;"><a class="recipeLink" href="/recipe_ingredient_search_results.php?query=(_QU5E__1__________272__[]_1_1)">Recipes with maple syrup</a></td></tr><tr role="row" class="odd"><td tabindex="0"><i class="fa fa-thumbs-up"></i></td><td class=" not_printable"><div class="addToGL" data-soscuisine-aisle="24" data-soscuisine-sip="3943297"><i class="fa fa-cart-plus" title="Add to My Grocery List"></i><div></div></div></td><td><img class="storeItemImage" alt="maple syrup" src="/media/images/store_item/blank.jpg"></td><td>maple syrup</td><td class="not_printable sorting_1">baking products</td><td><img style="width:50%;" src="/media/images/logos/marchands/39.png" alt="Your Independent Grocer"></td><td><span itemprop="price">$6.99</span><span itemprop="eligibleQuantity" itemscope="" itemtype="http://schema.org/QuantitativeValue">/<span itemprop="unitText">500mL</span></span></td><td>$1.40/100mL</td><td style="display: none;">2020-02-26</td><td style="display: none;">Canada</td><td style="display: none;">house brand</td><td style="display: none;"></td><td style="display: none;"></td><td style="display: none;"></td><td style="display: none;"></td><td style="display: none;"></td><td style="display: none;"><a class="recipeLink" href="/recipe_ingredient_search_results.php?query=(_QU5E__1__________272__[]_1_1)">Recipes with maple syrup</a></td></tr><tr role="row" class="even"><td tabindex="0"><i class="fas fa-hand-rock"></i></td><td class=" not_printable"><div class="addToGL" data-soscuisine-aisle="24" data-soscuisine-sip="3945493"><i class="fa fa-cart-plus" title="Add to My Grocery List"></i><div></div></div></td><td><img class="storeItemImage" alt="rolled oats" src="/media/images/store_item/blank.jpg"></td><td>rolled oats</td><td class="not_printable sorting_1">baking products</td><td><img style="width:50%;" src="/media/images/logos/marchands/18.png" alt="Food Basics"></td><td><span itemprop="price">$2.99</span><span itemprop="eligibleQuantity" itemscope="" itemtype="http://schema.org/QuantitativeValue">/<span itemprop="unitText">1kg</span></span></td><td>$0.30/100g</td><td style="display: none;">2020-02-26</td><td style="display: none;"></td><td style="display: none;">Quaker</td><td style="display: none;"></td><td style="display: none;"></td><td style="display: none;"></td><td style="display: none;"></td><td style="display: none;"></td><td style="display: none;"><a class="recipeLink" href="/recipe_ingredient_search_results.php?query=(_QU5E__1__________221__[]_1_1)">Recipes with rolled oats</a></td></tr><tr role="row" class="odd"><td tabindex="0"><i class="fas fa-hand-rock"></i></td><td class=" not_printable"><div class="addToGL" data-soscuisine-aisle="24" data-soscuisine-sip="3945935"><i class="fa fa-cart-plus" title="Add to My Grocery List"></i><div></div></div></td><td><img class="storeItemImage" alt="rolled oats" src="/media/images/store_item/blank.jpg"></td><td>rolled oats</td><td class="not_printable sorting_1">baking products</td><td><img style="width:50%;" src="/media/images/logos/marchands/20.png" alt="Metro"></td><td><span itemprop="price">$2.99</span><span itemprop="eligibleQuantity" itemscope="" itemtype="http://schema.org/QuantitativeValue">/<span itemprop="unitText">1kg</span></span></td><td>$0.30/100g</td><td style="display: none;">2020-02-26</td><td style="display: none;"></td><td style="display: none;">house brand</td><td style="display: none;"></td><td style="display: none;">quick</td><td style="display: none;"></td><td style="display: none;"></td><td style="display: none;"></td><td style="display: none;"><a class="recipeLink" href="/recipe_ingredient_search_results.php?query=(_QU5E__1__________221__[]_1_1)">Recipes with rolled oats</a></td></tr><tr role="row" class="even"><td tabindex="0"><i class="fa fa-thumbs-down"></i></td><td class=" not_printable"><div class="addToGL" data-soscuisine-aisle="24" data-soscuisine-sip="3944325"><i class="fa fa-cart-plus" title="Add to My Grocery List"></i><div></div></div></td><td><img class="storeItemImage" alt="sugar" src="/media/images/store_item/blank.jpg"></td><td>sugar</td><td class="not_printable sorting_1">baking products</td><td><img style="width:50%;" src="/media/images/logos/marchands/70.png" alt="FreshCo"></td><td><span itemprop="price">$7.99</span><span itemprop="eligibleQuantity" itemscope="" itemtype="http://schema.org/QuantitativeValue">/<span itemprop="unitText">6.8kg</span></span></td><td>$1.17/kg</td><td style="display: none;">2020-02-26</td><td style="display: none;"></td><td style="display: none;"></td><td style="display: none;"></td><td style="display: none;">cane</td><td style="display: none;"></td><td style="display: none;"></td><td style="display: none;">Verka</td><td style="display: none;"><a class="recipeLink" href="/recipe_ingredient_search_results.php?query=(_QU5E__1__________271__[]_1_1)">Recipes with sugar</a></td></tr><tr role="row" class="odd"><td tabindex="0"><i class="fa fa-thumbs-up"></i><i class="fa fa-thumbs-up"></i></td><td class=" not_printable"><div class="addToGL" data-soscuisine-aisle="24" data-soscuisine-sip="3945323"><i class="fa fa-cart-plus" title="Add to My Grocery List"></i><div></div></div></td><td><img class="storeItemImage" alt="sugar" src="/media/images/store_item/blank.jpg"></td><td>sugar</td><td class="not_printable sorting_1">baking products</td><td><img style="width:50%;" src="/media/images/logos/marchands/14.png" alt="No Frills"></td><td><span itemprop="price">$1.00</span><span itemprop="eligibleQuantity" itemscope="" itemtype="http://schema.org/QuantitativeValue">/<span itemprop="unitText">4.4lb (2kg)</span></span></td><td>$0.50/kg</td><td style="display: none;">2020-02-26</td><td style="display: none;"></td><td style="display: none;">Lantic</td><td style="display: none;"></td><td style="display: none;"></td><td style="display: none;"></td><td style="display: none;"></td><td style="display: none;"></td><td style="display: none;"><a class="recipeLink" href="/recipe_ingredient_search_results.php?query=(_QU5E__1__________271__[]_1_1)">Recipes with sugar</a></td></tr><tr role="row" class="even"><td tabindex="0"><i class="fa fa-thumbs-up"></i></td><td class=" not_printable"><div class="addToGL" data-soscuisine-aisle="24" data-soscuisine-sip="3943241"><i class="fa fa-cart-plus" title="Add to My Grocery List"></i><div></div></div></td><td><img class="storeItemImage" alt="white flour (all purpose)" src="/media/images/store_item/blank.jpg"></td><td>white flour (all purpose)</td><td class="not_printable sorting_1">baking products</td><td><img style="width:50%;" src="/media/images/logos/marchands/16.png" alt="Foodland"></td><td><span itemprop="price">$2.99</span><span itemprop="eligibleQuantity" itemscope="" itemtype="http://schema.org/QuantitativeValue">/<span itemprop="unitText">2,5kg</span></span></td><td>$1.20/kg</td><td style="display: none;">2020-02-26</td><td style="display: none;"></td><td style="display: none;">house brand</td><td style="display: none;"></td><td style="display: none;"></td><td style="display: none;"></td><td style="display: none;"></td><td style="display: none;"></td><td style="display: none;"><a class="recipeLink" href="/recipe_ingredient_search_results.php?query=(_QU5E__1__________198__[]_1_1)">Recipes with white flour (all purpose)</a></td></tr><tr role="row" class="odd"><td tabindex="0"><i class="fa fa-thumbs-down"></i></td><td class=" not_printable"><div class="addToGL" data-soscuisine-aisle="24" data-soscuisine-sip="3944409"><i class="fa fa-cart-plus" title="Add to My Grocery List"></i><div></div></div></td><td><img class="storeItemImage" alt="white flour (all purpose)" src="/media/images/store_item/blank.jpg"></td><td>white flour (all purpose)</td><td class="not_printable sorting_1">baking products</td><td><img style="width:50%;" src="/media/images/logos/marchands/70.png" alt="FreshCo"></td><td><span itemprop="price">$2.00</span><span itemprop="eligibleQuantity" itemscope="" itemtype="http://schema.org/QuantitativeValue">/<span itemprop="unitText">1kg</span></span></td><td>$2.00/kg</td><td style="display: none;">2020-02-26</td><td style="display: none;"></td><td style="display: none;">Five Roses, Robin Hood</td><td style="display: none;"></td><td style="display: none;"></td><td style="display: none;"></td><td style="display: none;"></td><td style="display: none;"></td><td style="display: none;"><a class="recipeLink" href="/recipe_ingredient_search_results.php?query=(_QU5E__1__________198__[]_1_1)">Recipes with white flour (all purpose)</a></td></tr><tr role="row" class="even"><td tabindex="0"><i class="fa fa-thumbs-down"></i></td><td class=" not_printable"><div class="addToGL" data-soscuisine-aisle="24" data-soscuisine-sip="3945933"><i class="fa fa-cart-plus" title="Add to My Grocery List"></i><div></div></div></td><td><img class="storeItemImage" alt="white flour (all purpose)" src="/media/images/store_item/blank.jpg"></td><td>white flour (all purpose)</td><td class="not_printable sorting_1">baking products</td><td><img style="width:50%;" src="/media/images/logos/marchands/20.png" alt="Metro"></td><td><span itemprop="price">$4.99</span><span itemprop="eligibleQuantity" itemscope="" itemtype="http://schema.org/QuantitativeValue">/<span itemprop="unitText">2,5kg</span></span></td><td>$2.00/kg</td><td style="display: none;">2020-02-26</td><td style="display: none;"></td><td style="display: none;">Five Roses, Robin Hood</td><td style="display: none;"></td><td style="display: none;"></td><td style="display: none;"></td><td style="display: none;"></td><td style="display: none;"></td><td style="display: none;"><a class="recipeLink" href="/recipe_ingredient_search_results.php?query=(_QU5E__1__________198__[]_1_1)">Recipes with white flour (all purpose)</a></td></tr><tr role="row" class="odd"><td tabindex="0"><i class="fa fa-thumbs-down"></i></td><td class=" not_printable"><div class="addToGL" data-soscuisine-aisle="24" data-soscuisine-sip="3944569"><i class="fa fa-cart-plus" title="Add to My Grocery List"></i><div></div></div></td><td><img class="storeItemImage" alt="white flour (all purpose)" src="/media/images/store_item/blank.jpg"></td><td>white flour (all purpose)</td><td class="not_printable sorting_1">baking products</td><td><img style="width:50%;" src="/media/images/logos/marchands/17.png" alt="Price Chopper"></td><td><span itemprop="price">$2.00</span><span itemprop="eligibleQuantity" itemscope="" itemtype="http://schema.org/QuantitativeValue">/<span itemprop="unitText">1kg</span></span></td><td>$2.00/kg</td><td style="display: none;">2020-02-26</td><td style="display: none;"></td><td style="display: none;">Five Roses, Robin Hood</td><td style="display: none;"></td><td style="display: none;"></td><td style="display: none;"></td><td style="display: none;"></td><td style="display: none;"></td><td style="display: none;"><a class="recipeLink" href="/recipe_ingredient_search_results.php?query=(_QU5E__1__________198__[]_1_1)">Recipes with white flour (all purpose)</a></td></tr><tr role="row" class="even"><td tabindex="0"><i class="fas fa-exclamation"></i></td><td class=" not_printable"><div class="addToGL" data-soscuisine-aisle="18" data-soscuisine-sip="3945949"><i class="fa fa-cart-plus" title="Add to My Grocery List"></i><div></div></div></td><td><img class="storeItemImage" alt="cinnamon, ground" src="/media/images/store_item/blank.jpg"></td><td>cinnamon, ground</td><td class="not_printable sorting_1">spices &amp; dried herbs</td><td><img style="width:50%;" src="/media/images/logos/marchands/20.png" alt="Metro"></td><td><span itemprop="price">$2.99</span><span itemprop="eligibleQuantity" itemscope="" itemtype="http://schema.org/QuantitativeValue">/<span itemprop="unitText">4oz (113g)</span></span></td><td>$2.65/100g</td><td style="display: none;">2020-02-26</td><td style="display: none;"></td><td style="display: none;">house brand</td><td style="display: none;"></td><td style="display: none;"></td><td style="display: none;"></td><td style="display: none;"></td><td style="display: none;"></td><td style="display: none;"><a class="recipeLink" href="/recipe_ingredient_search_results.php?query=(_QU5E__1__________35__[]_1_1)">Recipes with cinnamon, ground</a></td></tr><tr role="row" class="odd"><td tabindex="0"><i class="fas fa-hand-rock"></i></td><td class=" not_printable"><div class="addToGL" data-soscuisine-aisle="19" data-soscuisine-sip="3945003"><i class="fa fa-cart-plus" title="Add to My Grocery List"></i><div></div></div></td><td><img class="storeItemImage" alt="coconut oil" src="/media/images/store_item/blank.jpg"></td><td>coconut oil</td><td class="not_printable sorting_1">oil &amp; vinegar</td><td><img style="width:50%;" src="/media/images/logos/marchands/52.png" alt="Real Canadian Superstore"></td><td><span itemprop="price">$7.68</span><span itemprop="eligibleQuantity" itemscope="" itemtype="http://schema.org/QuantitativeValue">/<span itemprop="unitText">500mL</span></span></td><td>$15.36/L</td><td style="display: none;">2020-02-26</td><td style="display: none;"></td><td style="display: none;">Grace</td><td style="display: none;"></td><td style="display: none;"></td><td style="display: none;"></td><td style="display: none;"></td><td style="display: none;">selected stores only</td><td style="display: none;"><a class="recipeLink" href="/recipe_ingredient_search_results.php?query=(_QU5E__1__________1233__[]_1_1)">Recipes with coconut oil</a></td></tr><tr role="row" class="even"><td tabindex="0"><i class="fa fa-thumbs-down"></i></td><td class=" not_printable"><div class="addToGL" data-soscuisine-aisle="19" data-soscuisine-sip="3941851"><i class="fa fa-cart-plus" title="Add to My Grocery List"></i><div></div></div></td><td><img class="storeItemImage" alt="coconut oil ORGANIC" src="/media/images/store_item/blank.jpg"></td><td>coconut oil ORGANIC</td><td class="not_printable sorting_1">oil &amp; vinegar</td><td><img style="width:50%;" src="/media/images/logos/marchands/19.png" alt="Loblaws"></td><td><span itemprop="price">$13.99</span><span itemprop="eligibleQuantity" itemscope="" itemtype="http://schema.org/QuantitativeValue">/<span itemprop="unitText">860mL</span></span></td><td>$16.27/L</td><td style="display: none;">2020-02-26</td><td style="display: none;"></td><td style="display: none;">house brand</td><td style="display: none;"></td><td style="display: none;"></td><td style="display: none;"></td><td style="display: none;"></td><td style="display: none;"></td><td style="display: none;"><a class="recipeLink" href="/recipe_ingredient_search_results.php?query=(_QU5E__1__________1231__[]_1_1)">Recipes with coconut oil ORGANIC</a></td></tr><tr role="row" class="odd"><td tabindex="0"><i class="fa fa-thumbs-up"></i><i class="fa fa-thumbs-up"></i></td><td class=" not_printable"><div class="addToGL" data-soscuisine-aisle="19" data-soscuisine-sip="3945669"><i class="fa fa-cart-plus" title="Add to My Grocery List"></i><div></div></div></td><td><img class="storeItemImage" alt="coconut oil ORGANIC" src="/media/images/store_item/blank.jpg"></td><td>coconut oil ORGANIC</td><td class="not_printable sorting_1">oil &amp; vinegar</td><td><img style="width:50%;" src="/media/images/logos/marchands/20.png" alt="Metro"></td><td><span itemprop="price">$6.99</span><span itemprop="eligibleQuantity" itemscope="" itemtype="http://schema.org/QuantitativeValue">/<span itemprop="unitText">774g</span></span></td><td>$8.32/L</td><td style="display: none;">2020-02-26</td><td style="display: none;"></td><td style="display: none;">house brand</td><td style="display: none;"></td><td style="display: none;"></td><td style="display: none;"></td><td style="display: none;"></td><td style="display: none;"></td><td style="display: none;"><a class="recipeLink" href="/recipe_ingredient_search_results.php?query=(_QU5E__1__________1231__[]_1_1)">Recipes with coconut oil ORGANIC</a></td></tr><tr role="row" class="even"><td tabindex="0"><i class="fa fa-thumbs-down"></i></td><td class=" not_printable"><div class="addToGL" data-soscuisine-aisle="19" data-soscuisine-sip="3943663"><i class="fa fa-cart-plus" title="Add to My Grocery List"></i><div></div></div></td><td><img class="storeItemImage" alt="coconut oil ORGANIC" src="/media/images/store_item/blank.jpg"></td><td>coconut oil ORGANIC</td><td class="not_printable sorting_1">oil &amp; vinegar</td><td><img style="width:50%;" src="/media/images/logos/marchands/39.png" alt="Your Independent Grocer"></td><td><span itemprop="price">$13.99</span><span itemprop="eligibleQuantity" itemscope="" itemtype="http://schema.org/QuantitativeValue">/<span itemprop="unitText">860mL</span></span></td><td>$16.27/L</td><td style="display: none;">2020-02-26</td><td style="display: none;"></td><td style="display: none;">house brand</td><td style="display: none;"></td><td style="display: none;"></td><td style="display: none;"></td><td style="display: none;"></td><td style="display: none;"></td><td style="display: none;"><a class="recipeLink" href="/recipe_ingredient_search_results.php?query=(_QU5E__1__________1231__[]_1_1)">Recipes with coconut oil ORGANIC</a></td></tr><tr role="row" class="odd"><td tabindex="0"><i class="fas fa-hand-rock"></i></td><td class=" not_printable"><div class="addToGL" data-soscuisine-aisle="19" data-soscuisine-sip="3945919"><i class="fa fa-cart-plus" title="Add to My Grocery List"></i><div></div></div></td><td><img class="storeItemImage" alt="corn oil" src="/media/images/store_item/blank.jpg"></td><td>corn oil</td><td class="not_printable sorting_1">oil &amp; vinegar</td><td><img style="width:50%;" src="/media/images/logos/marchands/20.png" alt="Metro"></td><td><span itemprop="price">$3.99</span><span itemprop="eligibleQuantity" itemscope="" itemtype="http://schema.org/QuantitativeValue">/<span itemprop="unitText">48oz (1.42L)</span></span></td><td>$2.81/L</td><td style="display: none;">2020-02-26</td><td style="display: none;"></td><td style="display: none;">Mazola</td><td style="display: none;"></td><td style="display: none;"></td><td style="display: none;"></td><td style="display: none;"></td><td style="display: none;"></td><td style="display: none;"><a class="recipeLink" href="/recipe_ingredient_search_results.php?query=(_QU5E__1__________787__[]_1_1)">Recipes with corn oil</a></td></tr><tr role="row" class="even"><td tabindex="0"><i class="fa fa-thumbs-up"></i></td><td class=" not_printable"><div class="addToGL" data-soscuisine-aisle="19" data-soscuisine-sip="3941831"><i class="fa fa-cart-plus" title="Add to My Grocery List"></i><div></div></div></td><td><img class="storeItemImage" alt="olive oil" src="/media/images/store_item/blank.jpg"></td><td>olive oil</td><td class="not_printable sorting_1">oil &amp; vinegar</td><td><img style="width:50%;" src="/media/images/logos/marchands/19.png" alt="Loblaws"></td><td><span itemprop="price">$7.99</span><span itemprop="eligibleQuantity" itemscope="" itemtype="http://schema.org/QuantitativeValue">/<span itemprop="unitText">1L</span></span></td><td>$7.99/L</td><td style="display: none;">2020-02-26</td><td style="display: none;"></td><td style="display: none;">Bertolli</td><td style="display: none;"></td><td style="display: none;"></td><td style="display: none;"></td><td style="display: none;"></td><td style="display: none;"></td><td style="display: none;"><a class="recipeLink" href="/recipe_ingredient_search_results.php?query=(_QU5E__1__________14__[]_1_1)">Recipes with olive oil</a></td></tr><tr role="row" class="odd"><td tabindex="0"><i class="fa fa-thumbs-down"></i></td><td class=" not_printable"><div class="addToGL" data-soscuisine-aisle="19" data-soscuisine-sip="3941833"><i class="fa fa-cart-plus" title="Add to My Grocery List"></i><div></div></div></td><td><img class="storeItemImage" alt="olive oil" src="/media/images/store_item/blank.jpg"></td><td>olive oil</td><td class="not_printable sorting_1">oil &amp; vinegar</td><td><img style="width:50%;" src="/media/images/logos/marchands/19.png" alt="Loblaws"></td><td><span itemprop="price">$7.99</span><span itemprop="eligibleQuantity" itemscope="" itemtype="http://schema.org/QuantitativeValue">/<span itemprop="unitText">750mL</span></span></td><td>$10.65/L</td><td style="display: none;">2020-02-26</td><td style="display: none;"></td><td style="display: none;">Bertolli</td><td style="display: none;"></td><td style="display: none;"></td><td style="display: none;">Organic</td><td style="display: none;"></td><td style="display: none;"></td><td style="display: none;"><a class="recipeLink" href="/recipe_ingredient_search_results.php?query=(_QU5E__1__________14__[]_1_1)">Recipes with olive oil</a></td></tr><tr role="row" class="even"><td tabindex="0"><i class="fa fa-thumbs-up"></i></td><td class=" not_printable"><div class="addToGL" data-soscuisine-aisle="19" data-soscuisine-sip="3943621"><i class="fa fa-cart-plus" title="Add to My Grocery List"></i><div></div></div></td><td><img class="storeItemImage" alt="olive oil" src="/media/images/store_item/blank.jpg"></td><td>olive oil</td><td class="not_printable sorting_1">oil &amp; vinegar</td><td><img style="width:50%;" src="/media/images/logos/marchands/39.png" alt="Your Independent Grocer"></td><td><span itemprop="price">$7.99</span><span itemprop="eligibleQuantity" itemscope="" itemtype="http://schema.org/QuantitativeValue">/<span itemprop="unitText">1L</span></span></td><td>$7.99/L</td><td style="display: none;">2020-02-26</td><td style="display: none;"></td><td style="display: none;">Bertolli</td><td style="display: none;"></td><td style="display: none;"></td><td style="display: none;"></td><td style="display: none;"></td><td style="display: none;"></td><td style="display: none;"><a class="recipeLink" href="/recipe_ingredient_search_results.php?query=(_QU5E__1__________14__[]_1_1)">Recipes with olive oil</a></td></tr><tr role="row" class="odd"><td tabindex="0"><i class="fa fa-thumbs-down"></i></td><td class=" not_printable"><div class="addToGL" data-soscuisine-aisle="19" data-soscuisine-sip="3943627"><i class="fa fa-cart-plus" title="Add to My Grocery List"></i><div></div></div></td><td><img class="storeItemImage" alt="olive oil" src="/media/images/store_item/blank.jpg"></td><td>olive oil</td><td class="not_printable sorting_1">oil &amp; vinegar</td><td><img style="width:50%;" src="/media/images/logos/marchands/39.png" alt="Your Independent Grocer"></td><td><span itemprop="price">$7.99</span><span itemprop="eligibleQuantity" itemscope="" itemtype="http://schema.org/QuantitativeValue">/<span itemprop="unitText">750mL</span></span></td><td>$10.65/L</td><td style="display: none;">2020-02-26</td><td style="display: none;"></td><td style="display: none;">Bertolli</td><td style="display: none;"></td><td style="display: none;"></td><td style="display: none;">Organic</td><td style="display: none;"></td><td style="display: none;"></td><td style="display: none;"><a class="recipeLink" href="/recipe_ingredient_search_results.php?query=(_QU5E__1__________14__[]_1_1)">Recipes with olive oil</a></td></tr><tr role="row" class="even"><td tabindex="0"><i class="fas fa-hand-rock"></i></td><td class=" not_printable"><div class="addToGL" data-soscuisine-aisle="19" data-soscuisine-sip="3941835"><i class="fa fa-cart-plus" title="Add to My Grocery List"></i><div></div></div></td><td><img class="storeItemImage" alt="olive oil, extra virgin" src="/media/images/store_item/blank.jpg"></td><td>olive oil, extra virgin</td><td class="not_printable sorting_1">oil &amp; vinegar</td><td><img style="width:50%;" src="/media/images/logos/marchands/19.png" alt="Loblaws"></td><td><span itemprop="price">$7.99</span><span itemprop="eligibleQuantity" itemscope="" itemtype="http://schema.org/QuantitativeValue">/<span itemprop="unitText">1L</span></span></td><td>$7.99/L</td><td style="display: none;">2020-02-26</td><td style="display: none;"></td><td style="display: none;">Bertolli</td><td style="display: none;"></td><td style="display: none;"></td><td style="display: none;"></td><td style="display: none;"></td><td style="display: none;"></td><td style="display: none;"><a class="recipeLink" href="/recipe_ingredient_search_results.php?query=(_QU5E__1__________344__[]_1_1)">Recipes with olive oil, extra virgin</a></td></tr><tr role="row" class="odd"><td tabindex="0"><i class="fas fa-hand-rock"></i></td><td class=" not_printable"><div class="addToGL" data-soscuisine-aisle="19" data-soscuisine-sip="3943629"><i class="fa fa-cart-plus" title="Add to My Grocery List"></i><div></div></div></td><td><img class="storeItemImage" alt="olive oil, extra virgin" src="/media/images/store_item/blank.jpg"></td><td>olive oil, extra virgin</td><td class="not_printable sorting_1">oil &amp; vinegar</td><td><img style="width:50%;" src="/media/images/logos/marchands/39.png" alt="Your Independent Grocer"></td><td><span itemprop="price">$7.99</span><span itemprop="eligibleQuantity" itemscope="" itemtype="http://schema.org/QuantitativeValue">/<span itemprop="unitText">1L</span></span></td><td>$7.99/L</td><td style="display: none;">2020-02-26</td><td style="display: none;"></td><td style="display: none;">Bertolli</td><td style="display: none;"></td><td style="display: none;"></td><td style="display: none;"></td><td style="display: none;"></td><td style="display: none;"></td><td style="display: none;"><a class="recipeLink" href="/recipe_ingredient_search_results.php?query=(_QU5E__1__________344__[]_1_1)">Recipes with olive oil, extra virgin</a></td></tr><tr role="row" class="even"><td tabindex="0"><i class="fas fa-hand-rock"></i></td><td class=" not_printable"><div class="addToGL" data-soscuisine-aisle="19" data-soscuisine-sip="3945921"><i class="fa fa-cart-plus" title="Add to My Grocery List"></i><div></div></div></td><td><img class="storeItemImage" alt="vegetable oil" src="/media/images/store_item/blank.jpg"></td><td>vegetable oil</td><td class="not_printable sorting_1">oil &amp; vinegar</td><td><img style="width:50%;" src="/media/images/logos/marchands/20.png" alt="Metro"></td><td><span itemprop="price">$3.99</span><span itemprop="eligibleQuantity" itemscope="" itemtype="http://schema.org/QuantitativeValue">/<span itemprop="unitText">48oz (1.42L)</span></span></td><td>$2.81/L</td><td style="display: none;">2020-02-26</td><td style="display: none;"></td><td style="display: none;">Mazola</td><td style="display: none;"></td><td style="display: none;"></td><td style="display: none;"></td><td style="display: none;"></td><td style="display: none;"></td><td style="display: none;"><a class="recipeLink" href="/recipe_ingredient_search_results.php?query=(_QU5E__1__________751__[]_1_1)">Recipes with vegetable oil</a></td></tr><tr role="row" class="odd"><td tabindex="0"><i class="fa fa-thumbs-down"></i></td><td class=" not_printable"><div class="addToGL" data-soscuisine-aisle="19" data-soscuisine-sip="3945951"><i class="fa fa-cart-plus" title="Add to My Grocery List"></i><div></div></div></td><td><img class="storeItemImage" alt="vegetable oil" src="/media/images/store_item/blank.jpg"></td><td>vegetable oil</td><td class="not_printable sorting_1">oil &amp; vinegar</td><td><img style="width:50%;" src="/media/images/logos/marchands/20.png" alt="Metro"></td><td><span itemprop="price">$4.99</span><span itemprop="eligibleQuantity" itemscope="" itemtype="http://schema.org/QuantitativeValue">/<span itemprop="unitText">48oz (1.42L)</span></span></td><td>$3.52/L</td><td style="display: none;">2020-02-26</td><td style="display: none;"></td><td style="display: none;">Crisco</td><td style="display: none;"></td><td style="display: none;"></td><td style="display: none;"></td><td style="display: none;"></td><td style="display: none;"></td><td style="display: none;"><a class="recipeLink" href="/recipe_ingredient_search_results.php?query=(_QU5E__1__________751__[]_1_1)">Recipes with vegetable oil</a></td></tr><tr role="row" class="even"><td tabindex="0"><i class="fas fa-hand-rock"></i></td><td class=" not_printable"><div class="addToGL" data-soscuisine-aisle="19" data-soscuisine-sip="3945977"><i class="fa fa-cart-plus" title="Add to My Grocery List"></i><div></div></div></td><td><img class="storeItemImage" alt="vinegar, apple" src="/media/images/store_item/blank.jpg"></td><td>vinegar, apple</td><td class="not_printable sorting_1">oil &amp; vinegar</td><td><img style="width:50%;" src="/media/images/logos/marchands/20.png" alt="Metro"></td><td><span itemprop="price">$7.99</span><span itemprop="eligibleQuantity" itemscope="" itemtype="http://schema.org/QuantitativeValue">/<span itemprop="unitText">946mL</span></span></td><td>$0.84/100g</td><td style="display: none;">2020-02-26</td><td style="display: none;"></td><td style="display: none;">Bragg</td><td style="display: none;"></td><td style="display: none;"></td><td style="display: none;">Organic</td><td style="display: none;"></td><td style="display: none;"></td><td style="display: none;"><a class="recipeLink" href="/recipe_ingredient_search_results.php?query=(_QU5E__1__________51__[]_1_1)">Recipes with vinegar, apple</a></td></tr><tr role="row" class="odd"><td tabindex="0"><i class="fa fa-thumbs-up"></i><i class="fa fa-thumbs-up"></i></td><td class=" not_printable"><div class="addToGL" data-soscuisine-aisle="19" data-soscuisine-sip="3945411"><i class="fa fa-cart-plus" title="Add to My Grocery List"></i><div></div></div></td><td><img class="storeItemImage" alt="vinegar, white" src="/media/images/store_item/blank.jpg"></td><td>vinegar, white</td><td class="not_printable sorting_1">oil &amp; vinegar</td><td><img style="width:50%;" src="/media/images/logos/marchands/14.png" alt="No Frills"></td><td><span itemprop="price">$1.00</span><span itemprop="eligibleQuantity" itemscope="" itemtype="http://schema.org/QuantitativeValue">/<span itemprop="unitText">4L</span></span></td><td>$0.02/100g</td><td style="display: none;">2020-02-26</td><td style="display: none;"></td><td style="display: none;">house brand</td><td style="display: none;"></td><td style="display: none;"></td><td style="display: none;"></td><td style="display: none;"></td><td style="display: none;"></td><td style="display: none;"><a class="recipeLink" href="/recipe_ingredient_search_results.php?query=(_QU5E__1__________364__[]_1_1)">Recipes with vinegar, white</a></td></tr><tr role="row" class="even"><td tabindex="0"><i class="fas fa-hand-rock"></i></td><td class=" not_printable"><div class="addToGL" data-soscuisine-aisle="20" data-soscuisine-sip="3945645"><i class="fa fa-cart-plus" title="Add to My Grocery List"></i><div></div></div></td><td><img class="storeItemImage" alt="barbecue sauce" src="/media/images/store_item/blank.jpg"></td><td>barbecue sauce</td><td class="not_printable sorting_1">condiments</td><td><img style="width:50%;" src="/media/images/logos/marchands/18.png" alt="Food Basics"></td><td><span itemprop="price">$1.99</span><span itemprop="eligibleQuantity" itemscope="" itemtype="http://schema.org/QuantitativeValue">/<span itemprop="unitText">425mL</span></span></td><td>$0.47/100mL</td><td style="display: none;">2020-02-26</td><td style="display: none;"></td><td style="display: none;">Bull's-Eye</td><td style="display: none;"></td><td style="display: none;"></td><td style="display: none;"></td><td style="display: none;"></td><td style="display: none;"></td><td style="display: none;"><a class="recipeLink" href="/recipe_ingredient_search_results.php?query=(_QU5E__1__________1158__[]_1_1)">Recipes with barbecue sauce</a></td></tr><tr role="row" class="odd"><td tabindex="0"><i class="fas fa-hand-rock"></i></td><td class=" not_printable"><div class="addToGL" data-soscuisine-aisle="20" data-soscuisine-sip="3945647"><i class="fa fa-cart-plus" title="Add to My Grocery List"></i><div></div></div></td><td><img class="storeItemImage" alt="barbecue sauce" src="/media/images/store_item/blank.jpg"></td><td>barbecue sauce</td><td class="not_printable sorting_1">condiments</td><td><img style="width:50%;" src="/media/images/logos/marchands/18.png" alt="Food Basics"></td><td><span itemprop="price">$2.99</span><span itemprop="eligibleQuantity" itemscope="" itemtype="http://schema.org/QuantitativeValue">/<span itemprop="unitText">500mL</span></span></td><td>$0.60/100mL</td><td style="display: none;">2020-02-26</td><td style="display: none;"></td><td style="display: none;"></td><td style="display: none;"></td><td style="display: none;"></td><td style="display: none;"></td><td style="display: none;"></td><td style="display: none;">Diana</td><td style="display: none;"><a class="recipeLink" href="/recipe_ingredient_search_results.php?query=(_QU5E__1__________1158__[]_1_1)">Recipes with barbecue sauce</a></td></tr><tr role="row" class="even"><td tabindex="0"><i class="fa fa-thumbs-up"></i><i class="fa fa-thumbs-up"></i></td><td class=" not_printable"><div class="addToGL" data-soscuisine-aisle="20" data-soscuisine-sip="3945391"><i class="fa fa-cart-plus" title="Add to My Grocery List"></i><div></div></div></td><td><img class="storeItemImage" alt="barbecue sauce" src="/media/images/store_item/blank.jpg"></td><td>barbecue sauce</td><td class="not_printable sorting_1">condiments</td><td><img style="width:50%;" src="/media/images/logos/marchands/14.png" alt="No Frills"></td><td><span itemprop="price">$1.00</span><span itemprop="eligibleQuantity" itemscope="" itemtype="http://schema.org/QuantitativeValue">/<span itemprop="unitText">455mL</span></span></td><td>$0.22/100mL</td><td style="display: none;">2020-02-26</td><td style="display: none;"></td><td style="display: none;">Kraft</td><td style="display: none;"></td><td style="display: none;"></td><td style="display: none;"></td><td style="display: none;"></td><td style="display: none;"></td><td style="display: none;"><a class="recipeLink" href="/recipe_ingredient_search_results.php?query=(_QU5E__1__________1158__[]_1_1)">Recipes with barbecue sauce</a></td></tr><tr role="row" class="odd"><td tabindex="0"><i class="fa fa-thumbs-up"></i><i class="fa fa-thumbs-up"></i></td><td class=" not_printable"><div class="addToGL" data-soscuisine-aisle="20" data-soscuisine-sip="3943201"><i class="fa fa-cart-plus" title="Add to My Grocery List"></i><div></div></div></td><td><img class="storeItemImage" alt="ketchup" src="/media/images/store_item/blank.jpg"></td><td>ketchup</td><td class="not_printable sorting_1">condiments</td><td><img style="width:50%;" src="/media/images/logos/marchands/16.png" alt="Foodland"></td><td><span itemprop="price">$2.49</span><span itemprop="eligibleQuantity" itemscope="" itemtype="http://schema.org/QuantitativeValue">/<span itemprop="unitText">1L</span></span></td><td>$0.25/100g</td><td style="display: none;">2020-02-26</td><td style="display: none;"></td><td style="display: none;">house brand</td><td style="display: none;"></td><td style="display: none;"></td><td style="display: none;"></td><td style="display: none;"></td><td style="display: none;">Canada</td><td style="display: none;"><a class="recipeLink" href="/recipe_ingredient_search_results.php?query=(_QU5E__1__________45__[]_1_1)">Recipes with ketchup</a></td></tr><tr role="row" class="even"><td tabindex="0"><i class="fas fa-hand-rock"></i></td><td class=" not_printable"><div class="addToGL" data-soscuisine-aisle="20" data-soscuisine-sip="3943215"><i class="fa fa-cart-plus" title="Add to My Grocery List"></i><div></div></div></td><td><img class="storeItemImage" alt="ketchup" src="/media/images/store_item/blank.jpg"></td><td>ketchup</td><td class="not_printable sorting_1">condiments</td><td><img style="width:50%;" src="/media/images/logos/marchands/16.png" alt="Foodland"></td><td><span itemprop="price">$3.49</span><span itemprop="eligibleQuantity" itemscope="" itemtype="http://schema.org/QuantitativeValue">/<span itemprop="unitText">1L</span></span></td><td>$0.34/100g</td><td style="display: none;">2020-02-26</td><td style="display: none;"></td><td style="display: none;">Heinz</td><td style="display: none;"></td><td style="display: none;"></td><td style="display: none;"></td><td style="display: none;"></td><td style="display: none;"></td><td style="display: none;"><a class="recipeLink" href="/recipe_ingredient_search_results.php?query=(_QU5E__1__________45__[]_1_1)">Recipes with ketchup</a></td></tr><tr role="row" class="odd"><td tabindex="0"><i class="fas fa-hand-rock"></i></td><td class=" not_printable"><div class="addToGL" data-soscuisine-aisle="20" data-soscuisine-sip="3944433"><i class="fa fa-cart-plus" title="Add to My Grocery List"></i><div></div></div></td><td><img class="storeItemImage" alt="ketchup" src="/media/images/store_item/blank.jpg"></td><td>ketchup</td><td class="not_printable sorting_1">condiments</td><td><img style="width:50%;" src="/media/images/logos/marchands/70.png" alt="FreshCo"></td><td><span itemprop="price">$3.00</span><span itemprop="eligibleQuantity" itemscope="" itemtype="http://schema.org/QuantitativeValue">/<span itemprop="unitText">1L</span></span></td><td>$0.30/100g</td><td style="display: none;">2020-02-26</td><td style="display: none;"></td><td style="display: none;">Heinz</td><td style="display: none;"></td><td style="display: none;"></td><td style="display: none;"></td><td style="display: none;"></td><td style="display: none;"></td><td style="display: none;"><a class="recipeLink" href="/recipe_ingredient_search_results.php?query=(_QU5E__1__________45__[]_1_1)">Recipes with ketchup</a></td></tr><tr role="row" class="even"><td tabindex="0"><i class="fa fa-thumbs-up"></i><i class="fa fa-thumbs-up"></i></td><td class=" not_printable"><div class="addToGL" data-soscuisine-aisle="20" data-soscuisine-sip="3945351"><i class="fa fa-cart-plus" title="Add to My Grocery List"></i><div></div></div></td><td><img class="storeItemImage" alt="ketchup" src="/media/images/store_item/blank.jpg"></td><td>ketchup</td><td class="not_printable sorting_1">condiments</td><td><img style="width:50%;" src="/media/images/logos/marchands/14.png" alt="No Frills"></td><td><span itemprop="price">$1.00</span><span itemprop="eligibleQuantity" itemscope="" itemtype="http://schema.org/QuantitativeValue">/<span itemprop="unitText">375mL</span></span></td><td>$0.26/100g</td><td style="display: none;">2020-02-26</td><td style="display: none;"></td><td style="display: none;">Heinz</td><td style="display: none;"></td><td style="display: none;"></td><td style="display: none;"></td><td style="display: none;"></td><td style="display: none;"></td><td style="display: none;"><a class="recipeLink" href="/recipe_ingredient_search_results.php?query=(_QU5E__1__________45__[]_1_1)">Recipes with ketchup</a></td></tr><tr role="row" class="odd"><td tabindex="0"><i class="fas fa-hand-rock"></i></td><td class=" not_printable"><div class="addToGL" data-soscuisine-aisle="20" data-soscuisine-sip="3944589"><i class="fa fa-cart-plus" title="Add to My Grocery List"></i><div></div></div></td><td><img class="storeItemImage" alt="ketchup" src="/media/images/store_item/blank.jpg"></td><td>ketchup</td><td class="not_printable sorting_1">condiments</td><td><img style="width:50%;" src="/media/images/logos/marchands/17.png" alt="Price Chopper"></td><td><span itemprop="price">$3.00</span><span itemprop="eligibleQuantity" itemscope="" itemtype="http://schema.org/QuantitativeValue">/<span itemprop="unitText">1L</span></span></td><td>$0.30/100g</td><td style="display: none;">2020-02-26</td><td style="display: none;"></td><td style="display: none;">Heinz</td><td style="display: none;"></td><td style="display: none;"></td><td style="display: none;"></td><td style="display: none;"></td><td style="display: none;"></td><td style="display: none;"><a class="recipeLink" href="/recipe_ingredient_search_results.php?query=(_QU5E__1__________45__[]_1_1)">Recipes with ketchup</a></td></tr><tr role="row" class="even"><td tabindex="0"><i class="fas fa-hand-rock"></i></td><td class=" not_printable"><div class="addToGL" data-soscuisine-aisle="20" data-soscuisine-sip="3944855"><i class="fa fa-cart-plus" title="Add to My Grocery List"></i><div></div></div></td><td><img class="storeItemImage" alt="ketchup" src="/media/images/store_item/blank.jpg"></td><td>ketchup</td><td class="not_printable sorting_1">condiments</td><td><img style="width:50%;" src="/media/images/logos/marchands/52.png" alt="Real Canadian Superstore"></td><td><span itemprop="price">$3.48</span><span itemprop="eligibleQuantity" itemscope="" itemtype="http://schema.org/QuantitativeValue">/<span itemprop="unitText">1L</span></span></td><td>$0.34/100g</td><td style="display: none;">2020-02-26</td><td style="display: none;"></td><td style="display: none;">Heinz</td><td style="display: none;"></td><td style="display: none;"></td><td style="display: none;"></td><td style="display: none;"></td><td style="display: none;"></td><td style="display: none;"><a class="recipeLink" href="/recipe_ingredient_search_results.php?query=(_QU5E__1__________45__[]_1_1)">Recipes with ketchup</a></td></tr><tr role="row" class="odd"><td tabindex="0"><i class="fas fa-exclamation"></i></td><td class=" not_printable"><div class="addToGL" data-soscuisine-aisle="20" data-soscuisine-sip="3944999"><i class="fa fa-cart-plus" title="Add to My Grocery List"></i><div></div></div></td><td><img class="storeItemImage" alt="mayo type sauce, vegan" src="/media/images/store_item/blank.jpg"></td><td>mayo type sauce, vegan</td><td class="not_printable sorting_1">condiments</td><td><img style="width:50%;" src="/media/images/logos/marchands/38.png" alt="Farm Boy"></td><td><span itemprop="price">$3.99</span><span itemprop="eligibleQuantity" itemscope="" itemtype="http://schema.org/QuantitativeValue">/<span itemprop="unitText">810mL</span></span></td><td>$0.49/100mL</td><td style="display: none;">2020-02-26</td><td style="display: none;"></td><td style="display: none;">house brand</td><td style="display: none;"></td><td style="display: none;"></td><td style="display: none;"></td><td style="display: none;"></td><td style="display: none;"></td><td style="display: none;"><a class="recipeLink" href="/recipe_ingredient_search_results.php?query=(_QU5E__1__________1223__[]_1_1)">Recipes with mayo type sauce, vegan</a></td></tr><tr role="row" class="even"><td tabindex="0"><i class="fa fa-thumbs-up"></i></td><td class=" not_printable"><div class="addToGL" data-soscuisine-aisle="20" data-soscuisine-sip="3943217"><i class="fa fa-cart-plus" title="Add to My Grocery List"></i><div></div></div></td><td><img class="storeItemImage" alt="mayonnaise" src="/media/images/store_item/blank.jpg"></td><td>mayonnaise</td><td class="not_printable sorting_1">condiments</td><td><img style="width:50%;" src="/media/images/logos/marchands/16.png" alt="Foodland"></td><td><span itemprop="price">$3.49</span><span itemprop="eligibleQuantity" itemscope="" itemtype="http://schema.org/QuantitativeValue">/<span itemprop="unitText">800mL</span></span></td><td>$4.69/kg</td><td style="display: none;">2020-02-26</td><td style="display: none;"></td><td style="display: none;">Heinz</td><td style="display: none;"></td><td style="display: none;"></td><td style="display: none;"></td><td style="display: none;"></td><td style="display: none;"></td><td style="display: none;"><a class="recipeLink" href="/recipe_ingredient_search_results.php?query=(_QU5E__1__________44__[]_1_1)">Recipes with mayonnaise</a></td></tr><tr role="row" class="odd"><td tabindex="0"><i class="fas fa-hand-rock"></i></td><td class=" not_printable"><div class="addToGL" data-soscuisine-aisle="20" data-soscuisine-sip="3941949"><i class="fa fa-cart-plus" title="Add to My Grocery List"></i><div></div></div></td><td><img class="storeItemImage" alt="mayonnaise" src="/media/images/store_item/blank.jpg"></td><td>mayonnaise</td><td class="not_printable sorting_1">condiments</td><td><img style="width:50%;" src="/media/images/logos/marchands/19.png" alt="Loblaws"></td><td><span itemprop="price">$3.99</span><span itemprop="eligibleQuantity" itemscope="" itemtype="http://schema.org/QuantitativeValue">/<span itemprop="unitText">890mL</span></span></td><td>$4.82/kg</td><td style="display: none;">2020-02-26</td><td style="display: none;"></td><td style="display: none;">Hellmann's</td><td style="display: none;"></td><td style="display: none;"></td><td style="display: none;"></td><td style="display: none;"></td><td style="display: none;"></td><td style="display: none;"><a class="recipeLink" href="/recipe_ingredient_search_results.php?query=(_QU5E__1__________44__[]_1_1)">Recipes with mayonnaise</a></td></tr><tr role="row" class="even"><td tabindex="0"><i class="fas fa-hand-rock"></i></td><td class=" not_printable"><div class="addToGL" data-soscuisine-aisle="20" data-soscuisine-sip="3944337"><i class="fa fa-cart-plus" title="Add to My Grocery List"></i><div></div></div></td><td><img class="storeItemImage" alt="mayonnaise" src="/media/images/store_item/blank.jpg"></td><td>mayonnaise</td><td class="not_printable sorting_1">condiments</td><td><img style="width:50%;" src="/media/images/logos/marchands/39.png" alt="Your Independent Grocer"></td><td><span itemprop="price">$3.99</span><span itemprop="eligibleQuantity" itemscope="" itemtype="http://schema.org/QuantitativeValue">/<span itemprop="unitText">890mL</span></span></td><td>$4.82/kg</td><td style="display: none;">2020-02-26</td><td style="display: none;"></td><td style="display: none;">Hellmann's</td><td style="display: none;"></td><td style="display: none;"></td><td style="display: none;"></td><td style="display: none;"></td><td style="display: none;"></td><td style="display: none;"><a class="recipeLink" href="/recipe_ingredient_search_results.php?query=(_QU5E__1__________44__[]_1_1)">Recipes with mayonnaise</a></td></tr><tr role="row" class="odd"><td tabindex="0"><i class="fas fa-exclamation"></i></td><td class=" not_printable"><div class="addToGL" data-soscuisine-aisle="20" data-soscuisine-sip="3945899"><i class="fa fa-cart-plus" title="Add to My Grocery List"></i><div></div></div></td><td><img class="storeItemImage" alt="pesto sauce" src="/media/images/store_item/blank.jpg"></td><td>pesto sauce</td><td class="not_printable sorting_1">condiments</td><td><img style="width:50%;" src="/media/images/logos/marchands/20.png" alt="Metro"></td><td><span itemprop="price">$4.49</span><span itemprop="eligibleQuantity" itemscope="" itemtype="http://schema.org/QuantitativeValue">/<span itemprop="unitText">160g (5,6oz)</span></span></td><td>$2.81/100g</td><td style="display: none;">2020-02-26</td><td style="display: none;"></td><td style="display: none;">Olivieri</td><td style="display: none;"></td><td style="display: none;"></td><td style="display: none;"></td><td style="display: none;"></td><td style="display: none;"></td><td style="display: none;"><a class="recipeLink" href="/recipe_ingredient_search_results.php?query=(_QU5E__1__________322__[]_1_1)">Recipes with pesto sauce</a></td></tr><tr role="row" class="even"><td tabindex="0"><i class="fa fa-thumbs-down"></i></td><td class=" not_printable"><div class="addToGL" data-soscuisine-aisle="20" data-soscuisine-sip="3945965"><i class="fa fa-cart-plus" title="Add to My Grocery List"></i><div></div></div></td><td><img class="storeItemImage" alt="prepared mustard" src="/media/images/store_item/blank.jpg"></td><td>prepared mustard</td><td class="not_printable sorting_1">condiments</td><td><img style="width:50%;" src="/media/images/logos/marchands/20.png" alt="Metro"></td><td><span itemprop="price">$2.99</span><span itemprop="eligibleQuantity" itemscope="" itemtype="http://schema.org/QuantitativeValue">/<span itemprop="unitText">200mL</span></span></td><td>$1.44/100g</td><td style="display: none;">2020-02-26</td><td style="display: none;"></td><td style="display: none;">Maille</td><td style="display: none;"></td><td style="display: none;">Dijon</td><td style="display: none;"></td><td style="display: none;"></td><td style="display: none;"></td><td style="display: none;"><a class="recipeLink" href="/recipe_ingredient_search_results.php?query=(_QU5E__1__________41__[]_1_1)">Recipes with prepared mustard</a></td></tr><tr role="row" class="odd"><td tabindex="0"><i class="fa fa-thumbs-up"></i><i class="fa fa-thumbs-up"></i></td><td class=" not_printable"><div class="addToGL" data-soscuisine-aisle="20" data-soscuisine-sip="3945349"><i class="fa fa-cart-plus" title="Add to My Grocery List"></i><div></div></div></td><td><img class="storeItemImage" alt="prepared mustard" src="/media/images/store_item/blank.jpg"></td><td>prepared mustard</td><td class="not_printable sorting_1">condiments</td><td><img style="width:50%;" src="/media/images/logos/marchands/14.png" alt="No Frills"></td><td><span itemprop="price">$1.00</span><span itemprop="eligibleQuantity" itemscope="" itemtype="http://schema.org/QuantitativeValue">/<span itemprop="unitText">225mL</span></span></td><td>$0.43/100g</td><td style="display: none;">2020-02-26</td><td style="display: none;"></td><td style="display: none;">French's</td><td style="display: none;"></td><td style="display: none;"></td><td style="display: none;"></td><td style="display: none;"></td><td style="display: none;"></td><td style="display: none;"><a class="recipeLink" href="/recipe_ingredient_search_results.php?query=(_QU5E__1__________41__[]_1_1)">Recipes with prepared mustard</a></td></tr><tr role="row" class="even"><td tabindex="0"><i class="fa fa-thumbs-down"></i></td><td class=" not_printable"><div class="addToGL" data-soscuisine-aisle="20" data-soscuisine-sip="3944411"><i class="fa fa-cart-plus" title="Add to My Grocery List"></i><div></div></div></td><td><img class="storeItemImage" alt="salt" src="/media/images/store_item/blank.jpg"></td><td>salt</td><td class="not_printable sorting_1">condiments</td><td><img style="width:50%;" src="/media/images/logos/marchands/70.png" alt="FreshCo"></td><td><span itemprop="price">$1.00</span><span itemprop="eligibleQuantity" itemscope="" itemtype="http://schema.org/QuantitativeValue">/<span itemprop="unitText">1kg</span></span></td><td>$1.00/kg</td><td style="display: none;">2020-02-26</td><td style="display: none;"></td><td style="display: none;"></td><td style="display: none;"></td><td style="display: none;">sea</td><td style="display: none;"></td><td style="display: none;"></td><td style="display: none;"></td><td style="display: none;"><a class="recipeLink" href="/recipe_ingredient_search_results.php?query=(_QU5E__1__________560__[]_1_1)">Recipes with salt</a></td></tr><tr role="row" class="odd"><td tabindex="0"><i class="fa fa-thumbs-down"></i></td><td class=" not_printable"><div class="addToGL" data-soscuisine-aisle="20" data-soscuisine-sip="3945403"><i class="fa fa-cart-plus" title="Add to My Grocery List"></i><div></div></div></td><td><img class="storeItemImage" alt="salt" src="/media/images/store_item/blank.jpg"></td><td>salt</td><td class="not_printable sorting_1">condiments</td><td><img style="width:50%;" src="/media/images/logos/marchands/14.png" alt="No Frills"></td><td><span itemprop="price">$1.00</span><span itemprop="eligibleQuantity" itemscope="" itemtype="http://schema.org/QuantitativeValue">/<span itemprop="unitText">750g</span></span></td><td>$1.33/kg</td><td style="display: none;">2020-02-26</td><td style="display: none;"></td><td style="display: none;">Kalas</td><td style="display: none;"></td><td style="display: none;">sea</td><td style="display: none;"></td><td style="display: none;"></td><td style="display: none;"></td><td style="display: none;"><a class="recipeLink" href="/recipe_ingredient_search_results.php?query=(_QU5E__1__________560__[]_1_1)">Recipes with salt</a></td></tr><tr role="row" class="even"><td tabindex="0"><i class="fa fa-thumbs-down"></i></td><td class=" not_printable"><div class="addToGL" data-soscuisine-aisle="20" data-soscuisine-sip="3944571"><i class="fa fa-cart-plus" title="Add to My Grocery List"></i><div></div></div></td><td><img class="storeItemImage" alt="salt" src="/media/images/store_item/blank.jpg"></td><td>salt</td><td class="not_printable sorting_1">condiments</td><td><img style="width:50%;" src="/media/images/logos/marchands/17.png" alt="Price Chopper"></td><td><span itemprop="price">$1.00</span><span itemprop="eligibleQuantity" itemscope="" itemtype="http://schema.org/QuantitativeValue">/<span itemprop="unitText">1kg</span></span></td><td>$1.00/kg</td><td style="display: none;">2020-02-26</td><td style="display: none;"></td><td style="display: none;"></td><td style="display: none;"></td><td style="display: none;">sea</td><td style="display: none;"></td><td style="display: none;"></td><td style="display: none;"></td><td style="display: none;"><a class="recipeLink" href="/recipe_ingredient_search_results.php?query=(_QU5E__1__________560__[]_1_1)">Recipes with salt</a></td></tr><tr role="row" class="odd"><td tabindex="0"><i class="fa fa-thumbs-up"></i><i class="fa fa-thumbs-up"></i></td><td class=" not_printable"><div class="addToGL" data-soscuisine-aisle="20" data-soscuisine-sip="3944345"><i class="fa fa-cart-plus" title="Add to My Grocery List"></i><div></div></div></td><td><img class="storeItemImage" alt="Tahini paste" src="/media/images/store_item/blank.jpg"></td><td>Tahini paste</td><td class="not_printable sorting_1">condiments</td><td><img style="width:50%;" src="/media/images/logos/marchands/70.png" alt="FreshCo"></td><td><span itemprop="price">$4.99</span><span itemprop="eligibleQuantity" itemscope="" itemtype="http://schema.org/QuantitativeValue">/<span itemprop="unitText">900g</span></span></td><td>$0.55/100g</td><td style="display: none;">2020-02-26</td><td style="display: none;"></td><td style="display: none;"></td><td style="display: none;"></td><td style="display: none;"></td><td style="display: none;"></td><td style="display: none;"></td><td style="display: none;">Kasih</td><td style="display: none;"><a class="recipeLink" href="/recipe_ingredient_search_results.php?query=(_QU5E__1__________335__[]_1_1)">Recipes with Tahini paste</a></td></tr><tr role="row" class="even"><td tabindex="0"><i class="fas fa-hand-rock"></i></td><td class=" not_printable"><div class="addToGL" data-soscuisine-aisle="20" data-soscuisine-sip="3944377"><i class="fa fa-cart-plus" title="Add to My Grocery List"></i><div></div></div></td><td><img class="storeItemImage" alt="tomato paste" src="/media/images/store_item/blank.jpg"></td><td>tomato paste</td><td class="not_printable sorting_1">condiments</td><td><img style="width:50%;" src="/media/images/logos/marchands/70.png" alt="FreshCo"></td><td><span itemprop="price">$2.49</span><span itemprop="eligibleQuantity" itemscope="" itemtype="http://schema.org/QuantitativeValue">/<span itemprop="unitText">700g</span></span></td><td>$0.36/100g</td><td style="display: none;">2020-02-26</td><td style="display: none;"></td><td style="display: none;"></td><td style="display: none;"></td><td style="display: none;"></td><td style="display: none;"></td><td style="display: none;"></td><td style="display: none;">Salem</td><td style="display: none;"><a class="recipeLink" href="/recipe_ingredient_search_results.php?query=(_QU5E__1__________46__[]_1_1)">Recipes with tomato paste</a></td></tr><tr role="row" class="odd"><td tabindex="0"><i class="fa fa-thumbs-up"></i><i class="fa fa-thumbs-up"></i></td><td class=" not_printable"><div class="addToGL" data-soscuisine-aisle="20" data-soscuisine-sip="3945419"><i class="fa fa-cart-plus" title="Add to My Grocery List"></i><div></div></div></td><td><img class="storeItemImage" alt="tomato paste" src="/media/images/store_item/blank.jpg"></td><td>tomato paste</td><td class="not_printable sorting_1">condiments</td><td><img style="width:50%;" src="/media/images/logos/marchands/14.png" alt="No Frills"></td><td><span itemprop="price">$0.50</span><span itemprop="eligibleQuantity" itemscope="" itemtype="http://schema.org/QuantitativeValue">/<span itemprop="unitText">156mL</span></span></td><td>$0.27/100g</td><td style="display: none;">2020-02-26</td><td style="display: none;"></td><td style="display: none;">house brand</td><td style="display: none;"></td><td style="display: none;"></td><td style="display: none;"></td><td style="display: none;"></td><td style="display: none;"></td><td style="display: none;"><a class="recipeLink" href="/recipe_ingredient_search_results.php?query=(_QU5E__1__________46__[]_1_1)">Recipes with tomato paste</a></td></tr><tr role="row" class="even"><td tabindex="0"><i class="fas fa-exclamation"></i></td><td class=" not_printable"><div class="addToGL" data-soscuisine-aisle="20" data-soscuisine-sip="3944857"><i class="fa fa-cart-plus" title="Add to My Grocery List"></i><div></div></div></td><td><img class="storeItemImage" alt="Worcestershire sauce" src="/media/images/store_item/blank.jpg"></td><td>Worcestershire sauce</td><td class="not_printable sorting_1">condiments</td><td><img style="width:50%;" src="/media/images/logos/marchands/52.png" alt="Real Canadian Superstore"></td><td><span itemprop="price">$3.98</span><span itemprop="eligibleQuantity" itemscope="" itemtype="http://schema.org/QuantitativeValue">/<span itemprop="unitText">284mL</span></span></td><td>$1.40/100mL</td><td style="display: none;">2020-02-26</td><td style="display: none;"></td><td style="display: none;">Lea &amp; Perrins</td><td style="display: none;"></td><td style="display: none;"></td><td style="display: none;"></td><td style="display: none;"></td><td style="display: none;"></td><td style="display: none;"><a class="recipeLink" href="/recipe_ingredient_search_results.php?query=(_QU5E__1__________42__[]_1_1)">Recipes with Worcestershire sauce</a></td></tr><tr role="row" class="odd"><td tabindex="0"><i class="fa fa-thumbs-up"></i></td><td class=" not_printable"><div class="addToGL" data-soscuisine-aisle="21" data-soscuisine-sip="3944405"><i class="fa fa-cart-plus" title="Add to My Grocery List"></i><div></div></div></td><td><img class="storeItemImage" alt="almonds, shelled" src="/media/images/store_item/blank.jpg"></td><td>almonds, shelled</td><td class="not_printable sorting_1">nuts &amp; dried fruits</td><td><img style="width:50%;" src="/media/images/logos/marchands/70.png" alt="FreshCo"></td><td><span itemprop="price">$1.54</span><span itemprop="eligibleQuantity" itemscope="" itemtype="http://schema.org/QuantitativeValue">/<span itemprop="unitText">100g</span></span></td><td>$1.54/100g</td><td style="display: none;">2020-02-26</td><td style="display: none;">USA</td><td style="display: none;"></td><td style="display: none;"></td><td style="display: none;"></td><td style="display: none;"></td><td style="display: none;"></td><td style="display: none;">participating stores</td><td style="display: none;"><a class="recipeLink" href="/recipe_ingredient_search_results.php?query=(_QU5E__1__________137__[]_1_1)">Recipes with almonds, shelled</a></td></tr><tr role="row" class="even"><td tabindex="0"><i class="fas fa-hand-rock"></i></td><td class=" not_printable"><div class="addToGL" data-soscuisine-aisle="21" data-soscuisine-sip="3944371"><i class="fa fa-cart-plus" title="Add to My Grocery List"></i><div></div></div></td><td><img class="storeItemImage" alt="almonds, shelled" src="/media/images/store_item/blank.jpg"></td><td>almonds, shelled</td><td class="not_printable sorting_1">nuts &amp; dried fruits</td><td><img style="width:50%;" src="/media/images/logos/marchands/70.png" alt="FreshCo"></td><td><span itemprop="price">$4.99</span><span itemprop="eligibleQuantity" itemscope="" itemtype="http://schema.org/QuantitativeValue">/<span itemprop="unitText">300g</span></span></td><td>$1.66/100g</td><td style="display: none;">2020-02-26</td><td style="display: none;"></td><td style="display: none;">Amira</td><td style="display: none;"></td><td style="display: none;"></td><td style="display: none;"></td><td style="display: none;"></td><td style="display: none;"></td><td style="display: none;"><a class="recipeLink" href="/recipe_ingredient_search_results.php?query=(_QU5E__1__________137__[]_1_1)">Recipes with almonds, shelled</a></td></tr><tr role="row" class="odd"><td tabindex="0"><i class="fa fa-thumbs-down"></i></td><td class=" not_printable"><div class="addToGL" data-soscuisine-aisle="21" data-soscuisine-sip="3945981"><i class="fa fa-cart-plus" title="Add to My Grocery List"></i><div></div></div></td><td><img class="storeItemImage" alt="almonds, shelled" src="/media/images/store_item/blank.jpg"></td><td>almonds, shelled</td><td class="not_printable sorting_1">nuts &amp; dried fruits</td><td><img style="width:50%;" src="/media/images/logos/marchands/20.png" alt="Metro"></td><td><span itemprop="price">$6.49</span><span itemprop="eligibleQuantity" itemscope="" itemtype="http://schema.org/QuantitativeValue">/<span itemprop="unitText">5.3oz (150g)</span></span></td><td>$4.33/100g</td><td style="display: none;">2020-02-26</td><td style="display: none;"></td><td style="display: none;">Prana</td><td style="display: none;"></td><td style="display: none;"></td><td style="display: none;"></td><td style="display: none;"></td><td style="display: none;"></td><td style="display: none;"><a class="recipeLink" href="/recipe_ingredient_search_results.php?query=(_QU5E__1__________137__[]_1_1)">Recipes with almonds, shelled</a></td></tr><tr role="row" class="even"><td tabindex="0"><i class="fa fa-thumbs-up"></i><i class="fa fa-thumbs-up"></i></td><td class=" not_printable"><div class="addToGL" data-soscuisine-aisle="21" data-soscuisine-sip="3944399"><i class="fa fa-cart-plus" title="Add to My Grocery List"></i><div></div></div></td><td><img class="storeItemImage" alt="apricots, dried" src="/media/images/store_item/blank.jpg"></td><td>apricots, dried</td><td class="not_printable sorting_1">nuts &amp; dried fruits</td><td><img style="width:50%;" src="/media/images/logos/marchands/70.png" alt="FreshCo"></td><td><span itemprop="price">$1.25</span><span itemprop="eligibleQuantity" itemscope="" itemtype="http://schema.org/QuantitativeValue">/<span itemprop="unitText">200g</span></span></td><td>$6.25/kg</td><td style="display: none;">2020-02-26</td><td style="display: none;">Turkey</td><td style="display: none;">Sunny Fruit</td><td style="display: none;"></td><td style="display: none;"></td><td style="display: none;"></td><td style="display: none;"></td><td style="display: none;">participating stores</td><td style="display: none;"><a class="recipeLink" href="/recipe_ingredient_search_results.php?query=(_QU5E__1__________409__[]_1_1)">Recipes with apricots, dried</a></td></tr><tr role="row" class="odd"><td tabindex="0"><i class="fas fa-hand-rock"></i></td><td class=" not_printable"><div class="addToGL" data-soscuisine-aisle="21" data-soscuisine-sip="3945913"><i class="fa fa-cart-plus" title="Add to My Grocery List"></i><div></div></div></td><td><img class="storeItemImage" alt="apricots, dried" src="/media/images/store_item/blank.jpg"></td><td>apricots, dried</td><td class="not_printable sorting_1">nuts &amp; dried fruits</td><td><img style="width:50%;" src="/media/images/logos/marchands/20.png" alt="Metro"></td><td><span itemprop="price">$3.99</span><span itemprop="eligibleQuantity" itemscope="" itemtype="http://schema.org/QuantitativeValue">/<span itemprop="unitText">400g</span></span></td><td>$9.98/kg</td><td style="display: none;">2020-02-26</td><td style="display: none;"></td><td style="display: none;">house brand</td><td style="display: none;"></td><td style="display: none;"></td><td style="display: none;"></td><td style="display: none;"></td><td style="display: none;"></td><td style="display: none;"><a class="recipeLink" href="/recipe_ingredient_search_results.php?query=(_QU5E__1__________409__[]_1_1)">Recipes with apricots, dried</a></td></tr><tr role="row" class="even"><td tabindex="0"><i class="fa fa-thumbs-up"></i></td><td class=" not_printable"><div class="addToGL" data-soscuisine-aisle="21" data-soscuisine-sip="3945007"><i class="fa fa-cart-plus" title="Add to My Grocery List"></i><div></div></div></td><td><img class="storeItemImage" alt="cashew nuts" src="/media/images/store_item/blank.jpg"></td><td>cashew nuts</td><td class="not_printable sorting_1">nuts &amp; dried fruits</td><td><img style="width:50%;" src="/media/images/logos/marchands/52.png" alt="Real Canadian Superstore"></td><td><span itemprop="price">$14.98</span><span itemprop="eligibleQuantity" itemscope="" itemtype="http://schema.org/QuantitativeValue">/<span itemprop="unitText">800g</span></span></td><td>$1.87/100g</td><td style="display: none;">2020-02-26</td><td style="display: none;"></td><td style="display: none;">T&amp;T</td><td style="display: none;"></td><td style="display: none;"></td><td style="display: none;"></td><td style="display: none;"></td><td style="display: none;">selected stores only</td><td style="display: none;"><a class="recipeLink" href="/recipe_ingredient_search_results.php?query=(_QU5E__1__________140__[]_1_1)">Recipes with cashew nuts</a></td></tr><tr role="row" class="odd"><td tabindex="0"><i class="fa fa-thumbs-up"></i></td><td class=" not_printable"><div class="addToGL" data-soscuisine-aisle="21" data-soscuisine-sip="3944403"><i class="fa fa-cart-plus" title="Add to My Grocery List"></i><div></div></div></td><td><img class="storeItemImage" alt="dates" src="/media/images/store_item/blank.jpg"></td><td>dates</td><td class="not_printable sorting_1">nuts &amp; dried fruits</td><td><img style="width:50%;" src="/media/images/logos/marchands/70.png" alt="FreshCo"></td><td><span itemprop="price">$5.00</span><span itemprop="eligibleQuantity" itemscope="" itemtype="http://schema.org/QuantitativeValue">/<span itemprop="unitText">1kg</span></span></td><td>$0.50/100g</td><td style="display: none;">2020-02-26</td><td style="display: none;"></td><td style="display: none;"></td><td style="display: none;"></td><td style="display: none;"></td><td style="display: none;"></td><td style="display: none;"></td><td style="display: none;">participating stores</td><td style="display: none;"><a class="recipeLink" href="/recipe_ingredient_search_results.php?query=(_QU5E__1__________81__[]_1_1)">Recipes with dates</a></td></tr><tr role="row" class="even"><td tabindex="0"><i class="fa fa-thumbs-up"></i></td><td class=" not_printable"><div class="addToGL" data-soscuisine-aisle="21" data-soscuisine-sip="3945957"><i class="fa fa-cart-plus" title="Add to My Grocery List"></i><div></div></div></td><td><img class="storeItemImage" alt="dates" src="/media/images/store_item/blank.jpg"></td><td>dates</td><td class="not_printable sorting_1">nuts &amp; dried fruits</td><td><img style="width:50%;" src="/media/images/logos/marchands/20.png" alt="Metro"></td><td><span itemprop="price">$3.99</span><span itemprop="eligibleQuantity" itemscope="" itemtype="http://schema.org/QuantitativeValue">/<span itemprop="unitText">800g</span></span></td><td>$0.50/100g</td><td style="display: none;">2020-02-26</td><td style="display: none;"></td><td style="display: none;">Noor</td><td style="display: none;"></td><td style="display: none;"></td><td style="display: none;"></td><td style="display: none;">pitted</td><td style="display: none;"></td><td style="display: none;"><a class="recipeLink" href="/recipe_ingredient_search_results.php?query=(_QU5E__1__________81__[]_1_1)">Recipes with dates</a></td></tr><tr role="row" class="odd"><td tabindex="0"><i class="fa fa-thumbs-up"></i></td><td class=" not_printable"><div class="addToGL" data-soscuisine-aisle="21" data-soscuisine-sip="3944401"><i class="fa fa-cart-plus" title="Add to My Grocery List"></i><div></div></div></td><td><img class="storeItemImage" alt="dried figs" src="/media/images/store_item/blank.jpg"></td><td>dried figs</td><td class="not_printable sorting_1">nuts &amp; dried fruits</td><td><img style="width:50%;" src="/media/images/logos/marchands/70.png" alt="FreshCo"></td><td><span itemprop="price">$1.50</span><span itemprop="eligibleQuantity" itemscope="" itemtype="http://schema.org/QuantitativeValue">/<span itemprop="unitText">200g</span></span></td><td>$0.75/100g</td><td style="display: none;">2020-02-26</td><td style="display: none;">Turkey</td><td style="display: none;"></td><td style="display: none;"></td><td style="display: none;"></td><td style="display: none;"></td><td style="display: none;"></td><td style="display: none;">participating stores</td><td style="display: none;"><a class="recipeLink" href="/recipe_ingredient_search_results.php?query=(_QU5E__1__________82__[]_1_1)">Recipes with dried figs</a></td></tr><tr role="row" class="even"><td tabindex="0"><i class="fa fa-thumbs-up"></i></td><td class=" not_printable"><div class="addToGL" data-soscuisine-aisle="21" data-soscuisine-sip="3945595"><i class="fa fa-cart-plus" title="Add to My Grocery List"></i><div></div></div></td><td><img class="storeItemImage" alt="pistachios, in shell" src="/media/images/store_item/blank.jpg"></td><td>pistachios, in shell</td><td class="not_printable sorting_1">nuts &amp; dried fruits</td><td><img style="width:50%;" src="/media/images/logos/marchands/18.png" alt="Food Basics"></td><td><span itemprop="price">$3.98</span><span itemprop="eligibleQuantity" itemscope="" itemtype="http://schema.org/QuantitativeValue">/<span itemprop="unitText">225g</span></span></td><td>$1.77/100g</td><td style="display: none;">2020-02-26</td><td style="display: none;">USA</td><td style="display: none;">Wonderful</td><td style="display: none;"></td><td style="display: none;"></td><td style="display: none;"></td><td style="display: none;"></td><td style="display: none;"></td><td style="display: none;"><a class="recipeLink" href="/recipe_ingredient_search_results.php?query=(_QU5E__1__________949__[]_1_1)">Recipes with pistachios, in shell</a></td></tr><tr role="row" class="odd"><td tabindex="0"><i class="fa fa-thumbs-down"></i></td><td class=" not_printable"><div class="addToGL" data-soscuisine-aisle="23" data-soscuisine-sip="3945015"><i class="fa fa-cart-plus" title="Add to My Grocery List"></i><div></div></div></td><td><img class="storeItemImage" alt="chickpeas/garbanzo beans, canned" src="/media/images/store_item/blank.jpg"></td><td>chickpeas/garbanzo beans, canned</td><td class="not_printable sorting_1">canned food</td><td><img style="width:50%;" src="/media/images/logos/marchands/38.png" alt="Farm Boy"></td><td><span itemprop="price">$1.99</span><span itemprop="eligibleQuantity" itemscope="" itemtype="http://schema.org/QuantitativeValue">/<span itemprop="unitText">398mL</span></span></td><td>$5.00/L</td><td style="display: none;">2020-02-26</td><td style="display: none;"></td><td style="display: none;">house brand</td><td style="display: none;"></td><td style="display: none;"></td><td style="display: none;">Organic</td><td style="display: none;"></td><td style="display: none;"></td><td style="display: none;"><a class="recipeLink" href="/recipe_ingredient_search_results.php?query=(_QU5E__1__________376__[]_1_1)">Recipes with chickpeas/garbanzo beans, canned</a></td></tr><tr role="row" class="even"><td tabindex="0"><i class="fa fa-thumbs-up"></i><i class="fa fa-thumbs-up"></i></td><td class=" not_printable"><div class="addToGL" data-soscuisine-aisle="23" data-soscuisine-sip="3944363"><i class="fa fa-cart-plus" title="Add to My Grocery List"></i><div></div></div></td><td><img class="storeItemImage" alt="chickpeas/garbanzo beans, canned" src="/media/images/store_item/blank.jpg"></td><td>chickpeas/garbanzo beans, canned</td><td class="not_printable sorting_1">canned food</td><td><img style="width:50%;" src="/media/images/logos/marchands/70.png" alt="FreshCo"></td><td><span itemprop="price">$0.99</span><span itemprop="eligibleQuantity" itemscope="" itemtype="http://schema.org/QuantitativeValue">/<span itemprop="unitText">796mL</span></span></td><td>$1.24/L</td><td style="display: none;">2020-02-26</td><td style="display: none;"></td><td style="display: none;">Clic</td><td style="display: none;"></td><td style="display: none;"></td><td style="display: none;"></td><td style="display: none;"></td><td style="display: none;"></td><td style="display: none;"><a class="recipeLink" href="/recipe_ingredient_search_results.php?query=(_QU5E__1__________376__[]_1_1)">Recipes with chickpeas/garbanzo beans, canned</a></td></tr><tr role="row" class="odd"><td tabindex="0"><i class="fa fa-thumbs-up"></i><i class="fa fa-thumbs-up"></i></td><td class=" not_printable"><div class="addToGL" data-soscuisine-aisle="23" data-soscuisine-sip="3945923"><i class="fa fa-cart-plus" title="Add to My Grocery List"></i><div></div></div></td><td><img class="storeItemImage" alt="chickpeas/garbanzo beans, canned" src="/media/images/store_item/blank.jpg"></td><td>chickpeas/garbanzo beans, canned</td><td class="not_printable sorting_1">canned food</td><td><img style="width:50%;" src="/media/images/logos/marchands/20.png" alt="Metro"></td><td><span itemprop="price">$0.79</span><span itemprop="eligibleQuantity" itemscope="" itemtype="http://schema.org/QuantitativeValue">/<span itemprop="unitText">540mL</span></span></td><td>$1.46/L</td><td style="display: none;">2020-02-26</td><td style="display: none;"></td><td style="display: none;">Cedar</td><td style="display: none;"></td><td style="display: none;"></td><td style="display: none;"></td><td style="display: none;"></td><td style="display: none;"></td><td style="display: none;"><a class="recipeLink" href="/recipe_ingredient_search_results.php?query=(_QU5E__1__________376__[]_1_1)">Recipes with chickpeas/garbanzo beans, canned</a></td></tr><tr role="row" class="even"><td tabindex="0"><i class="fas fa-hand-rock"></i></td><td class=" not_printable"><div class="addToGL" data-soscuisine-aisle="23" data-soscuisine-sip="3945413"><i class="fa fa-cart-plus" title="Add to My Grocery List"></i><div></div></div></td><td><img class="storeItemImage" alt="chickpeas/garbanzo beans, canned" src="/media/images/store_item/blank.jpg"></td><td>chickpeas/garbanzo beans, canned</td><td class="not_printable sorting_1">canned food</td><td><img style="width:50%;" src="/media/images/logos/marchands/14.png" alt="No Frills"></td><td><span itemprop="price">$1.00</span><span itemprop="eligibleQuantity" itemscope="" itemtype="http://schema.org/QuantitativeValue">/<span itemprop="unitText">540mL</span></span></td><td>$1.85/L</td><td style="display: none;">2020-02-26</td><td style="display: none;"></td><td style="display: none;">Unico</td><td style="display: none;"></td><td style="display: none;"></td><td style="display: none;"></td><td style="display: none;"></td><td style="display: none;"></td><td style="display: none;"><a class="recipeLink" href="/recipe_ingredient_search_results.php?query=(_QU5E__1__________376__[]_1_1)">Recipes with chickpeas/garbanzo beans, canned</a></td></tr><tr role="row" class="odd"><td tabindex="0"><i class="fa fa-thumbs-up"></i><i class="fa fa-thumbs-up"></i></td><td class=" not_printable"><div class="addToGL" data-soscuisine-aisle="23" data-soscuisine-sip="3944995"><i class="fa fa-cart-plus" title="Add to My Grocery List"></i><div></div></div></td><td><img class="storeItemImage" alt="coconut water" src="/media/images/store_item/blank.jpg"></td><td>coconut water</td><td class="not_printable sorting_1">canned food</td><td><img style="width:50%;" src="/media/images/logos/marchands/52.png" alt="Real Canadian Superstore"></td><td><span itemprop="price">$2.78</span><span itemprop="eligibleQuantity" itemscope="" itemtype="http://schema.org/QuantitativeValue">/<span itemprop="unitText">1L</span></span></td><td>$2.78/L</td><td style="display: none;">2020-02-26</td><td style="display: none;"></td><td style="display: none;"></td><td style="display: none;"></td><td style="display: none;"></td><td style="display: none;"></td><td style="display: none;"></td><td style="display: none;">UFC, selected stores only</td><td style="display: none;"><a class="recipeLink" href="/recipe_ingredient_search_results.php?query=(_QU5E__1__________1141__[]_1_1)">Recipes with coconut water</a></td></tr><tr role="row" class="even"><td tabindex="0"><i class="fa fa-thumbs-down"></i></td><td class=" not_printable"><div class="addToGL" data-soscuisine-aisle="23" data-soscuisine-sip="3943647"><i class="fa fa-cart-plus" title="Add to My Grocery List"></i><div></div></div></td><td><img class="storeItemImage" alt="coconut water" src="/media/images/store_item/blank.jpg"></td><td>coconut water</td><td class="not_printable sorting_1">canned food</td><td><img style="width:50%;" src="/media/images/logos/marchands/15.png" alt="Sobeys"></td><td><span itemprop="price">$5.00</span><span itemprop="eligibleQuantity" itemscope="" itemtype="http://schema.org/QuantitativeValue">/<span itemprop="value">2</span>x<span itemprop="unitText">500mL</span></span></td><td>$5.00/L</td><td style="display: none;">2020-02-26</td><td style="display: none;"></td><td style="display: none;">O.N.E.</td><td style="display: none;"></td><td style="display: none;"></td><td style="display: none;"></td><td style="display: none;"></td><td style="display: none;"></td><td style="display: none;"><a class="recipeLink" href="/recipe_ingredient_search_results.php?query=(_QU5E__1__________1141__[]_1_1)">Recipes with coconut water</a></td></tr><tr role="row" class="odd"><td tabindex="0"><i class="fa fa-thumbs-up"></i><i class="fa fa-thumbs-up"></i></td><td class=" not_printable"><div class="addToGL" data-soscuisine-aisle="23" data-soscuisine-sip="3944425"><i class="fa fa-cart-plus" title="Add to My Grocery List"></i><div></div></div></td><td><img class="storeItemImage" alt="corn, canned" src="/media/images/store_item/blank.jpg"></td><td>corn, canned</td><td class="not_printable sorting_1">canned food</td><td><img style="width:50%;" src="/media/images/logos/marchands/70.png" alt="FreshCo"></td><td><span itemprop="price">$1.00</span><span itemprop="eligibleQuantity" itemscope="" itemtype="http://schema.org/QuantitativeValue">/<span itemprop="unitText">341mL</span></span></td><td>$0.33/100g</td><td style="display: none;">2020-02-26</td><td style="display: none;"></td><td style="display: none;">Del Monte</td><td style="display: none;"></td><td style="display: none;"></td><td style="display: none;"></td><td style="display: none;"></td><td style="display: none;"></td><td style="display: none;"><a class="recipeLink" href="/recipe_ingredient_search_results.php?query=(_QU5E__1__________420__[]_1_1)">Recipes with corn, canned</a></td></tr><tr role="row" class="even"><td tabindex="0"><i class="fa fa-thumbs-up"></i><i class="fa fa-thumbs-up"></i></td><td class=" not_printable"><div class="addToGL" data-soscuisine-aisle="23" data-soscuisine-sip="3945347"><i class="fa fa-cart-plus" title="Add to My Grocery List"></i><div></div></div></td><td><img class="storeItemImage" alt="corn, canned" src="/media/images/store_item/blank.jpg"></td><td>corn, canned</td><td class="not_printable sorting_1">canned food</td><td><img style="width:50%;" src="/media/images/logos/marchands/14.png" alt="No Frills"></td><td><span itemprop="price">$1.00</span><span itemprop="eligibleQuantity" itemscope="" itemtype="http://schema.org/QuantitativeValue">/<span itemprop="unitText">341mL</span></span></td><td>$0.33/100g</td><td style="display: none;">2020-02-26</td><td style="display: none;"></td><td style="display: none;">Green Giant</td><td style="display: none;"></td><td style="display: none;"></td><td style="display: none;"></td><td style="display: none;"></td><td style="display: none;"></td><td style="display: none;"><a class="recipeLink" href="/recipe_ingredient_search_results.php?query=(_QU5E__1__________420__[]_1_1)">Recipes with corn, canned</a></td></tr><tr role="row" class="odd"><td tabindex="0"><i class="fa fa-thumbs-up"></i><i class="fa fa-thumbs-up"></i></td><td class=" not_printable"><div class="addToGL" data-soscuisine-aisle="23" data-soscuisine-sip="3944583"><i class="fa fa-cart-plus" title="Add to My Grocery List"></i><div></div></div></td><td><img class="storeItemImage" alt="corn, canned" src="/media/images/store_item/blank.jpg"></td><td>corn, canned</td><td class="not_printable sorting_1">canned food</td><td><img style="width:50%;" src="/media/images/logos/marchands/17.png" alt="Price Chopper"></td><td><span itemprop="price">$1.00</span><span itemprop="eligibleQuantity" itemscope="" itemtype="http://schema.org/QuantitativeValue">/<span itemprop="unitText">341mL</span></span></td><td>$0.33/100g</td><td style="display: none;">2020-02-26</td><td style="display: none;"></td><td style="display: none;">Del Monte</td><td style="display: none;"></td><td style="display: none;"></td><td style="display: none;"></td><td style="display: none;"></td><td style="display: none;"></td><td style="display: none;"><a class="recipeLink" href="/recipe_ingredient_search_results.php?query=(_QU5E__1__________420__[]_1_1)">Recipes with corn, canned</a></td></tr><tr role="row" class="even"><td tabindex="0"><i class="fas fa-hand-rock"></i></td><td class=" not_printable"><div class="addToGL" data-soscuisine-aisle="23" data-soscuisine-sip="3943665"><i class="fa fa-cart-plus" title="Add to My Grocery List"></i><div></div></div></td><td><img class="storeItemImage" alt="corn, canned" src="/media/images/store_item/blank.jpg"></td><td>corn, canned</td><td class="not_printable sorting_1">canned food</td><td><img style="width:50%;" src="/media/images/logos/marchands/15.png" alt="Sobeys"></td><td><span itemprop="price">$3.99</span><span itemprop="eligibleQuantity" itemscope="" itemtype="http://schema.org/QuantitativeValue">/<span itemprop="value">3</span>x<span itemprop="unitText">398mL</span></span></td><td>$0.38/100g</td><td style="display: none;">2020-02-26</td><td style="display: none;"></td><td style="display: none;">Green Giant</td><td style="display: none;"></td><td style="display: none;"></td><td style="display: none;"></td><td style="display: none;"></td><td style="display: none;"></td><td style="display: none;"><a class="recipeLink" href="/recipe_ingredient_search_results.php?query=(_QU5E__1__________420__[]_1_1)">Recipes with corn, canned</a></td></tr><tr role="row" class="odd"><td tabindex="0"><i class="fa fa-thumbs-up"></i></td><td class=" not_printable"><div class="addToGL" data-soscuisine-aisle="23" data-soscuisine-sip="3945415"><i class="fa fa-cart-plus" title="Add to My Grocery List"></i><div></div></div></td><td><img class="storeItemImage" alt="legumes, canned" src="/media/images/store_item/blank.jpg"></td><td>legumes, canned</td><td class="not_printable sorting_1">canned food</td><td><img style="width:50%;" src="/media/images/logos/marchands/14.png" alt="No Frills"></td><td><span itemprop="price">$1.00</span><span itemprop="eligibleQuantity" itemscope="" itemtype="http://schema.org/QuantitativeValue">/<span itemprop="unitText">540mL</span></span></td><td>$1.85/L</td><td style="display: none;">2020-02-26</td><td style="display: none;"></td><td style="display: none;">Unico</td><td style="display: none;"></td><td style="display: none;">beans</td><td style="display: none;"></td><td style="display: none;"></td><td style="display: none;"></td><td style="display: none;"><a class="recipeLink" href="/recipe_ingredient_search_results.php?query=(_QU5E__1__________593__[]_1_1)">Recipes with legumes, canned</a></td></tr><tr role="row" class="even"><td tabindex="0"><i class="fa fa-thumbs-up"></i></td><td class=" not_printable"><div class="addToGL" data-soscuisine-aisle="23" data-soscuisine-sip="3943243"><i class="fa fa-cart-plus" title="Add to My Grocery List"></i><div></div></div></td><td><img class="storeItemImage" alt="peaches, canned" src="/media/images/store_item/blank.jpg"></td><td>peaches, canned</td><td class="not_printable sorting_1">canned food</td><td><img style="width:50%;" src="/media/images/logos/marchands/16.png" alt="Foodland"></td><td><span itemprop="price">$5.00</span><span itemprop="eligibleQuantity" itemscope="" itemtype="http://schema.org/QuantitativeValue">/<span itemprop="value">4</span>x<span itemprop="unitText">398mL</span></span></td><td>$0.30/100g</td><td style="display: none;">2020-02-26</td><td style="display: none;"></td><td style="display: none;">house brand</td><td style="display: none;"></td><td style="display: none;"></td><td style="display: none;"></td><td style="display: none;"></td><td style="display: none;"></td><td style="display: none;"><a class="recipeLink" href="/recipe_ingredient_search_results.php?query=(_QU5E__1__________538__[]_1_1)">Recipes with peaches, canned</a></td></tr><tr role="row" class="odd"><td tabindex="0"><i class="fas fa-hand-rock"></i></td><td class=" not_printable"><div class="addToGL" data-soscuisine-aisle="23" data-soscuisine-sip="3941829"><i class="fa fa-cart-plus" title="Add to My Grocery List"></i><div></div></div></td><td><img class="storeItemImage" alt="peaches, canned" src="/media/images/store_item/blank.jpg"></td><td>peaches, canned</td><td class="not_printable sorting_1">canned food</td><td><img style="width:50%;" src="/media/images/logos/marchands/19.png" alt="Loblaws"></td><td><span itemprop="price">$6.00</span><span itemprop="eligibleQuantity" itemscope="" itemtype="http://schema.org/QuantitativeValue">/<span itemprop="value">2</span>x<span itemprop="unitText">796mL</span></span></td><td>$0.36/100g</td><td style="display: none;">2020-02-26</td><td style="display: none;"></td><td style="display: none;">Del Monte</td><td style="display: none;"></td><td style="display: none;"></td><td style="display: none;"></td><td style="display: none;"></td><td style="display: none;"></td><td style="display: none;"><a class="recipeLink" href="/recipe_ingredient_search_results.php?query=(_QU5E__1__________538__[]_1_1)">Recipes with peaches, canned</a></td></tr><tr role="row" class="even"><td tabindex="0"><i class="fas fa-hand-rock"></i></td><td class=" not_printable"><div class="addToGL" data-soscuisine-aisle="23" data-soscuisine-sip="3941827"><i class="fa fa-cart-plus" title="Add to My Grocery List"></i><div></div></div></td><td><img class="storeItemImage" alt="peaches, canned" src="/media/images/store_item/blank.jpg"></td><td>peaches, canned</td><td class="not_printable sorting_1">canned food</td><td><img style="width:50%;" src="/media/images/logos/marchands/19.png" alt="Loblaws"></td><td><span itemprop="price">$3.49</span><span itemprop="eligibleQuantity" itemscope="" itemtype="http://schema.org/QuantitativeValue">/<span itemprop="unitText">796mL</span></span></td><td>$0.41/100g</td><td style="display: none;">2020-02-26</td><td style="display: none;"></td><td style="display: none;">Del Monte</td><td style="display: none;"></td><td style="display: none;"></td><td style="display: none;"></td><td style="display: none;"></td><td style="display: none;"></td><td style="display: none;"><a class="recipeLink" href="/recipe_ingredient_search_results.php?query=(_QU5E__1__________538__[]_1_1)">Recipes with peaches, canned</a></td></tr><tr role="row" class="odd"><td tabindex="0"><i class="fa fa-thumbs-up"></i><i class="fa fa-thumbs-up"></i></td><td class=" not_printable"><div class="addToGL" data-soscuisine-aisle="23" data-soscuisine-sip="3945353"><i class="fa fa-cart-plus" title="Add to My Grocery List"></i><div></div></div></td><td><img class="storeItemImage" alt="peaches, canned" src="/media/images/store_item/blank.jpg"></td><td>peaches, canned</td><td class="not_printable sorting_1">canned food</td><td><img style="width:50%;" src="/media/images/logos/marchands/14.png" alt="No Frills"></td><td><span itemprop="price">$1.00</span><span itemprop="eligibleQuantity" itemscope="" itemtype="http://schema.org/QuantitativeValue">/<span itemprop="unitText">398mL</span></span></td><td>$0.24/100g</td><td style="display: none;">2020-02-26</td><td style="display: none;"></td><td style="display: none;">house brand</td><td style="display: none;"></td><td style="display: none;"></td><td style="display: none;"></td><td style="display: none;"></td><td style="display: none;"></td><td style="display: none;"><a class="recipeLink" href="/recipe_ingredient_search_results.php?query=(_QU5E__1__________538__[]_1_1)">Recipes with peaches, canned</a></td></tr><tr role="row" class="even"><td tabindex="0"><i class="fas fa-hand-rock"></i></td><td class=" not_printable"><div class="addToGL" data-soscuisine-aisle="23" data-soscuisine-sip="3943599"><i class="fa fa-cart-plus" title="Add to My Grocery List"></i><div></div></div></td><td><img class="storeItemImage" alt="peaches, canned" src="/media/images/store_item/blank.jpg"></td><td>peaches, canned</td><td class="not_printable sorting_1">canned food</td><td><img style="width:50%;" src="/media/images/logos/marchands/39.png" alt="Your Independent Grocer"></td><td><span itemprop="price">$6.00</span><span itemprop="eligibleQuantity" itemscope="" itemtype="http://schema.org/QuantitativeValue">/<span itemprop="value">2</span>x<span itemprop="unitText">796mL</span></span></td><td>$0.36/100g</td><td style="display: none;">2020-02-26</td><td style="display: none;"></td><td style="display: none;">Del Monte</td><td style="display: none;"></td><td style="display: none;"></td><td style="display: none;"></td><td style="display: none;"></td><td style="display: none;"></td><td style="display: none;"><a class="recipeLink" href="/recipe_ingredient_search_results.php?query=(_QU5E__1__________538__[]_1_1)">Recipes with peaches, canned</a></td></tr><tr role="row" class="odd"><td tabindex="0"><i class="fas fa-hand-rock"></i></td><td class=" not_printable"><div class="addToGL" data-soscuisine-aisle="23" data-soscuisine-sip="3943595"><i class="fa fa-cart-plus" title="Add to My Grocery List"></i><div></div></div></td><td><img class="storeItemImage" alt="peaches, canned" src="/media/images/store_item/blank.jpg"></td><td>peaches, canned</td><td class="not_printable sorting_1">canned food</td><td><img style="width:50%;" src="/media/images/logos/marchands/39.png" alt="Your Independent Grocer"></td><td><span itemprop="price">$3.49</span><span itemprop="eligibleQuantity" itemscope="" itemtype="http://schema.org/QuantitativeValue">/<span itemprop="unitText">796mL</span></span></td><td>$0.41/100g</td><td style="display: none;">2020-02-26</td><td style="display: none;"></td><td style="display: none;">Del Monte</td><td style="display: none;"></td><td style="display: none;"></td><td style="display: none;"></td><td style="display: none;"></td><td style="display: none;"></td><td style="display: none;"><a class="recipeLink" href="/recipe_ingredient_search_results.php?query=(_QU5E__1__________538__[]_1_1)">Recipes with peaches, canned</a></td></tr><tr role="row" class="even"><td tabindex="0"><i class="fa fa-thumbs-down"></i></td><td class=" not_printable"><div class="addToGL" data-soscuisine-aisle="23" data-soscuisine-sip="3943199"><i class="fa fa-cart-plus" title="Add to My Grocery List"></i><div></div></div></td><td><img class="storeItemImage" alt="pineapple, canned" src="/media/images/store_item/blank.jpg"></td><td>pineapple, canned</td><td class="not_printable sorting_1">canned food</td><td><img style="width:50%;" src="/media/images/logos/marchands/16.png" alt="Foodland"></td><td><span itemprop="price">$3.00</span><span itemprop="eligibleQuantity" itemscope="" itemtype="http://schema.org/QuantitativeValue">/<span itemprop="value">2</span>x<span itemprop="unitText">398mL</span></span></td><td>$0.32/100g</td><td style="display: none;">2020-02-26</td><td style="display: none;"></td><td style="display: none;">house brand</td><td style="display: none;"></td><td style="display: none;"></td><td style="display: none;"></td><td style="display: none;"></td><td style="display: none;"></td><td style="display: none;"><a class="recipeLink" href="/recipe_ingredient_search_results.php?query=(_QU5E__1__________459__[]_1_1)">Recipes with pineapple, canned</a></td></tr><tr role="row" class="odd"><td tabindex="0"><i class="fa fa-thumbs-down"></i></td><td class=" not_printable"><div class="addToGL" data-soscuisine-aisle="23" data-soscuisine-sip="3945019"><i class="fa fa-cart-plus" title="Add to My Grocery List"></i><div></div></div></td><td><img class="storeItemImage" alt="red beans (canned)" src="/media/images/store_item/blank.jpg"></td><td>red beans (canned)</td><td class="not_printable sorting_1">canned food</td><td><img style="width:50%;" src="/media/images/logos/marchands/38.png" alt="Farm Boy"></td><td><span itemprop="price">$1.99</span><span itemprop="eligibleQuantity" itemscope="" itemtype="http://schema.org/QuantitativeValue">/<span itemprop="unitText">398mL</span></span></td><td>$5.00/L</td><td style="display: none;">2020-02-26</td><td style="display: none;"></td><td style="display: none;">house brand</td><td style="display: none;"></td><td style="display: none;"></td><td style="display: none;">Organic</td><td style="display: none;"></td><td style="display: none;"></td><td style="display: none;"><a class="recipeLink" href="/recipe_ingredient_search_results.php?query=(_QU5E__1__________432__[]_1_1)">Recipes with red beans (canned)</a></td></tr><tr role="row" class="even"><td tabindex="0"><i class="fa fa-thumbs-up"></i><i class="fa fa-thumbs-up"></i></td><td class=" not_printable"><div class="addToGL" data-soscuisine-aisle="23" data-soscuisine-sip="3944367"><i class="fa fa-cart-plus" title="Add to My Grocery List"></i><div></div></div></td><td><img class="storeItemImage" alt="red beans (canned)" src="/media/images/store_item/blank.jpg"></td><td>red beans (canned)</td><td class="not_printable sorting_1">canned food</td><td><img style="width:50%;" src="/media/images/logos/marchands/70.png" alt="FreshCo"></td><td><span itemprop="price">$0.99</span><span itemprop="eligibleQuantity" itemscope="" itemtype="http://schema.org/QuantitativeValue">/<span itemprop="unitText">796mL</span></span></td><td>$1.24/L</td><td style="display: none;">2020-02-26</td><td style="display: none;"></td><td style="display: none;">Clic</td><td style="display: none;"></td><td style="display: none;"></td><td style="display: none;"></td><td style="display: none;"></td><td style="display: none;"></td><td style="display: none;"><a class="recipeLink" href="/recipe_ingredient_search_results.php?query=(_QU5E__1__________432__[]_1_1)">Recipes with red beans (canned)</a></td></tr><tr role="row" class="odd"><td tabindex="0"><i class="fa fa-thumbs-up"></i><i class="fa fa-thumbs-up"></i></td><td class=" not_printable"><div class="addToGL" data-soscuisine-aisle="23" data-soscuisine-sip="3945925"><i class="fa fa-cart-plus" title="Add to My Grocery List"></i><div></div></div></td><td><img class="storeItemImage" alt="red beans (canned)" src="/media/images/store_item/blank.jpg"></td><td>red beans (canned)</td><td class="not_printable sorting_1">canned food</td><td><img style="width:50%;" src="/media/images/logos/marchands/20.png" alt="Metro"></td><td><span itemprop="price">$0.79</span><span itemprop="eligibleQuantity" itemscope="" itemtype="http://schema.org/QuantitativeValue">/<span itemprop="unitText">540mL</span></span></td><td>$1.46/L</td><td style="display: none;">2020-02-26</td><td style="display: none;"></td><td style="display: none;">Cedar</td><td style="display: none;"></td><td style="display: none;"></td><td style="display: none;"></td><td style="display: none;"></td><td style="display: none;"></td><td style="display: none;"><a class="recipeLink" href="/recipe_ingredient_search_results.php?query=(_QU5E__1__________432__[]_1_1)">Recipes with red beans (canned)</a></td></tr><tr role="row" class="even"><td tabindex="0"><i class="fa fa-thumbs-up"></i><i class="fa fa-thumbs-up"></i></td><td class=" not_printable"><div class="addToGL" data-soscuisine-aisle="23" data-soscuisine-sip="3941987"><i class="fa fa-cart-plus" title="Add to My Grocery List"></i><div></div></div></td><td><img class="storeItemImage" alt="salmon, canned" src="/media/images/store_item/blank.jpg"></td><td>salmon, canned</td><td class="not_printable sorting_1">canned food</td><td><img style="width:50%;" src="/media/images/logos/marchands/16.png" alt="Foodland"></td><td><span itemprop="price">$2.99</span><span itemprop="eligibleQuantity" itemscope="" itemtype="http://schema.org/QuantitativeValue">/<span itemprop="unitText">7.5oz (213g)</span></span></td><td>$1.41/100g</td><td style="display: none;">2020-02-26</td><td style="display: none;"></td><td style="display: none;">Clover leaf</td><td style="display: none;"></td><td style="display: none;">Sockeye</td><td style="display: none;"></td><td style="display: none;"></td><td style="display: none;"></td><td style="display: none;"><a class="recipeLink" href="/recipe_ingredient_search_results.php?query=(_QU5E__1__________403__[]_1_1)">Recipes with salmon, canned</a></td></tr><tr role="row" class="odd"><td tabindex="0"><i class="fas fa-hand-rock"></i></td><td class=" not_printable"><div class="addToGL" data-soscuisine-aisle="23" data-soscuisine-sip="3941947"><i class="fa fa-cart-plus" title="Add to My Grocery List"></i><div></div></div></td><td><img class="storeItemImage" alt="salmon, canned" src="/media/images/store_item/blank.jpg"></td><td>salmon, canned</td><td class="not_printable sorting_1">canned food</td><td><img style="width:50%;" src="/media/images/logos/marchands/19.png" alt="Loblaws"></td><td><span itemprop="price">$3.99</span><span itemprop="eligibleQuantity" itemscope="" itemtype="http://schema.org/QuantitativeValue">/<span itemprop="unitText">7.5oz (213g)</span></span></td><td>$1.88/100g</td><td style="display: none;">2020-02-26</td><td style="display: none;"></td><td style="display: none;">Clover leaf</td><td style="display: none;"></td><td style="display: none;">Sockeye</td><td style="display: none;"></td><td style="display: none;"></td><td style="display: none;"></td><td style="display: none;"><a class="recipeLink" href="/recipe_ingredient_search_results.php?query=(_QU5E__1__________403__[]_1_1)">Recipes with salmon, canned</a></td></tr><tr role="row" class="even"><td tabindex="0"><i class="fas fa-hand-rock"></i></td><td class=" not_printable"><div class="addToGL" data-soscuisine-aisle="23" data-soscuisine-sip="3943787"><i class="fa fa-cart-plus" title="Add to My Grocery List"></i><div></div></div></td><td><img class="storeItemImage" alt="salmon, canned" src="/media/images/store_item/blank.jpg"></td><td>salmon, canned</td><td class="not_printable sorting_1">canned food</td><td><img style="width:50%;" src="/media/images/logos/marchands/15.png" alt="Sobeys"></td><td><span itemprop="price">$2.79</span><span itemprop="eligibleQuantity" itemscope="" itemtype="http://schema.org/QuantitativeValue">/<span itemprop="unitText">5oz (142g)</span></span></td><td>$1.96/100g</td><td style="display: none;">2020-02-26</td><td style="display: none;"></td><td style="display: none;">Clover leaf</td><td style="display: none;"></td><td style="display: none;"></td><td style="display: none;"></td><td style="display: none;"></td><td style="display: none;"></td><td style="display: none;"><a class="recipeLink" href="/recipe_ingredient_search_results.php?query=(_QU5E__1__________403__[]_1_1)">Recipes with salmon, canned</a></td></tr><tr role="row" class="odd"><td tabindex="0"><i class="fas fa-hand-rock"></i></td><td class=" not_printable"><div class="addToGL" data-soscuisine-aisle="23" data-soscuisine-sip="3944335"><i class="fa fa-cart-plus" title="Add to My Grocery List"></i><div></div></div></td><td><img class="storeItemImage" alt="salmon, canned" src="/media/images/store_item/blank.jpg"></td><td>salmon, canned</td><td class="not_printable sorting_1">canned food</td><td><img style="width:50%;" src="/media/images/logos/marchands/39.png" alt="Your Independent Grocer"></td><td><span itemprop="price">$3.99</span><span itemprop="eligibleQuantity" itemscope="" itemtype="http://schema.org/QuantitativeValue">/<span itemprop="unitText">7.5oz (213g)</span></span></td><td>$1.88/100g</td><td style="display: none;">2020-02-26</td><td style="display: none;"></td><td style="display: none;">Clover leaf</td><td style="display: none;"></td><td style="display: none;">Sockeye</td><td style="display: none;"></td><td style="display: none;"></td><td style="display: none;"></td><td style="display: none;"><a class="recipeLink" href="/recipe_ingredient_search_results.php?query=(_QU5E__1__________403__[]_1_1)">Recipes with salmon, canned</a></td></tr><tr role="row" class="even"><td tabindex="0"><i class="fa fa-thumbs-up"></i></td><td class=" not_printable"><div class="addToGL" data-soscuisine-aisle="23" data-soscuisine-sip="3945325"><i class="fa fa-cart-plus" title="Add to My Grocery List"></i><div></div></div></td><td><img class="storeItemImage" alt="sardines, tinned" src="/media/images/store_item/blank.jpg"></td><td>sardines, tinned</td><td class="not_printable sorting_1">canned food</td><td><img style="width:50%;" src="/media/images/logos/marchands/14.png" alt="No Frills"></td><td><span itemprop="price">$1.00</span><span itemprop="eligibleQuantity" itemscope="" itemtype="http://schema.org/QuantitativeValue">/<span itemprop="unitText">106g</span></span></td><td>$0.94/100g</td><td style="display: none;">2020-02-26</td><td style="display: none;"></td><td style="display: none;">Brunswick</td><td style="display: none;"></td><td style="display: none;"></td><td style="display: none;"></td><td style="display: none;"></td><td style="display: none;"></td><td style="display: none;"><a class="recipeLink" href="/recipe_ingredient_search_results.php?query=(_QU5E__1__________181__[]_1_1)">Recipes with sardines, tinned</a></td></tr><tr role="row" class="odd"><td tabindex="0"><i class="fa fa-thumbs-up"></i></td><td class=" not_printable"><div class="addToGL" data-soscuisine-aisle="23" data-soscuisine-sip="3941331"><i class="fa fa-cart-plus" title="Add to My Grocery List"></i><div></div></div></td><td><img class="storeItemImage" alt="sardines, tinned" src="/media/images/store_item/blank.jpg"></td><td>sardines, tinned</td><td class="not_printable sorting_1">canned food</td><td><img style="width:50%;" src="/media/images/logos/marchands/74.png" alt="Walmart"></td><td><span itemprop="price">$0.97</span><span itemprop="eligibleQuantity" itemscope="" itemtype="http://schema.org/QuantitativeValue">/<span itemprop="unitText">106g</span></span></td><td>$0.92/100g</td><td style="display: none;">2020-02-26</td><td style="display: none;"></td><td style="display: none;">Brunswick</td><td style="display: none;"></td><td style="display: none;"></td><td style="display: none;"></td><td style="display: none;"></td><td style="display: none;"></td><td style="display: none;"><a class="recipeLink" href="/recipe_ingredient_search_results.php?query=(_QU5E__1__________181__[]_1_1)">Recipes with sardines, tinned</a></td></tr><tr role="row" class="even"><td tabindex="0"><i class="fa fa-thumbs-up"></i></td><td class=" not_printable"><div class="addToGL" data-soscuisine-aisle="23" data-soscuisine-sip="3944415"><i class="fa fa-cart-plus" title="Add to My Grocery List"></i><div></div></div></td><td><img class="storeItemImage" alt="tomato juice" src="/media/images/store_item/blank.jpg"></td><td>tomato juice</td><td class="not_printable sorting_1">canned food</td><td><img style="width:50%;" src="/media/images/logos/marchands/70.png" alt="FreshCo"></td><td><span itemprop="price">$1.50</span><span itemprop="eligibleQuantity" itemscope="" itemtype="http://schema.org/QuantitativeValue">/<span itemprop="unitText">1,36L</span></span></td><td>$1.10/L</td><td style="display: none;">2020-02-26</td><td style="display: none;"></td><td style="display: none;">house brand</td><td style="display: none;"></td><td style="display: none;"></td><td style="display: none;"></td><td style="display: none;"></td><td style="display: none;"></td><td style="display: none;"><a class="recipeLink" href="/recipe_ingredient_search_results.php?query=(_QU5E__1__________586__[]_1_1)">Recipes with tomato juice</a></td></tr><tr role="row" class="odd"><td tabindex="0"><i class="fa fa-thumbs-up"></i></td><td class=" not_printable"><div class="addToGL" data-soscuisine-aisle="23" data-soscuisine-sip="3944575"><i class="fa fa-cart-plus" title="Add to My Grocery List"></i><div></div></div></td><td><img class="storeItemImage" alt="tomato juice" src="/media/images/store_item/blank.jpg"></td><td>tomato juice</td><td class="not_printable sorting_1">canned food</td><td><img style="width:50%;" src="/media/images/logos/marchands/17.png" alt="Price Chopper"></td><td><span itemprop="price">$1.50</span><span itemprop="eligibleQuantity" itemscope="" itemtype="http://schema.org/QuantitativeValue">/<span itemprop="unitText">1,36L</span></span></td><td>$1.10/L</td><td style="display: none;">2020-02-26</td><td style="display: none;"></td><td style="display: none;">house brand</td><td style="display: none;"></td><td style="display: none;"></td><td style="display: none;"></td><td style="display: none;"></td><td style="display: none;"></td><td style="display: none;"><a class="recipeLink" href="/recipe_ingredient_search_results.php?query=(_QU5E__1__________586__[]_1_1)">Recipes with tomato juice</a></td></tr><tr role="row" class="even"><td tabindex="0"><i class="fas fa-hand-rock"></i></td><td class=" not_printable"><div class="addToGL" data-soscuisine-aisle="23" data-soscuisine-sip="3945539"><i class="fa fa-cart-plus" title="Add to My Grocery List"></i><div></div></div></td><td><img class="storeItemImage" alt="tomatoes, canned" src="/media/images/store_item/blank.jpg"></td><td>tomatoes, canned</td><td class="not_printable sorting_1">canned food</td><td><img style="width:50%;" src="/media/images/logos/marchands/18.png" alt="Food Basics"></td><td><span itemprop="price">$5.00</span><span itemprop="eligibleQuantity" itemscope="" itemtype="http://schema.org/QuantitativeValue">/<span itemprop="value">4</span>x<span itemprop="unitText">796mL</span></span></td><td>$1.57/L</td><td style="display: none;">2020-02-26</td><td style="display: none;"></td><td style="display: none;">Aylmer</td><td style="display: none;"></td><td style="display: none;"></td><td style="display: none;"></td><td style="display: none;"></td><td style="display: none;"></td><td style="display: none;"><a class="recipeLink" href="/recipe_ingredient_search_results.php?query=(_QU5E__1__________294__[]_1_1)">Recipes with tomatoes, canned</a></td></tr><tr role="row" class="odd"><td tabindex="0"><i class="fas fa-hand-rock"></i></td><td class=" not_printable"><div class="addToGL" data-soscuisine-aisle="23" data-soscuisine-sip="3945741"><i class="fa fa-cart-plus" title="Add to My Grocery List"></i><div></div></div></td><td><img class="storeItemImage" alt="tomatoes, canned" src="/media/images/store_item/blank.jpg"></td><td>tomatoes, canned</td><td class="not_printable sorting_1">canned food</td><td><img style="width:50%;" src="/media/images/logos/marchands/20.png" alt="Metro"></td><td><span itemprop="price">$5.00</span><span itemprop="eligibleQuantity" itemscope="" itemtype="http://schema.org/QuantitativeValue">/<span itemprop="value">4</span>x<span itemprop="unitText">796mL</span></span></td><td>$1.57/L</td><td style="display: none;">2020-02-26</td><td style="display: none;"></td><td style="display: none;">Aylmer</td><td style="display: none;"></td><td style="display: none;"></td><td style="display: none;"></td><td style="display: none;"></td><td style="display: none;"></td><td style="display: none;"><a class="recipeLink" href="/recipe_ingredient_search_results.php?query=(_QU5E__1__________294__[]_1_1)">Recipes with tomatoes, canned</a></td></tr><tr role="row" class="even"><td tabindex="0"><i class="fa fa-thumbs-down"></i></td><td class=" not_printable"><div class="addToGL" data-soscuisine-aisle="23" data-soscuisine-sip="3945743"><i class="fa fa-cart-plus" title="Add to My Grocery List"></i><div></div></div></td><td><img class="storeItemImage" alt="tomatoes, canned" src="/media/images/store_item/blank.jpg"></td><td>tomatoes, canned</td><td class="not_printable sorting_1">canned food</td><td><img style="width:50%;" src="/media/images/logos/marchands/20.png" alt="Metro"></td><td><span itemprop="price">$1.99</span><span itemprop="eligibleQuantity" itemscope="" itemtype="http://schema.org/QuantitativeValue">/<span itemprop="unitText">796mL</span></span></td><td>$2.50/L</td><td style="display: none;">2020-02-26</td><td style="display: none;"></td><td style="display: none;">Aylmer</td><td style="display: none;"></td><td style="display: none;"></td><td style="display: none;"></td><td style="display: none;"></td><td style="display: none;"></td><td style="display: none;"><a class="recipeLink" href="/recipe_ingredient_search_results.php?query=(_QU5E__1__________294__[]_1_1)">Recipes with tomatoes, canned</a></td></tr><tr role="row" class="odd"><td tabindex="0"><i class="fa fa-thumbs-up"></i></td><td class=" not_printable"><div class="addToGL" data-soscuisine-aisle="23" data-soscuisine-sip="3945417"><i class="fa fa-cart-plus" title="Add to My Grocery List"></i><div></div></div></td><td><img class="storeItemImage" alt="tomatoes, canned" src="/media/images/store_item/blank.jpg"></td><td>tomatoes, canned</td><td class="not_printable sorting_1">canned food</td><td><img style="width:50%;" src="/media/images/logos/marchands/14.png" alt="No Frills"></td><td><span itemprop="price">$1.00</span><span itemprop="eligibleQuantity" itemscope="" itemtype="http://schema.org/QuantitativeValue">/<span itemprop="unitText">796mL</span></span></td><td>$1.26/L</td><td style="display: none;">2020-02-26</td><td style="display: none;"></td><td style="display: none;">Unico</td><td style="display: none;"></td><td style="display: none;"></td><td style="display: none;"></td><td style="display: none;"></td><td style="display: none;"></td><td style="display: none;"><a class="recipeLink" href="/recipe_ingredient_search_results.php?query=(_QU5E__1__________294__[]_1_1)">Recipes with tomatoes, canned</a></td></tr><tr role="row" class="even"><td tabindex="0"><i class="fa fa-thumbs-down"></i></td><td class=" not_printable"><div class="addToGL" data-soscuisine-aisle="23" data-soscuisine-sip="3945025"><i class="fa fa-cart-plus" title="Add to My Grocery List"></i><div></div></div></td><td><img class="storeItemImage" alt="tomatoes, strained" src="/media/images/store_item/blank.jpg"></td><td>tomatoes, strained</td><td class="not_printable sorting_1">canned food</td><td><img style="width:50%;" src="/media/images/logos/marchands/38.png" alt="Farm Boy"></td><td><span itemprop="price">$5.00</span><span itemprop="eligibleQuantity" itemscope="" itemtype="http://schema.org/QuantitativeValue">/<span itemprop="value">3</span>x<span itemprop="unitText">660mL</span></span></td><td>$2.53/L</td><td style="display: none;">2020-02-26</td><td style="display: none;"></td><td style="display: none;">house brand</td><td style="display: none;"></td><td style="display: none;"></td><td style="display: none;"></td><td style="display: none;"></td><td style="display: none;"></td><td style="display: none;"><a class="recipeLink" href="/recipe_ingredient_search_results.php?query=(_QU5E__1__________295__[]_1_1)">Recipes with tomatoes, strained</a></td></tr><tr role="row" class="odd"><td tabindex="0"><i class="fa fa-thumbs-down"></i></td><td class=" not_printable"><div class="addToGL" data-soscuisine-aisle="23" data-soscuisine-sip="3941985"><i class="fa fa-cart-plus" title="Add to My Grocery List"></i><div></div></div></td><td><img class="storeItemImage" alt="tuna, canned" src="/media/images/store_item/blank.jpg"></td><td>tuna, canned</td><td class="not_printable sorting_1">canned food</td><td><img style="width:50%;" src="/media/images/logos/marchands/16.png" alt="Foodland"></td><td><span itemprop="price">$2.99</span><span itemprop="eligibleQuantity" itemscope="" itemtype="http://schema.org/QuantitativeValue">/<span itemprop="unitText">6oz (171g)</span></span></td><td>$1.75/100g</td><td style="display: none;">2020-02-26</td><td style="display: none;"></td><td style="display: none;">Clover leaf</td><td style="display: none;"></td><td style="display: none;">white</td><td style="display: none;"></td><td style="display: none;"></td><td style="display: none;"></td><td style="display: none;"><a class="recipeLink" href="/recipe_ingredient_search_results.php?query=(_QU5E__1__________177__[]_1_1)">Recipes with tuna, canned</a></td></tr><tr role="row" class="even"><td tabindex="0"><i class="fa fa-thumbs-up"></i><i class="fa fa-thumbs-up"></i></td><td class=" not_printable"><div class="addToGL" data-soscuisine-aisle="23" data-soscuisine-sip="3941963"><i class="fa fa-cart-plus" title="Add to My Grocery List"></i><div></div></div></td><td><img class="storeItemImage" alt="tuna, canned" src="/media/images/store_item/blank.jpg"></td><td>tuna, canned</td><td class="not_printable sorting_1">canned food</td><td><img style="width:50%;" src="/media/images/logos/marchands/19.png" alt="Loblaws"></td><td><span itemprop="price">$1.00</span><span itemprop="eligibleQuantity" itemscope="" itemtype="http://schema.org/QuantitativeValue">/<span itemprop="unitText">6oz (171g)</span></span></td><td>$0.58/100g</td><td style="display: none;">2020-02-26</td><td style="display: none;"></td><td style="display: none;">Clover leaf</td><td style="display: none;"></td><td style="display: none;">pale</td><td style="display: none;"></td><td style="display: none;"></td><td style="display: none;"></td><td style="display: none;"><a class="recipeLink" href="/recipe_ingredient_search_results.php?query=(_QU5E__1__________177__[]_1_1)">Recipes with tuna, canned</a></td></tr><tr role="row" class="odd"><td tabindex="0"><i class="fa fa-thumbs-down"></i></td><td class=" not_printable"><div class="addToGL" data-soscuisine-aisle="23" data-soscuisine-sip="3945967"><i class="fa fa-cart-plus" title="Add to My Grocery List"></i><div></div></div></td><td><img class="storeItemImage" alt="tuna, canned" src="/media/images/store_item/blank.jpg"></td><td>tuna, canned</td><td class="not_printable sorting_1">canned food</td><td><img style="width:50%;" src="/media/images/logos/marchands/20.png" alt="Metro"></td><td><span itemprop="price">$3.49</span><span itemprop="eligibleQuantity" itemscope="" itemtype="http://schema.org/QuantitativeValue">/<span itemprop="unitText">6oz (171g)</span></span></td><td>$2.04/100g</td><td style="display: none;">2020-02-26</td><td style="display: none;"></td><td style="display: none;">Clover leaf</td><td style="display: none;"></td><td style="display: none;">white</td><td style="display: none;"></td><td style="display: none;"></td><td style="display: none;"></td><td style="display: none;"><a class="recipeLink" href="/recipe_ingredient_search_results.php?query=(_QU5E__1__________177__[]_1_1)">Recipes with tuna, canned</a></td></tr><tr role="row" class="even"><td tabindex="0"><i class="fa fa-thumbs-up"></i><i class="fa fa-thumbs-up"></i></td><td class=" not_printable"><div class="addToGL" data-soscuisine-aisle="23" data-soscuisine-sip="3945329"><i class="fa fa-cart-plus" title="Add to My Grocery List"></i><div></div></div></td><td><img class="storeItemImage" alt="tuna, canned" src="/media/images/store_item/blank.jpg"></td><td>tuna, canned</td><td class="not_printable sorting_1">canned food</td><td><img style="width:50%;" src="/media/images/logos/marchands/14.png" alt="No Frills"></td><td><span itemprop="price">$1.00</span><span itemprop="eligibleQuantity" itemscope="" itemtype="http://schema.org/QuantitativeValue">/<span itemprop="unitText">6oz (171g)</span></span></td><td>$0.58/100g</td><td style="display: none;">2020-02-26</td><td style="display: none;"></td><td style="display: none;">Ocean's</td><td style="display: none;"></td><td style="display: none;">pale</td><td style="display: none;"></td><td style="display: none;">flaked</td><td style="display: none;"></td><td style="display: none;"><a class="recipeLink" href="/recipe_ingredient_search_results.php?query=(_QU5E__1__________177__[]_1_1)">Recipes with tuna, canned</a></td></tr><tr role="row" class="odd"><td tabindex="0"><i class="fa fa-thumbs-down"></i></td><td class=" not_printable"><div class="addToGL" data-soscuisine-aisle="23" data-soscuisine-sip="3943783"><i class="fa fa-cart-plus" title="Add to My Grocery List"></i><div></div></div></td><td><img class="storeItemImage" alt="tuna, canned" src="/media/images/store_item/blank.jpg"></td><td>tuna, canned</td><td class="not_printable sorting_1">canned food</td><td><img style="width:50%;" src="/media/images/logos/marchands/15.png" alt="Sobeys"></td><td><span itemprop="price">$2.79</span><span itemprop="eligibleQuantity" itemscope="" itemtype="http://schema.org/QuantitativeValue">/<span itemprop="unitText">6oz (171g)</span></span></td><td>$1.63/100g</td><td style="display: none;">2020-02-26</td><td style="display: none;"></td><td style="display: none;">Clover leaf</td><td style="display: none;"></td><td style="display: none;"></td><td style="display: none;"></td><td style="display: none;"></td><td style="display: none;"></td><td style="display: none;"><a class="recipeLink" href="/recipe_ingredient_search_results.php?query=(_QU5E__1__________177__[]_1_1)">Recipes with tuna, canned</a></td></tr><tr role="row" class="even"><td tabindex="0"><i class="fa fa-thumbs-up"></i><i class="fa fa-thumbs-up"></i></td><td class=" not_printable"><div class="addToGL" data-soscuisine-aisle="23" data-soscuisine-sip="3944349"><i class="fa fa-cart-plus" title="Add to My Grocery List"></i><div></div></div></td><td><img class="storeItemImage" alt="tuna, canned" src="/media/images/store_item/blank.jpg"></td><td>tuna, canned</td><td class="not_printable sorting_1">canned food</td><td><img style="width:50%;" src="/media/images/logos/marchands/39.png" alt="Your Independent Grocer"></td><td><span itemprop="price">$1.00</span><span itemprop="eligibleQuantity" itemscope="" itemtype="http://schema.org/QuantitativeValue">/<span itemprop="unitText">6oz (171g)</span></span></td><td>$0.58/100g</td><td style="display: none;">2020-02-26</td><td style="display: none;"></td><td style="display: none;">Clover leaf</td><td style="display: none;"></td><td style="display: none;">pale</td><td style="display: none;"></td><td style="display: none;"></td><td style="display: none;"></td><td style="display: none;"><a class="recipeLink" href="/recipe_ingredient_search_results.php?query=(_QU5E__1__________177__[]_1_1)">Recipes with tuna, canned</a></td></tr><tr role="row" class="odd"><td tabindex="0"><i class="fa fa-thumbs-up"></i></td><td class=" not_printable"><div class="addToGL" data-soscuisine-aisle="10" data-soscuisine-sip="3945023"><i class="fa fa-cart-plus" title="Add to My Grocery List"></i><div></div></div></td><td><img class="storeItemImage" alt="almond butter" src="/media/images/store_item/blank.jpg"></td><td>almond butter</td><td class="not_printable sorting_1">dry goods &amp; others</td><td><img style="width:50%;" src="/media/images/logos/marchands/38.png" alt="Farm Boy"></td><td><span itemprop="price">$11.99</span><span itemprop="eligibleQuantity" itemscope="" itemtype="http://schema.org/QuantitativeValue">/<span itemprop="unitText">460g</span></span></td><td>$2.61/100g</td><td style="display: none;">2020-02-26</td><td style="display: none;"></td><td style="display: none;">house brand</td><td style="display: none;"></td><td style="display: none;"></td><td style="display: none;"></td><td style="display: none;"></td><td style="display: none;"></td><td style="display: none;"><a class="recipeLink" href="/recipe_ingredient_search_results.php?query=(_QU5E__1__________953__[]_1_1)">Recipes with almond butter</a></td></tr><tr role="row" class="even"><td tabindex="0"><i class="fas fa-hand-rock"></i></td><td class=" not_printable"><div class="addToGL" data-soscuisine-aisle="10" data-soscuisine-sip="3944845"><i class="fa fa-cart-plus" title="Add to My Grocery List"></i><div></div></div></td><td><img class="storeItemImage" alt="chicken stock" src="/media/images/store_item/blank.jpg"></td><td>chicken stock</td><td class="not_printable sorting_1">dry goods &amp; others</td><td><img style="width:50%;" src="/media/images/logos/marchands/52.png" alt="Real Canadian Superstore"></td><td><span itemprop="price">$1.88</span><span itemprop="eligibleQuantity" itemscope="" itemtype="http://schema.org/QuantitativeValue">/<span itemprop="unitText">900mL</span></span></td><td>$2.09/L</td><td style="display: none;">2020-02-26</td><td style="display: none;"></td><td style="display: none;">Campbell's</td><td style="display: none;"></td><td style="display: none;"></td><td style="display: none;"></td><td style="display: none;"></td><td style="display: none;"></td><td style="display: none;"><a class="recipeLink" href="/recipe_ingredient_search_results.php?query=(_QU5E__1__________286__[]_1_1)">Recipes with chicken stock</a></td></tr><tr role="row" class="odd"><td tabindex="0"><i class="fas fa-hand-rock"></i></td><td class=" not_printable"><div class="addToGL" data-soscuisine-aisle="10" data-soscuisine-sip="3941825"><i class="fa fa-cart-plus" title="Add to My Grocery List"></i><div></div></div></td><td><img class="storeItemImage" alt="chocolate, bittersweet" src="/media/images/store_item/blank.jpg"></td><td>chocolate, bittersweet</td><td class="not_printable sorting_1">dry goods &amp; others</td><td><img style="width:50%;" src="/media/images/logos/marchands/19.png" alt="Loblaws"></td><td><span itemprop="price">$6.00</span><span itemprop="eligibleQuantity" itemscope="" itemtype="http://schema.org/QuantitativeValue">/<span itemprop="value">2</span>x<span itemprop="unitText">100g</span></span></td><td>$3.00/100g</td><td style="display: none;">2020-02-26</td><td style="display: none;"></td><td style="display: none;">Lindt</td><td style="display: none;"></td><td style="display: none;"></td><td style="display: none;"></td><td style="display: none;"></td><td style="display: none;"></td><td style="display: none;"><a class="recipeLink" href="/recipe_ingredient_search_results.php?query=(_QU5E__1__________279__[]_1_1)">Recipes with chocolate, bittersweet</a></td></tr><tr role="row" class="even"><td tabindex="0"><i class="fas fa-hand-rock"></i></td><td class=" not_printable"><div class="addToGL" data-soscuisine-aisle="10" data-soscuisine-sip="3941823"><i class="fa fa-cart-plus" title="Add to My Grocery List"></i><div></div></div></td><td><img class="storeItemImage" alt="chocolate, bittersweet" src="/media/images/store_item/blank.jpg"></td><td>chocolate, bittersweet</td><td class="not_printable sorting_1">dry goods &amp; others</td><td><img style="width:50%;" src="/media/images/logos/marchands/19.png" alt="Loblaws"></td><td><span itemprop="price">$3.49</span><span itemprop="eligibleQuantity" itemscope="" itemtype="http://schema.org/QuantitativeValue">/<span itemprop="unitText">100g</span></span></td><td>$3.49/100g</td><td style="display: none;">2020-02-26</td><td style="display: none;"></td><td style="display: none;">Lindt</td><td style="display: none;"></td><td style="display: none;"></td><td style="display: none;"></td><td style="display: none;"></td><td style="display: none;"></td><td style="display: none;"><a class="recipeLink" href="/recipe_ingredient_search_results.php?query=(_QU5E__1__________279__[]_1_1)">Recipes with chocolate, bittersweet</a></td></tr><tr role="row" class="odd"><td tabindex="0"><i class="fas fa-hand-rock"></i></td><td class=" not_printable"><div class="addToGL" data-soscuisine-aisle="10" data-soscuisine-sip="3944849"><i class="fa fa-cart-plus" title="Add to My Grocery List"></i><div></div></div></td><td><img class="storeItemImage" alt="chocolate, bittersweet" src="/media/images/store_item/blank.jpg"></td><td>chocolate, bittersweet</td><td class="not_printable sorting_1">dry goods &amp; others</td><td><img style="width:50%;" src="/media/images/logos/marchands/52.png" alt="Real Canadian Superstore"></td><td><span itemprop="price">$2.98</span><span itemprop="eligibleQuantity" itemscope="" itemtype="http://schema.org/QuantitativeValue">/<span itemprop="unitText">100g</span></span></td><td>$2.98/100g</td><td style="display: none;">2020-02-26</td><td style="display: none;"></td><td style="display: none;">Lindt</td><td style="display: none;"></td><td style="display: none;"></td><td style="display: none;"></td><td style="display: none;"></td><td style="display: none;"></td><td style="display: none;"><a class="recipeLink" href="/recipe_ingredient_search_results.php?query=(_QU5E__1__________279__[]_1_1)">Recipes with chocolate, bittersweet</a></td></tr><tr role="row" class="even"><td tabindex="0"><i class="fas fa-hand-rock"></i></td><td class=" not_printable"><div class="addToGL" data-soscuisine-aisle="10" data-soscuisine-sip="3943587"><i class="fa fa-cart-plus" title="Add to My Grocery List"></i><div></div></div></td><td><img class="storeItemImage" alt="chocolate, bittersweet" src="/media/images/store_item/blank.jpg"></td><td>chocolate, bittersweet</td><td class="not_printable sorting_1">dry goods &amp; others</td><td><img style="width:50%;" src="/media/images/logos/marchands/39.png" alt="Your Independent Grocer"></td><td><span itemprop="price">$6.00</span><span itemprop="eligibleQuantity" itemscope="" itemtype="http://schema.org/QuantitativeValue">/<span itemprop="value">2</span>x<span itemprop="unitText">100g</span></span></td><td>$3.00/100g</td><td style="display: none;">2020-02-26</td><td style="display: none;"></td><td style="display: none;">Lindt</td><td style="display: none;"></td><td style="display: none;"></td><td style="display: none;"></td><td style="display: none;"></td><td style="display: none;"></td><td style="display: none;"><a class="recipeLink" href="/recipe_ingredient_search_results.php?query=(_QU5E__1__________279__[]_1_1)">Recipes with chocolate, bittersweet</a></td></tr><tr role="row" class="odd"><td tabindex="0"><i class="fas fa-hand-rock"></i></td><td class=" not_printable"><div class="addToGL" data-soscuisine-aisle="10" data-soscuisine-sip="3943581"><i class="fa fa-cart-plus" title="Add to My Grocery List"></i><div></div></div></td><td><img class="storeItemImage" alt="chocolate, bittersweet" src="/media/images/store_item/blank.jpg"></td><td>chocolate, bittersweet</td><td class="not_printable sorting_1">dry goods &amp; others</td><td><img style="width:50%;" src="/media/images/logos/marchands/39.png" alt="Your Independent Grocer"></td><td><span itemprop="price">$3.49</span><span itemprop="eligibleQuantity" itemscope="" itemtype="http://schema.org/QuantitativeValue">/<span itemprop="unitText">100g</span></span></td><td>$3.49/100g</td><td style="display: none;">2020-02-26</td><td style="display: none;"></td><td style="display: none;">Lindt</td><td style="display: none;"></td><td style="display: none;"></td><td style="display: none;"></td><td style="display: none;"></td><td style="display: none;"></td><td style="display: none;"><a class="recipeLink" href="/recipe_ingredient_search_results.php?query=(_QU5E__1__________279__[]_1_1)">Recipes with chocolate, bittersweet</a></td></tr><tr role="row" class="even"><td tabindex="0"><i class="fas fa-hand-rock"></i></td><td class=" not_printable"><div class="addToGL" data-soscuisine-aisle="10" data-soscuisine-sip="3943209"><i class="fa fa-cart-plus" title="Add to My Grocery List"></i><div></div></div></td><td><img class="storeItemImage" alt="chocolate, semisweet" src="/media/images/store_item/blank.jpg"></td><td>chocolate, semisweet</td><td class="not_printable sorting_1">dry goods &amp; others</td><td><img style="width:50%;" src="/media/images/logos/marchands/16.png" alt="Foodland"></td><td><span itemprop="price">$7.00</span><span itemprop="eligibleQuantity" itemscope="" itemtype="http://schema.org/QuantitativeValue">/<span itemprop="value">2</span>x<span itemprop="unitText">300g</span></span></td><td>$1.17/100g</td><td style="display: none;">2020-02-26</td><td style="display: none;"></td><td style="display: none;">Hershey's</td><td style="display: none;"></td><td style="display: none;"></td><td style="display: none;"></td><td style="display: none;">chips</td><td style="display: none;"></td><td style="display: none;"><a class="recipeLink" href="/recipe_ingredient_search_results.php?query=(_QU5E__1__________280__[]_1_1)">Recipes with chocolate, semisweet</a></td></tr><tr role="row" class="odd"><td tabindex="0"><i class="fa fa-thumbs-up"></i></td><td class=" not_printable"><div class="addToGL" data-soscuisine-aisle="10" data-soscuisine-sip="3941801"><i class="fa fa-cart-plus" title="Add to My Grocery List"></i><div></div></div></td><td><img class="storeItemImage" alt="chocolate, semisweet" src="/media/images/store_item/blank.jpg"></td><td>chocolate, semisweet</td><td class="not_printable sorting_1">dry goods &amp; others</td><td><img style="width:50%;" src="/media/images/logos/marchands/19.png" alt="Loblaws"></td><td><span itemprop="price">$6.50</span><span itemprop="eligibleQuantity" itemscope="" itemtype="http://schema.org/QuantitativeValue">/<span itemprop="value">2</span>x<span itemprop="unitText">300g</span></span></td><td>$1.08/100g</td><td style="display: none;">2020-02-26</td><td style="display: none;"></td><td style="display: none;">house brand</td><td style="display: none;"></td><td style="display: none;"></td><td style="display: none;"></td><td style="display: none;">chips</td><td style="display: none;"></td><td style="display: none;"><a class="recipeLink" href="/recipe_ingredient_search_results.php?query=(_QU5E__1__________280__[]_1_1)">Recipes with chocolate, semisweet</a></td></tr><tr role="row" class="even"><td tabindex="0"><i class="fas fa-hand-rock"></i></td><td class=" not_printable"><div class="addToGL" data-soscuisine-aisle="10" data-soscuisine-sip="3941799"><i class="fa fa-cart-plus" title="Add to My Grocery List"></i><div></div></div></td><td><img class="storeItemImage" alt="chocolate, semisweet" src="/media/images/store_item/blank.jpg"></td><td>chocolate, semisweet</td><td class="not_printable sorting_1">dry goods &amp; others</td><td><img style="width:50%;" src="/media/images/logos/marchands/19.png" alt="Loblaws"></td><td><span itemprop="price">$3.59</span><span itemprop="eligibleQuantity" itemscope="" itemtype="http://schema.org/QuantitativeValue">/<span itemprop="unitText">300g</span></span></td><td>$1.20/100g</td><td style="display: none;">2020-02-26</td><td style="display: none;"></td><td style="display: none;">house brand</td><td style="display: none;"></td><td style="display: none;"></td><td style="display: none;"></td><td style="display: none;">chips</td><td style="display: none;"></td><td style="display: none;"><a class="recipeLink" href="/recipe_ingredient_search_results.php?query=(_QU5E__1__________280__[]_1_1)">Recipes with chocolate, semisweet</a></td></tr><tr role="row" class="odd"><td tabindex="0"><i class="fa fa-thumbs-up"></i><i class="fa fa-thumbs-up"></i></td><td class=" not_printable"><div class="addToGL" data-soscuisine-aisle="10" data-soscuisine-sip="3944911"><i class="fa fa-cart-plus" title="Add to My Grocery List"></i><div></div></div></td><td><img class="storeItemImage" alt="chocolate, semisweet" src="/media/images/store_item/blank.jpg"></td><td>chocolate, semisweet</td><td class="not_printable sorting_1">dry goods &amp; others</td><td><img style="width:50%;" src="/media/images/logos/marchands/52.png" alt="Real Canadian Superstore"></td><td><span itemprop="price">$7.98</span><span itemprop="eligibleQuantity" itemscope="" itemtype="http://schema.org/QuantitativeValue">/<span itemprop="unitText">1kg</span></span></td><td>$0.80/100g</td><td style="display: none;">2020-02-26</td><td style="display: none;"></td><td style="display: none;">house brand</td><td style="display: none;"></td><td style="display: none;"></td><td style="display: none;"></td><td style="display: none;">chips</td><td style="display: none;"></td><td style="display: none;"><a class="recipeLink" href="/recipe_ingredient_search_results.php?query=(_QU5E__1__________280__[]_1_1)">Recipes with chocolate, semisweet</a></td></tr><tr role="row" class="even"><td tabindex="0"><i class="fas fa-hand-rock"></i></td><td class=" not_printable"><div class="addToGL" data-soscuisine-aisle="10" data-soscuisine-sip="3943671"><i class="fa fa-cart-plus" title="Add to My Grocery List"></i><div></div></div></td><td><img class="storeItemImage" alt="chocolate, semisweet" src="/media/images/store_item/blank.jpg"></td><td>chocolate, semisweet</td><td class="not_printable sorting_1">dry goods &amp; others</td><td><img style="width:50%;" src="/media/images/logos/marchands/15.png" alt="Sobeys"></td><td><span itemprop="price">$3.29</span><span itemprop="eligibleQuantity" itemscope="" itemtype="http://schema.org/QuantitativeValue">/<span itemprop="unitText">300g</span></span></td><td>$1.10/100g</td><td style="display: none;">2020-02-26</td><td style="display: none;"></td><td style="display: none;">house brand</td><td style="display: none;"></td><td style="display: none;"></td><td style="display: none;"></td><td style="display: none;">chips</td><td style="display: none;"></td><td style="display: none;"><a class="recipeLink" href="/recipe_ingredient_search_results.php?query=(_QU5E__1__________280__[]_1_1)">Recipes with chocolate, semisweet</a></td></tr><tr role="row" class="odd"><td tabindex="0"><i class="fa fa-thumbs-up"></i></td><td class=" not_printable"><div class="addToGL" data-soscuisine-aisle="10" data-soscuisine-sip="3943541"><i class="fa fa-cart-plus" title="Add to My Grocery List"></i><div></div></div></td><td><img class="storeItemImage" alt="chocolate, semisweet" src="/media/images/store_item/blank.jpg"></td><td>chocolate, semisweet</td><td class="not_printable sorting_1">dry goods &amp; others</td><td><img style="width:50%;" src="/media/images/logos/marchands/39.png" alt="Your Independent Grocer"></td><td><span itemprop="price">$6.50</span><span itemprop="eligibleQuantity" itemscope="" itemtype="http://schema.org/QuantitativeValue">/<span itemprop="value">2</span>x<span itemprop="unitText">300g</span></span></td><td>$1.08/100g</td><td style="display: none;">2020-02-26</td><td style="display: none;"></td><td style="display: none;">house brand</td><td style="display: none;"></td><td style="display: none;"></td><td style="display: none;"></td><td style="display: none;">chips</td><td style="display: none;"></td><td style="display: none;"><a class="recipeLink" href="/recipe_ingredient_search_results.php?query=(_QU5E__1__________280__[]_1_1)">Recipes with chocolate, semisweet</a></td></tr><tr role="row" class="even"><td tabindex="0"><i class="fas fa-hand-rock"></i></td><td class=" not_printable"><div class="addToGL" data-soscuisine-aisle="10" data-soscuisine-sip="3943539"><i class="fa fa-cart-plus" title="Add to My Grocery List"></i><div></div></div></td><td><img class="storeItemImage" alt="chocolate, semisweet" src="/media/images/store_item/blank.jpg"></td><td>chocolate, semisweet</td><td class="not_printable sorting_1">dry goods &amp; others</td><td><img style="width:50%;" src="/media/images/logos/marchands/39.png" alt="Your Independent Grocer"></td><td><span itemprop="price">$3.59</span><span itemprop="eligibleQuantity" itemscope="" itemtype="http://schema.org/QuantitativeValue">/<span itemprop="unitText">300g</span></span></td><td>$1.20/100g</td><td style="display: none;">2020-02-26</td><td style="display: none;"></td><td style="display: none;">house brand</td><td style="display: none;"></td><td style="display: none;"></td><td style="display: none;"></td><td style="display: none;">chips</td><td style="display: none;"></td><td style="display: none;"><a class="recipeLink" href="/recipe_ingredient_search_results.php?query=(_QU5E__1__________280__[]_1_1)">Recipes with chocolate, semisweet</a></td></tr><tr role="row" class="odd"><td tabindex="0"><i class="fa fa-thumbs-down"></i></td><td class=" not_printable"><div class="addToGL" data-soscuisine-aisle="10" data-soscuisine-sip="3943197"><i class="fa fa-cart-plus" title="Add to My Grocery List"></i><div></div></div></td><td><img class="storeItemImage" alt="chocolate-hazelnut spread" src="/media/images/store_item/blank.jpg"></td><td>chocolate-hazelnut spread</td><td class="not_printable sorting_1">dry goods &amp; others</td><td><img style="width:50%;" src="/media/images/logos/marchands/16.png" alt="Foodland"></td><td><span itemprop="price">$3.99</span><span itemprop="eligibleQuantity" itemscope="" itemtype="http://schema.org/QuantitativeValue">/<span itemprop="unitText">375g</span></span></td><td>$1.06/100g</td><td style="display: none;">2020-02-26</td><td style="display: none;"></td><td style="display: none;">Nutella</td><td style="display: none;"></td><td style="display: none;"></td><td style="display: none;"></td><td style="display: none;"></td><td style="display: none;"></td><td style="display: none;"><a class="recipeLink" href="/recipe_ingredient_search_results.php?query=(_QU5E__1__________1064__[]_1_1)">Recipes with chocolate-hazelnut spread</a></td></tr><tr role="row" class="even"><td tabindex="0"><i class="fas fa-hand-rock"></i></td><td class=" not_printable"><div class="addToGL" data-soscuisine-aisle="10" data-soscuisine-sip="3944181"><i class="fa fa-cart-plus" title="Add to My Grocery List"></i><div></div></div></td><td><img class="storeItemImage" alt="chocolate-hazelnut spread" src="/media/images/store_item/blank.jpg"></td><td>chocolate-hazelnut spread</td><td class="not_printable sorting_1">dry goods &amp; others</td><td><img style="width:50%;" src="/media/images/logos/marchands/70.png" alt="FreshCo"></td><td><span itemprop="price">$3.00</span><span itemprop="eligibleQuantity" itemscope="" itemtype="http://schema.org/QuantitativeValue">/<span itemprop="unitText">375g</span></span></td><td>$0.80/100g</td><td style="display: none;">2020-02-26</td><td style="display: none;"></td><td style="display: none;">Nutella</td><td style="display: none;"></td><td style="display: none;"></td><td style="display: none;"></td><td style="display: none;"></td><td style="display: none;"></td><td style="display: none;"><a class="recipeLink" href="/recipe_ingredient_search_results.php?query=(_QU5E__1__________1064__[]_1_1)">Recipes with chocolate-hazelnut spread</a></td></tr><tr role="row" class="odd"><td tabindex="0"><i class="fas fa-hand-rock"></i></td><td class=" not_printable"><div class="addToGL" data-soscuisine-aisle="10" data-soscuisine-sip="3945421"><i class="fa fa-cart-plus" title="Add to My Grocery List"></i><div></div></div></td><td><img class="storeItemImage" alt="coconut milk" src="/media/images/store_item/blank.jpg"></td><td>coconut milk</td><td class="not_printable sorting_1">dry goods &amp; others</td><td><img style="width:50%;" src="/media/images/logos/marchands/14.png" alt="No Frills"></td><td><span itemprop="price">$1.00</span><span itemprop="eligibleQuantity" itemscope="" itemtype="http://schema.org/QuantitativeValue">/<span itemprop="unitText">13.5oz (400mL)</span></span></td><td>$2.50/L</td><td style="display: none;">2020-02-26</td><td style="display: none;"></td><td style="display: none;">Grace</td><td style="display: none;"></td><td style="display: none;"></td><td style="display: none;"></td><td style="display: none;"></td><td style="display: none;"></td><td style="display: none;"><a class="recipeLink" href="/recipe_ingredient_search_results.php?query=(_QU5E__1__________247__[]_1_1)">Recipes with coconut milk</a></td></tr><tr role="row" class="even"><td tabindex="0"><i class="fas fa-hand-rock"></i></td><td class=" not_printable"><div class="addToGL" data-soscuisine-aisle="10" data-soscuisine-sip="3945001"><i class="fa fa-cart-plus" title="Add to My Grocery List"></i><div></div></div></td><td><img class="storeItemImage" alt="coconut milk" src="/media/images/store_item/blank.jpg"></td><td>coconut milk</td><td class="not_printable sorting_1">dry goods &amp; others</td><td><img style="width:50%;" src="/media/images/logos/marchands/52.png" alt="Real Canadian Superstore"></td><td><span itemprop="price">$1.48</span><span itemprop="eligibleQuantity" itemscope="" itemtype="http://schema.org/QuantitativeValue">/<span itemprop="unitText">13.5oz (400mL)</span></span></td><td>$3.70/L</td><td style="display: none;">2020-02-26</td><td style="display: none;"></td><td style="display: none;">AROY-D</td><td style="display: none;"></td><td style="display: none;"></td><td style="display: none;"></td><td style="display: none;"></td><td style="display: none;">selected stores only</td><td style="display: none;"><a class="recipeLink" href="/recipe_ingredient_search_results.php?query=(_QU5E__1__________247__[]_1_1)">Recipes with coconut milk</a></td></tr><tr role="row" class="odd"><td tabindex="0"><i class="fa fa-thumbs-down"></i></td><td class=" not_printable"><div class="addToGL" data-soscuisine-aisle="10" data-soscuisine-sip="3945043"><i class="fa fa-cart-plus" title="Add to My Grocery List"></i><div></div></div></td><td><img class="storeItemImage" alt="coffee" src="/media/images/store_item/blank.jpg"></td><td>coffee</td><td class="not_printable sorting_1">dry goods &amp; others</td><td><img style="width:50%;" src="/media/images/logos/marchands/38.png" alt="Farm Boy"></td><td><span itemprop="price">$12.99</span><span itemprop="eligibleQuantity" itemscope="" itemtype="http://schema.org/QuantitativeValue">/<span itemprop="unitText">454g (1lb)</span></span></td><td>$2.86/100g</td><td style="display: none;">2020-02-26</td><td style="display: none;"></td><td style="display: none;">Kicking Horse</td><td style="display: none;"></td><td style="display: none;"></td><td style="display: none;">fair trade, organic</td><td style="display: none;">beans</td><td style="display: none;"></td><td style="display: none;"><a class="recipeLink" href="/recipe_ingredient_search_results.php?query=(_QU5E__1__________276__[]_1_1)">Recipes with coffee</a></td></tr><tr role="row" class="even"><td tabindex="0"><i class="fa fa-thumbs-up"></i><i class="fa fa-thumbs-up"></i></td><td class=" not_printable"><div class="addToGL" data-soscuisine-aisle="10" data-soscuisine-sip="3945507"><i class="fa fa-cart-plus" title="Add to My Grocery List"></i><div></div></div></td><td><img class="storeItemImage" alt="coffee" src="/media/images/store_item/blank.jpg"></td><td>coffee</td><td class="not_printable sorting_1">dry goods &amp; others</td><td><img style="width:50%;" src="/media/images/logos/marchands/18.png" alt="Food Basics"></td><td><span itemprop="price">$5.97</span><span itemprop="eligibleQuantity" itemscope="" itemtype="http://schema.org/QuantitativeValue">/<span itemprop="unitText">925g</span></span></td><td>$0.65/100g</td><td style="display: none;">2020-02-26</td><td style="display: none;"></td><td style="display: none;">Maxwell House</td><td style="display: none;"></td><td style="display: none;"></td><td style="display: none;"></td><td style="display: none;">ground</td><td style="display: none;"></td><td style="display: none;"><a class="recipeLink" href="/recipe_ingredient_search_results.php?query=(_QU5E__1__________276__[]_1_1)">Recipes with coffee</a></td></tr><tr role="row" class="odd"><td tabindex="0"><i class="fa fa-thumbs-up"></i><i class="fa fa-thumbs-up"></i></td><td class=" not_printable"><div class="addToGL" data-soscuisine-aisle="10" data-soscuisine-sip="3945563"><i class="fa fa-cart-plus" title="Add to My Grocery List"></i><div></div></div></td><td><img class="storeItemImage" alt="coffee" src="/media/images/store_item/blank.jpg"></td><td>coffee</td><td class="not_printable sorting_1">dry goods &amp; others</td><td><img style="width:50%;" src="/media/images/logos/marchands/18.png" alt="Food Basics"></td><td><span itemprop="price">$6.99</span><span itemprop="eligibleQuantity" itemscope="" itemtype="http://schema.org/QuantitativeValue">/<span itemprop="unitText">925g</span></span></td><td>$0.76/100g</td><td style="display: none;">2020-02-26</td><td style="display: none;"></td><td style="display: none;">house brand</td><td style="display: none;"></td><td style="display: none;"></td><td style="display: none;"></td><td style="display: none;">ground</td><td style="display: none;"></td><td style="display: none;"><a class="recipeLink" href="/recipe_ingredient_search_results.php?query=(_QU5E__1__________276__[]_1_1)">Recipes with coffee</a></td></tr><tr role="row" class="even"><td tabindex="0"><i class="fa fa-thumbs-up"></i><i class="fa fa-thumbs-up"></i></td><td class=" not_printable"><div class="addToGL" data-soscuisine-aisle="10" data-soscuisine-sip="3941983"><i class="fa fa-cart-plus" title="Add to My Grocery List"></i><div></div></div></td><td><img class="storeItemImage" alt="coffee" src="/media/images/store_item/blank.jpg"></td><td>coffee</td><td class="not_printable sorting_1">dry goods &amp; others</td><td><img style="width:50%;" src="/media/images/logos/marchands/16.png" alt="Foodland"></td><td><span itemprop="price">$6.99</span><span itemprop="eligibleQuantity" itemscope="" itemtype="http://schema.org/QuantitativeValue">/<span itemprop="unitText">925g</span></span></td><td>$0.76/100g</td><td style="display: none;">2020-02-26</td><td style="display: none;"></td><td style="display: none;">Maxwell House</td><td style="display: none;"></td><td style="display: none;"></td><td style="display: none;"></td><td style="display: none;"></td><td style="display: none;"></td><td style="display: none;"><a class="recipeLink" href="/recipe_ingredient_search_results.php?query=(_QU5E__1__________276__[]_1_1)">Recipes with coffee</a></td></tr><tr role="row" class="odd"><td tabindex="0"><i class="fa fa-thumbs-up"></i></td><td class=" not_printable"><div class="addToGL" data-soscuisine-aisle="10" data-soscuisine-sip="3943211"><i class="fa fa-cart-plus" title="Add to My Grocery List"></i><div></div></div></td><td><img class="storeItemImage" alt="coffee" src="/media/images/store_item/blank.jpg"></td><td>coffee</td><td class="not_printable sorting_1">dry goods &amp; others</td><td><img style="width:50%;" src="/media/images/logos/marchands/16.png" alt="Foodland"></td><td><span itemprop="price">$3.99</span><span itemprop="eligibleQuantity" itemscope="" itemtype="http://schema.org/QuantitativeValue">/<span itemprop="unitText">325g</span></span></td><td>$1.23/100g</td><td style="display: none;">2020-02-26</td><td style="display: none;"></td><td style="display: none;">Maxwell House</td><td style="display: none;"></td><td style="display: none;"></td><td style="display: none;"></td><td style="display: none;"></td><td style="display: none;"></td><td style="display: none;"><a class="recipeLink" href="/recipe_ingredient_search_results.php?query=(_QU5E__1__________276__[]_1_1)">Recipes with coffee</a></td></tr><tr role="row" class="even"><td tabindex="0"><i class="fas fa-hand-rock"></i></td><td class=" not_printable"><div class="addToGL" data-soscuisine-aisle="10" data-soscuisine-sip="3941789"><i class="fa fa-cart-plus" title="Add to My Grocery List"></i><div></div></div></td><td><img class="storeItemImage" alt="coffee" src="/media/images/store_item/blank.jpg"></td><td>coffee</td><td class="not_printable sorting_1">dry goods &amp; others</td><td><img style="width:50%;" src="/media/images/logos/marchands/19.png" alt="Loblaws"></td><td><span itemprop="price">$7.99</span><span itemprop="eligibleQuantity" itemscope="" itemtype="http://schema.org/QuantitativeValue">/<span itemprop="unitText">340g</span></span></td><td>$2.35/100g</td><td style="display: none;">2020-02-26</td><td style="display: none;"></td><td style="display: none;">Lavazza</td><td style="display: none;"></td><td style="display: none;"></td><td style="display: none;"></td><td style="display: none;"></td><td style="display: none;"></td><td style="display: none;"><a class="recipeLink" href="/recipe_ingredient_search_results.php?query=(_QU5E__1__________276__[]_1_1)">Recipes with coffee</a></td></tr><tr role="row" class="odd"><td tabindex="0"><i class="fa fa-thumbs-down"></i></td><td class=" not_printable"><div class="addToGL" data-soscuisine-aisle="10" data-soscuisine-sip="3941783"><i class="fa fa-cart-plus" title="Add to My Grocery List"></i><div></div></div></td><td><img class="storeItemImage" alt="coffee" src="/media/images/store_item/blank.jpg"></td><td>coffee</td><td class="not_printable sorting_1">dry goods &amp; others</td><td><img style="width:50%;" src="/media/images/logos/marchands/19.png" alt="Loblaws"></td><td><span itemprop="price">$18.99</span><span itemprop="eligibleQuantity" itemscope="" itemtype="http://schema.org/QuantitativeValue">/<span itemprop="unitText">28oz (794g)</span></span></td><td>$2.39/100g</td><td style="display: none;">2020-02-26</td><td style="display: none;"></td><td style="display: none;">Starbucks</td><td style="display: none;"></td><td style="display: none;"></td><td style="display: none;"></td><td style="display: none;"></td><td style="display: none;"></td><td style="display: none;"><a class="recipeLink" href="/recipe_ingredient_search_results.php?query=(_QU5E__1__________276__[]_1_1)">Recipes with coffee</a></td></tr><tr role="row" class="even"><td tabindex="0"><i class="fa fa-thumbs-down"></i></td><td class=" not_printable"><div class="addToGL" data-soscuisine-aisle="10" data-soscuisine-sip="3945971"><i class="fa fa-cart-plus" title="Add to My Grocery List"></i><div></div></div></td><td><img class="storeItemImage" alt="coffee" src="/media/images/store_item/blank.jpg"></td><td>coffee</td><td class="not_printable sorting_1">dry goods &amp; others</td><td><img style="width:50%;" src="/media/images/logos/marchands/20.png" alt="Metro"></td><td><span itemprop="price">$9.99</span><span itemprop="eligibleQuantity" itemscope="" itemtype="http://schema.org/QuantitativeValue">/<span itemprop="unitText">340g</span></span></td><td>$2.94/100g</td><td style="display: none;">2020-02-26</td><td style="display: none;"></td><td style="display: none;">Starbucks</td><td style="display: none;"></td><td style="display: none;"></td><td style="display: none;"></td><td style="display: none;">ground</td><td style="display: none;"></td><td style="display: none;"><a class="recipeLink" href="/recipe_ingredient_search_results.php?query=(_QU5E__1__________276__[]_1_1)">Recipes with coffee</a></td></tr><tr role="row" class="odd"><td tabindex="0"><i class="fas fa-hand-rock"></i></td><td class=" not_printable"><div class="addToGL" data-soscuisine-aisle="10" data-soscuisine-sip="3944843"><i class="fa fa-cart-plus" title="Add to My Grocery List"></i><div></div></div></td><td><img class="storeItemImage" alt="coffee" src="/media/images/store_item/blank.jpg"></td><td>coffee</td><td class="not_printable sorting_1">dry goods &amp; others</td><td><img style="width:50%;" src="/media/images/logos/marchands/52.png" alt="Real Canadian Superstore"></td><td><span itemprop="price">$7.98</span><span itemprop="eligibleQuantity" itemscope="" itemtype="http://schema.org/QuantitativeValue">/<span itemprop="unitText">340g</span></span></td><td>$2.35/100g</td><td style="display: none;">2020-02-26</td><td style="display: none;"></td><td style="display: none;">Starbucks</td><td style="display: none;"></td><td style="display: none;"></td><td style="display: none;"></td><td style="display: none;"></td><td style="display: none;"></td><td style="display: none;"><a class="recipeLink" href="/recipe_ingredient_search_results.php?query=(_QU5E__1__________276__[]_1_1)">Recipes with coffee</a></td></tr><tr role="row" class="even"><td tabindex="0"><i class="fa fa-thumbs-up"></i><i class="fa fa-thumbs-up"></i></td><td class=" not_printable"><div class="addToGL" data-soscuisine-aisle="10" data-soscuisine-sip="3941303"><i class="fa fa-cart-plus" title="Add to My Grocery List"></i><div></div></div></td><td><img class="storeItemImage" alt="coffee" src="/media/images/store_item/blank.jpg"></td><td>coffee</td><td class="not_printable sorting_1">dry goods &amp; others</td><td><img style="width:50%;" src="/media/images/logos/marchands/74.png" alt="Walmart"></td><td><span itemprop="price">$6.97</span><span itemprop="eligibleQuantity" itemscope="" itemtype="http://schema.org/QuantitativeValue">/<span itemprop="unitText">925g</span></span></td><td>$0.75/100g</td><td style="display: none;">2020-02-26</td><td style="display: none;"></td><td style="display: none;">Maxwell House</td><td style="display: none;"></td><td style="display: none;"></td><td style="display: none;"></td><td style="display: none;"></td><td style="display: none;"></td><td style="display: none;"><a class="recipeLink" href="/recipe_ingredient_search_results.php?query=(_QU5E__1__________276__[]_1_1)">Recipes with coffee</a></td></tr><tr role="row" class="odd"><td tabindex="0"><i class="fas fa-hand-rock"></i></td><td class=" not_printable"><div class="addToGL" data-soscuisine-aisle="10" data-soscuisine-sip="3943517"><i class="fa fa-cart-plus" title="Add to My Grocery List"></i><div></div></div></td><td><img class="storeItemImage" alt="coffee" src="/media/images/store_item/blank.jpg"></td><td>coffee</td><td class="not_printable sorting_1">dry goods &amp; others</td><td><img style="width:50%;" src="/media/images/logos/marchands/39.png" alt="Your Independent Grocer"></td><td><span itemprop="price">$7.99</span><span itemprop="eligibleQuantity" itemscope="" itemtype="http://schema.org/QuantitativeValue">/<span itemprop="unitText">340g</span></span></td><td>$2.35/100g</td><td style="display: none;">2020-02-26</td><td style="display: none;"></td><td style="display: none;">Lavazza</td><td style="display: none;"></td><td style="display: none;"></td><td style="display: none;"></td><td style="display: none;"></td><td style="display: none;"></td><td style="display: none;"><a class="recipeLink" href="/recipe_ingredient_search_results.php?query=(_QU5E__1__________276__[]_1_1)">Recipes with coffee</a></td></tr><tr role="row" class="even"><td tabindex="0"><i class="fa fa-thumbs-down"></i></td><td class=" not_printable"><div class="addToGL" data-soscuisine-aisle="10" data-soscuisine-sip="3943511"><i class="fa fa-cart-plus" title="Add to My Grocery List"></i><div></div></div></td><td><img class="storeItemImage" alt="coffee" src="/media/images/store_item/blank.jpg"></td><td>coffee</td><td class="not_printable sorting_1">dry goods &amp; others</td><td><img style="width:50%;" src="/media/images/logos/marchands/39.png" alt="Your Independent Grocer"></td><td><span itemprop="price">$18.99</span><span itemprop="eligibleQuantity" itemscope="" itemtype="http://schema.org/QuantitativeValue">/<span itemprop="unitText">28oz (794g)</span></span></td><td>$2.39/100g</td><td style="display: none;">2020-02-26</td><td style="display: none;"></td><td style="display: none;">Starbucks</td><td style="display: none;"></td><td style="display: none;"></td><td style="display: none;"></td><td style="display: none;"></td><td style="display: none;"></td><td style="display: none;"><a class="recipeLink" href="/recipe_ingredient_search_results.php?query=(_QU5E__1__________276__[]_1_1)">Recipes with coffee</a></td></tr><tr role="row" class="odd"><td tabindex="0"><i class="fa fa-thumbs-down"></i></td><td class=" not_printable"><div class="addToGL" data-soscuisine-aisle="10" data-soscuisine-sip="3945009"><i class="fa fa-cart-plus" title="Add to My Grocery List"></i><div></div></div></td><td><img class="storeItemImage" alt="crackers" src="/media/images/store_item/blank.jpg"></td><td>crackers</td><td class="not_printable sorting_1">dry goods &amp; others</td><td><img style="width:50%;" src="/media/images/logos/marchands/38.png" alt="Farm Boy"></td><td><span itemprop="price">$4.99</span><span itemprop="eligibleQuantity" itemscope="" itemtype="http://schema.org/QuantitativeValue">/<span itemprop="unitText">5.3oz (150g)</span></span></td><td>$3.33/100g</td><td style="display: none;">2020-02-26</td><td style="display: none;"></td><td style="display: none;">house brand</td><td style="display: none;"></td><td style="display: none;"></td><td style="display: none;"></td><td style="display: none;"></td><td style="display: none;"></td><td style="display: none;"><a class="recipeLink" href="/recipe_ingredient_search_results.php?query=(_QU5E__1__________1163__[]_1_1)">Recipes with crackers</a></td></tr><tr role="row" class="even"><td tabindex="0"><i class="fa fa-thumbs-up"></i></td><td class=" not_printable"><div class="addToGL" data-soscuisine-aisle="10" data-soscuisine-sip="3944431"><i class="fa fa-cart-plus" title="Add to My Grocery List"></i><div></div></div></td><td><img class="storeItemImage" alt="crackers" src="/media/images/store_item/blank.jpg"></td><td>crackers</td><td class="not_printable sorting_1">dry goods &amp; others</td><td><img style="width:50%;" src="/media/images/logos/marchands/70.png" alt="FreshCo"></td><td><span itemprop="price">$2.00</span><span itemprop="eligibleQuantity" itemscope="" itemtype="http://schema.org/QuantitativeValue">/<span itemprop="unitText">200g</span></span></td><td>$1.00/100g</td><td style="display: none;">2020-02-26</td><td style="display: none;"></td><td style="display: none;">New York Style</td><td style="display: none;"></td><td style="display: none;"></td><td style="display: none;"></td><td style="display: none;"></td><td style="display: none;"></td><td style="display: none;"><a class="recipeLink" href="/recipe_ingredient_search_results.php?query=(_QU5E__1__________1163__[]_1_1)">Recipes with crackers</a></td></tr><tr role="row" class="odd"><td tabindex="0"><i class="fas fa-hand-rock"></i></td><td class=" not_printable"><div class="addToGL" data-soscuisine-aisle="10" data-soscuisine-sip="3941821"><i class="fa fa-cart-plus" title="Add to My Grocery List"></i><div></div></div></td><td><img class="storeItemImage" alt="crackers" src="/media/images/store_item/blank.jpg"></td><td>crackers</td><td class="not_printable sorting_1">dry goods &amp; others</td><td><img style="width:50%;" src="/media/images/logos/marchands/19.png" alt="Loblaws"></td><td><span itemprop="price">$5.00</span><span itemprop="eligibleQuantity" itemscope="" itemtype="http://schema.org/QuantitativeValue">/<span itemprop="value">2</span>x<span itemprop="unitText">200g</span></span></td><td>$1.25/100g</td><td style="display: none;">2020-02-26</td><td style="display: none;"></td><td style="display: none;">Christie</td><td style="display: none;"></td><td style="display: none;"></td><td style="display: none;"></td><td style="display: none;"></td><td style="display: none;"></td><td style="display: none;"><a class="recipeLink" href="/recipe_ingredient_search_results.php?query=(_QU5E__1__________1163__[]_1_1)">Recipes with crackers</a></td></tr><tr role="row" class="even"><td tabindex="0"><i class="fa fa-thumbs-down"></i></td><td class=" not_printable"><div class="addToGL" data-soscuisine-aisle="10" data-soscuisine-sip="3941819"><i class="fa fa-cart-plus" title="Add to My Grocery List"></i><div></div></div></td><td><img class="storeItemImage" alt="crackers" src="/media/images/store_item/blank.jpg"></td><td>crackers</td><td class="not_printable sorting_1">dry goods &amp; others</td><td><img style="width:50%;" src="/media/images/logos/marchands/19.png" alt="Loblaws"></td><td><span itemprop="price">$2.99</span><span itemprop="eligibleQuantity" itemscope="" itemtype="http://schema.org/QuantitativeValue">/<span itemprop="unitText">200g</span></span></td><td>$1.50/100g</td><td style="display: none;">2020-02-26</td><td style="display: none;"></td><td style="display: none;">Christie</td><td style="display: none;"></td><td style="display: none;"></td><td style="display: none;"></td><td style="display: none;"></td><td style="display: none;"></td><td style="display: none;"><a class="recipeLink" href="/recipe_ingredient_search_results.php?query=(_QU5E__1__________1163__[]_1_1)">Recipes with crackers</a></td></tr><tr role="row" class="odd"><td tabindex="0"><i class="fa fa-thumbs-up"></i><i class="fa fa-thumbs-up"></i></td><td class=" not_printable"><div class="addToGL" data-soscuisine-aisle="10" data-soscuisine-sip="3945671"><i class="fa fa-cart-plus" title="Add to My Grocery List"></i><div></div></div></td><td><img class="storeItemImage" alt="crackers" src="/media/images/store_item/blank.jpg"></td><td>crackers</td><td class="not_printable sorting_1">dry goods &amp; others</td><td><img style="width:50%;" src="/media/images/logos/marchands/20.png" alt="Metro"></td><td><span itemprop="price">$2.99</span><span itemprop="eligibleQuantity" itemscope="" itemtype="http://schema.org/QuantitativeValue">/<span itemprop="unitText">400g</span></span></td><td>$0.75/100g</td><td style="display: none;">2020-02-26</td><td style="display: none;"></td><td style="display: none;">Christie</td><td style="display: none;"></td><td style="display: none;"></td><td style="display: none;"></td><td style="display: none;"></td><td style="display: none;"></td><td style="display: none;"><a class="recipeLink" href="/recipe_ingredient_search_results.php?query=(_QU5E__1__________1163__[]_1_1)">Recipes with crackers</a></td></tr><tr role="row" class="even"><td tabindex="0"><i class="fa fa-thumbs-up"></i></td><td class=" not_printable"><div class="addToGL" data-soscuisine-aisle="10" data-soscuisine-sip="3944587"><i class="fa fa-cart-plus" title="Add to My Grocery List"></i><div></div></div></td><td><img class="storeItemImage" alt="crackers" src="/media/images/store_item/blank.jpg"></td><td>crackers</td><td class="not_printable sorting_1">dry goods &amp; others</td><td><img style="width:50%;" src="/media/images/logos/marchands/17.png" alt="Price Chopper"></td><td><span itemprop="price">$2.00</span><span itemprop="eligibleQuantity" itemscope="" itemtype="http://schema.org/QuantitativeValue">/<span itemprop="unitText">200g</span></span></td><td>$1.00/100g</td><td style="display: none;">2020-02-26</td><td style="display: none;"></td><td style="display: none;">New York Style</td><td style="display: none;"></td><td style="display: none;"></td><td style="display: none;"></td><td style="display: none;"></td><td style="display: none;"></td><td style="display: none;"><a class="recipeLink" href="/recipe_ingredient_search_results.php?query=(_QU5E__1__________1163__[]_1_1)">Recipes with crackers</a></td></tr><tr role="row" class="odd"><td tabindex="0"><i class="fa fa-thumbs-up"></i></td><td class=" not_printable"><div class="addToGL" data-soscuisine-aisle="10" data-soscuisine-sip="3944847"><i class="fa fa-cart-plus" title="Add to My Grocery List"></i><div></div></div></td><td><img class="storeItemImage" alt="crackers" src="/media/images/store_item/blank.jpg"></td><td>crackers</td><td class="not_printable sorting_1">dry goods &amp; others</td><td><img style="width:50%;" src="/media/images/logos/marchands/52.png" alt="Real Canadian Superstore"></td><td><span itemprop="price">$1.98</span><span itemprop="eligibleQuantity" itemscope="" itemtype="http://schema.org/QuantitativeValue">/<span itemprop="unitText">200g</span></span></td><td>$0.99/100g</td><td style="display: none;">2020-02-26</td><td style="display: none;"></td><td style="display: none;">Pepperidge Farm</td><td style="display: none;"></td><td style="display: none;"></td><td style="display: none;"></td><td style="display: none;"></td><td style="display: none;"></td><td style="display: none;"><a class="recipeLink" href="/recipe_ingredient_search_results.php?query=(_QU5E__1__________1163__[]_1_1)">Recipes with crackers</a></td></tr><tr role="row" class="even"><td tabindex="0"><i class="fa fa-thumbs-up"></i><i class="fa fa-thumbs-up"></i></td><td class=" not_printable"><div class="addToGL" data-soscuisine-aisle="10" data-soscuisine-sip="3943661"><i class="fa fa-cart-plus" title="Add to My Grocery List"></i><div></div></div></td><td><img class="storeItemImage" alt="crackers" src="/media/images/store_item/blank.jpg"></td><td>crackers</td><td class="not_printable sorting_1">dry goods &amp; others</td><td><img style="width:50%;" src="/media/images/logos/marchands/15.png" alt="Sobeys"></td><td><span itemprop="price">$5.00</span><span itemprop="eligibleQuantity" itemscope="" itemtype="http://schema.org/QuantitativeValue">/<span itemprop="value">2</span>x<span itemprop="unitText">454g (1lb)</span></span></td><td>$0.55/100g</td><td style="display: none;">2020-02-26</td><td style="display: none;"></td><td style="display: none;">Christie</td><td style="display: none;"></td><td style="display: none;"></td><td style="display: none;"></td><td style="display: none;"></td><td style="display: none;"></td><td style="display: none;"><a class="recipeLink" href="/recipe_ingredient_search_results.php?query=(_QU5E__1__________1163__[]_1_1)">Recipes with crackers</a></td></tr><tr role="row" class="odd"><td tabindex="0"><i class="fas fa-hand-rock"></i></td><td class=" not_printable"><div class="addToGL" data-soscuisine-aisle="10" data-soscuisine-sip="3943579"><i class="fa fa-cart-plus" title="Add to My Grocery List"></i><div></div></div></td><td><img class="storeItemImage" alt="crackers" src="/media/images/store_item/blank.jpg"></td><td>crackers</td><td class="not_printable sorting_1">dry goods &amp; others</td><td><img style="width:50%;" src="/media/images/logos/marchands/39.png" alt="Your Independent Grocer"></td><td><span itemprop="price">$5.00</span><span itemprop="eligibleQuantity" itemscope="" itemtype="http://schema.org/QuantitativeValue">/<span itemprop="value">2</span>x<span itemprop="unitText">200g</span></span></td><td>$1.25/100g</td><td style="display: none;">2020-02-26</td><td style="display: none;"></td><td style="display: none;">Christie</td><td style="display: none;"></td><td style="display: none;"></td><td style="display: none;"></td><td style="display: none;"></td><td style="display: none;"></td><td style="display: none;"><a class="recipeLink" href="/recipe_ingredient_search_results.php?query=(_QU5E__1__________1163__[]_1_1)">Recipes with crackers</a></td></tr><tr role="row" class="even"><td tabindex="0"><i class="fa fa-thumbs-down"></i></td><td class=" not_printable"><div class="addToGL" data-soscuisine-aisle="10" data-soscuisine-sip="3943575"><i class="fa fa-cart-plus" title="Add to My Grocery List"></i><div></div></div></td><td><img class="storeItemImage" alt="crackers" src="/media/images/store_item/blank.jpg"></td><td>crackers</td><td class="not_printable sorting_1">dry goods &amp; others</td><td><img style="width:50%;" src="/media/images/logos/marchands/39.png" alt="Your Independent Grocer"></td><td><span itemprop="price">$2.99</span><span itemprop="eligibleQuantity" itemscope="" itemtype="http://schema.org/QuantitativeValue">/<span itemprop="unitText">200g</span></span></td><td>$1.50/100g</td><td style="display: none;">2020-02-26</td><td style="display: none;"></td><td style="display: none;">Christie</td><td style="display: none;"></td><td style="display: none;"></td><td style="display: none;"></td><td style="display: none;"></td><td style="display: none;"></td><td style="display: none;"><a class="recipeLink" href="/recipe_ingredient_search_results.php?query=(_QU5E__1__________1163__[]_1_1)">Recipes with crackers</a></td></tr><tr role="row" class="odd"><td tabindex="0"><i class="fas fa-hand-rock"></i></td><td class=" not_printable"><div class="addToGL" data-soscuisine-aisle="10" data-soscuisine-sip="3943193"><i class="fa fa-cart-plus" title="Add to My Grocery List"></i><div></div></div></td><td><img class="storeItemImage" alt="granola bars" src="/media/images/store_item/blank.jpg"></td><td>granola bars</td><td class="not_printable sorting_1">dry goods &amp; others</td><td><img style="width:50%;" src="/media/images/logos/marchands/16.png" alt="Foodland"></td><td><span itemprop="price">$5.00</span><span itemprop="eligibleQuantity" itemscope="" itemtype="http://schema.org/QuantitativeValue">/<span itemprop="value">2</span>x<span itemprop="unitText">175g</span></span></td><td>$1.43/100g</td><td style="display: none;">2020-02-26</td><td style="display: none;"></td><td style="display: none;">Nature Valley</td><td style="display: none;"></td><td style="display: none;"></td><td style="display: none;"></td><td style="display: none;"></td><td style="display: none;"></td><td style="display: none;"><a class="recipeLink" href="/recipe_ingredient_search_results.php?query=(_QU5E__1__________963__[]_1_1)">Recipes with granola bars</a></td></tr><tr role="row" class="even"><td tabindex="0"><i class="fas fa-hand-rock"></i></td><td class=" not_printable"><div class="addToGL" data-soscuisine-aisle="10" data-soscuisine-sip="3941787"><i class="fa fa-cart-plus" title="Add to My Grocery List"></i><div></div></div></td><td><img class="storeItemImage" alt="granola bars" src="/media/images/store_item/blank.jpg"></td><td>granola bars</td><td class="not_printable sorting_1">dry goods &amp; others</td><td><img style="width:50%;" src="/media/images/logos/marchands/19.png" alt="Loblaws"></td><td><span itemprop="price">$4.00</span><span itemprop="eligibleQuantity" itemscope="" itemtype="http://schema.org/QuantitativeValue">/<span itemprop="value">2</span>x<span itemprop="unitText">5.3oz (150g)</span></span></td><td>$1.33/100g</td><td style="display: none;">2020-02-26</td><td style="display: none;"></td><td style="display: none;">Quaker</td><td style="display: none;"></td><td style="display: none;"></td><td style="display: none;"></td><td style="display: none;"></td><td style="display: none;"></td><td style="display: none;"><a class="recipeLink" href="/recipe_ingredient_search_results.php?query=(_QU5E__1__________963__[]_1_1)">Recipes with granola bars</a></td></tr><tr role="row" class="odd"><td tabindex="0"><i class="fa fa-thumbs-down"></i></td><td class=" not_printable"><div class="addToGL" data-soscuisine-aisle="10" data-soscuisine-sip="3941785"><i class="fa fa-cart-plus" title="Add to My Grocery List"></i><div></div></div></td><td><img class="storeItemImage" alt="granola bars" src="/media/images/store_item/blank.jpg"></td><td>granola bars</td><td class="not_printable sorting_1">dry goods &amp; others</td><td><img style="width:50%;" src="/media/images/logos/marchands/19.png" alt="Loblaws"></td><td><span itemprop="price">$2.49</span><span itemprop="eligibleQuantity" itemscope="" itemtype="http://schema.org/QuantitativeValue">/<span itemprop="unitText">5.3oz (150g)</span></span></td><td>$1.66/100g</td><td style="display: none;">2020-02-26</td><td style="display: none;"></td><td style="display: none;">Quaker</td><td style="display: none;"></td><td style="display: none;"></td><td style="display: none;"></td><td style="display: none;"></td><td style="display: none;"></td><td style="display: none;"><a class="recipeLink" href="/recipe_ingredient_search_results.php?query=(_QU5E__1__________963__[]_1_1)">Recipes with granola bars</a></td></tr><tr role="row" class="even"><td tabindex="0"><i class="fa fa-thumbs-up"></i><i class="fa fa-thumbs-up"></i></td><td class=" not_printable"><div class="addToGL" data-soscuisine-aisle="10" data-soscuisine-sip="3944905"><i class="fa fa-cart-plus" title="Add to My Grocery List"></i><div></div></div></td><td><img class="storeItemImage" alt="granola bars" src="/media/images/store_item/blank.jpg"></td><td>granola bars</td><td class="not_printable sorting_1">dry goods &amp; others</td><td><img style="width:50%;" src="/media/images/logos/marchands/52.png" alt="Real Canadian Superstore"></td><td><span itemprop="price">$9.98</span><span itemprop="eligibleQuantity" itemscope="" itemtype="http://schema.org/QuantitativeValue">/<span itemprop="unitText">1,5kg</span></span></td><td>$0.67/100g</td><td style="display: none;">2020-02-26</td><td style="display: none;"></td><td style="display: none;">Quaker</td><td style="display: none;"></td><td style="display: none;"></td><td style="display: none;"></td><td style="display: none;"></td><td style="display: none;"></td><td style="display: none;"><a class="recipeLink" href="/recipe_ingredient_search_results.php?query=(_QU5E__1__________963__[]_1_1)">Recipes with granola bars</a></td></tr><tr role="row" class="odd"><td tabindex="0"><i class="fa fa-thumbs-up"></i><i class="fa fa-thumbs-up"></i></td><td class=" not_printable"><div class="addToGL" data-soscuisine-aisle="10" data-soscuisine-sip="3944829"><i class="fa fa-cart-plus" title="Add to My Grocery List"></i><div></div></div></td><td><img class="storeItemImage" alt="granola bars" src="/media/images/store_item/blank.jpg"></td><td>granola bars</td><td class="not_printable sorting_1">dry goods &amp; others</td><td><img style="width:50%;" src="/media/images/logos/marchands/52.png" alt="Real Canadian Superstore"></td><td><span itemprop="price">$1.98</span><span itemprop="eligibleQuantity" itemscope="" itemtype="http://schema.org/QuantitativeValue">/<span itemprop="unitText">175g</span></span></td><td>$1.13/100g</td><td style="display: none;">2020-02-26</td><td style="display: none;"></td><td style="display: none;">Nature Valley</td><td style="display: none;"></td><td style="display: none;"></td><td style="display: none;"></td><td style="display: none;"></td><td style="display: none;"></td><td style="display: none;"><a class="recipeLink" href="/recipe_ingredient_search_results.php?query=(_QU5E__1__________963__[]_1_1)">Recipes with granola bars</a></td></tr><tr role="row" class="even"><td tabindex="0"><i class="fas fa-hand-rock"></i></td><td class=" not_printable"><div class="addToGL" data-soscuisine-aisle="10" data-soscuisine-sip="3944841"><i class="fa fa-cart-plus" title="Add to My Grocery List"></i><div></div></div></td><td><img class="storeItemImage" alt="granola bars" src="/media/images/store_item/blank.jpg"></td><td>granola bars</td><td class="not_printable sorting_1">dry goods &amp; others</td><td><img style="width:50%;" src="/media/images/logos/marchands/52.png" alt="Real Canadian Superstore"></td><td><span itemprop="price">$2.48</span><span itemprop="eligibleQuantity" itemscope="" itemtype="http://schema.org/QuantitativeValue">/<span itemprop="unitText">7.4oz (210g)</span></span></td><td>$1.18/100g</td><td style="display: none;">2020-02-26</td><td style="display: none;"></td><td style="display: none;">Nature Valley</td><td style="display: none;"></td><td style="display: none;"></td><td style="display: none;"></td><td style="display: none;"></td><td style="display: none;"></td><td style="display: none;"><a class="recipeLink" href="/recipe_ingredient_search_results.php?query=(_QU5E__1__________963__[]_1_1)">Recipes with granola bars</a></td></tr><tr role="row" class="odd"><td tabindex="0"><i class="fa fa-thumbs-up"></i><i class="fa fa-thumbs-up"></i></td><td class=" not_printable"><div class="addToGL" data-soscuisine-aisle="10" data-soscuisine-sip="3943769"><i class="fa fa-cart-plus" title="Add to My Grocery List"></i><div></div></div></td><td><img class="storeItemImage" alt="granola bars" src="/media/images/store_item/blank.jpg"></td><td>granola bars</td><td class="not_printable sorting_1">dry goods &amp; others</td><td><img style="width:50%;" src="/media/images/logos/marchands/15.png" alt="Sobeys"></td><td><span itemprop="price">$1.88</span><span itemprop="eligibleQuantity" itemscope="" itemtype="http://schema.org/QuantitativeValue">/<span itemprop="unitText">7.4oz (210g)</span></span></td><td>$0.90/100g</td><td style="display: none;">2020-02-26</td><td style="display: none;"></td><td style="display: none;">house brand</td><td style="display: none;"></td><td style="display: none;"></td><td style="display: none;"></td><td style="display: none;"></td><td style="display: none;"></td><td style="display: none;"><a class="recipeLink" href="/recipe_ingredient_search_results.php?query=(_QU5E__1__________963__[]_1_1)">Recipes with granola bars</a></td></tr><tr role="row" class="even"><td tabindex="0"><i class="fa fa-thumbs-up"></i><i class="fa fa-thumbs-up"></i></td><td class=" not_printable"><div class="addToGL" data-soscuisine-aisle="10" data-soscuisine-sip="3943507"><i class="fa fa-cart-plus" title="Add to My Grocery List"></i><div></div></div></td><td><img class="storeItemImage" alt="granola bars" src="/media/images/store_item/blank.jpg"></td><td>granola bars</td><td class="not_printable sorting_1">dry goods &amp; others</td><td><img style="width:50%;" src="/media/images/logos/marchands/39.png" alt="Your Independent Grocer"></td><td><span itemprop="price">$8.99</span><span itemprop="eligibleQuantity" itemscope="" itemtype="http://schema.org/QuantitativeValue">/<span itemprop="unitText">1.46kg</span></span></td><td>$0.62/100g</td><td style="display: none;">2020-02-26</td><td style="display: none;"></td><td style="display: none;">house brand</td><td style="display: none;"></td><td style="display: none;"></td><td style="display: none;"></td><td style="display: none;"></td><td style="display: none;"></td><td style="display: none;"><a class="recipeLink" href="/recipe_ingredient_search_results.php?query=(_QU5E__1__________963__[]_1_1)">Recipes with granola bars</a></td></tr><tr role="row" class="odd"><td tabindex="0"><i class="fas fa-hand-rock"></i></td><td class=" not_printable"><div class="addToGL" data-soscuisine-aisle="10" data-soscuisine-sip="3943515"><i class="fa fa-cart-plus" title="Add to My Grocery List"></i><div></div></div></td><td><img class="storeItemImage" alt="granola bars" src="/media/images/store_item/blank.jpg"></td><td>granola bars</td><td class="not_printable sorting_1">dry goods &amp; others</td><td><img style="width:50%;" src="/media/images/logos/marchands/39.png" alt="Your Independent Grocer"></td><td><span itemprop="price">$4.00</span><span itemprop="eligibleQuantity" itemscope="" itemtype="http://schema.org/QuantitativeValue">/<span itemprop="value">2</span>x<span itemprop="unitText">5.3oz (150g)</span></span></td><td>$1.33/100g</td><td style="display: none;">2020-02-26</td><td style="display: none;"></td><td style="display: none;">Quaker</td><td style="display: none;"></td><td style="display: none;"></td><td style="display: none;"></td><td style="display: none;"></td><td style="display: none;"></td><td style="display: none;"><a class="recipeLink" href="/recipe_ingredient_search_results.php?query=(_QU5E__1__________963__[]_1_1)">Recipes with granola bars</a></td></tr><tr role="row" class="even"><td tabindex="0"><i class="fa fa-thumbs-down"></i></td><td class=" not_printable"><div class="addToGL" data-soscuisine-aisle="10" data-soscuisine-sip="3943513"><i class="fa fa-cart-plus" title="Add to My Grocery List"></i><div></div></div></td><td><img class="storeItemImage" alt="granola bars" src="/media/images/store_item/blank.jpg"></td><td>granola bars</td><td class="not_printable sorting_1">dry goods &amp; others</td><td><img style="width:50%;" src="/media/images/logos/marchands/39.png" alt="Your Independent Grocer"></td><td><span itemprop="price">$2.49</span><span itemprop="eligibleQuantity" itemscope="" itemtype="http://schema.org/QuantitativeValue">/<span itemprop="unitText">5.3oz (150g)</span></span></td><td>$1.66/100g</td><td style="display: none;">2020-02-26</td><td style="display: none;"></td><td style="display: none;">Quaker</td><td style="display: none;"></td><td style="display: none;"></td><td style="display: none;"></td><td style="display: none;"></td><td style="display: none;"></td><td style="display: none;"><a class="recipeLink" href="/recipe_ingredient_search_results.php?query=(_QU5E__1__________963__[]_1_1)">Recipes with granola bars</a></td></tr><tr role="row" class="odd"><td tabindex="0"><i class="fas fa-hand-rock"></i></td><td class=" not_printable"><div class="addToGL" data-soscuisine-aisle="10" data-soscuisine-sip="3943191"><i class="fa fa-cart-plus" title="Add to My Grocery List"></i><div></div></div></td><td><img class="storeItemImage" alt="instant coffee" src="/media/images/store_item/blank.jpg"></td><td>instant coffee</td><td class="not_printable sorting_1">dry goods &amp; others</td><td><img style="width:50%;" src="/media/images/logos/marchands/16.png" alt="Foodland"></td><td><span itemprop="price">$3.99</span><span itemprop="eligibleQuantity" itemscope="" itemtype="http://schema.org/QuantitativeValue">/<span itemprop="unitText">5.3oz (150g)</span></span></td><td>$2.66/100g</td><td style="display: none;">2020-02-26</td><td style="display: none;"></td><td style="display: none;">Maxwell House</td><td style="display: none;"></td><td style="display: none;"></td><td style="display: none;"></td><td style="display: none;"></td><td style="display: none;"></td><td style="display: none;"><a class="recipeLink" href="/recipe_ingredient_search_results.php?query=(_QU5E__1__________1177__[]_1_1)">Recipes with instant coffee</a></td></tr><tr role="row" class="even"><td tabindex="0"><i class="fas fa-hand-rock"></i></td><td class=" not_printable"><div class="addToGL" data-soscuisine-aisle="10" data-soscuisine-sip="3941951"><i class="fa fa-cart-plus" title="Add to My Grocery List"></i><div></div></div></td><td><img class="storeItemImage" alt="instant coffee" src="/media/images/store_item/blank.jpg"></td><td>instant coffee</td><td class="not_printable sorting_1">dry goods &amp; others</td><td><img style="width:50%;" src="/media/images/logos/marchands/19.png" alt="Loblaws"></td><td><span itemprop="price">$3.99</span><span itemprop="eligibleQuantity" itemscope="" itemtype="http://schema.org/QuantitativeValue">/<span itemprop="unitText">100g</span></span></td><td>$3.99/100g</td><td style="display: none;">2020-02-26</td><td style="display: none;"></td><td style="display: none;">Nescafé</td><td style="display: none;"></td><td style="display: none;"></td><td style="display: none;"></td><td style="display: none;"></td><td style="display: none;"></td><td style="display: none;"><a class="recipeLink" href="/recipe_ingredient_search_results.php?query=(_QU5E__1__________1177__[]_1_1)">Recipes with instant coffee</a></td></tr><tr role="row" class="odd"><td tabindex="0"><i class="fa fa-thumbs-down"></i></td><td class=" not_printable"><div class="addToGL" data-soscuisine-aisle="10" data-soscuisine-sip="3941891"><i class="fa fa-cart-plus" title="Add to My Grocery List"></i><div></div></div></td><td><img class="storeItemImage" alt="instant coffee" src="/media/images/store_item/blank.jpg"></td><td>instant coffee</td><td class="not_printable sorting_1">dry goods &amp; others</td><td><img style="width:50%;" src="/media/images/logos/marchands/19.png" alt="Loblaws"></td><td><span itemprop="price">$4.99</span><span itemprop="eligibleQuantity" itemscope="" itemtype="http://schema.org/QuantitativeValue">/<span itemprop="unitText">100g</span></span></td><td>$4.99/100g</td><td style="display: none;">2020-02-26</td><td style="display: none;"></td><td style="display: none;">Nescafé</td><td style="display: none;"></td><td style="display: none;"></td><td style="display: none;"></td><td style="display: none;"></td><td style="display: none;"></td><td style="display: none;"><a class="recipeLink" href="/recipe_ingredient_search_results.php?query=(_QU5E__1__________1177__[]_1_1)">Recipes with instant coffee</a></td></tr><tr role="row" class="even"><td tabindex="0"><i class="fas fa-hand-rock"></i></td><td class=" not_printable"><div class="addToGL" data-soscuisine-aisle="10" data-soscuisine-sip="3944407"><i class="fa fa-cart-plus" title="Add to My Grocery List"></i><div></div></div></td><td><img class="storeItemImage" alt="instant coffee" src="/media/images/store_item/blank.jpg"></td><td>instant coffee</td><td class="not_printable sorting_1">dry goods &amp; others</td><td><img style="width:50%;" src="/media/images/logos/marchands/39.png" alt="Your Independent Grocer"></td><td><span itemprop="price">$3.99</span><span itemprop="eligibleQuantity" itemscope="" itemtype="http://schema.org/QuantitativeValue">/<span itemprop="unitText">100g</span></span></td><td>$3.99/100g</td><td style="display: none;">2020-02-26</td><td style="display: none;"></td><td style="display: none;">Nescafé</td><td style="display: none;"></td><td style="display: none;"></td><td style="display: none;"></td><td style="display: none;"></td><td style="display: none;"></td><td style="display: none;"><a class="recipeLink" href="/recipe_ingredient_search_results.php?query=(_QU5E__1__________1177__[]_1_1)">Recipes with instant coffee</a></td></tr><tr role="row" class="odd"><td tabindex="0"><i class="fa fa-thumbs-down"></i></td><td class=" not_printable"><div class="addToGL" data-soscuisine-aisle="10" data-soscuisine-sip="3944199"><i class="fa fa-cart-plus" title="Add to My Grocery List"></i><div></div></div></td><td><img class="storeItemImage" alt="instant coffee" src="/media/images/store_item/blank.jpg"></td><td>instant coffee</td><td class="not_printable sorting_1">dry goods &amp; others</td><td><img style="width:50%;" src="/media/images/logos/marchands/39.png" alt="Your Independent Grocer"></td><td><span itemprop="price">$4.99</span><span itemprop="eligibleQuantity" itemscope="" itemtype="http://schema.org/QuantitativeValue">/<span itemprop="unitText">100g</span></span></td><td>$4.99/100g</td><td style="display: none;">2020-02-26</td><td style="display: none;"></td><td style="display: none;">Nescafé</td><td style="display: none;"></td><td style="display: none;"></td><td style="display: none;"></td><td style="display: none;"></td><td style="display: none;"></td><td style="display: none;"><a class="recipeLink" href="/recipe_ingredient_search_results.php?query=(_QU5E__1__________1177__[]_1_1)">Recipes with instant coffee</a></td></tr><tr role="row" class="even"><td tabindex="0"><i class="fas fa-hand-rock"></i></td><td class=" not_printable"><div class="addToGL" data-soscuisine-aisle="10" data-soscuisine-sip="3943195"><i class="fa fa-cart-plus" title="Add to My Grocery List"></i><div></div></div></td><td><img class="storeItemImage" alt="jam" src="/media/images/store_item/blank.jpg"></td><td>jam</td><td class="not_printable sorting_1">dry goods &amp; others</td><td><img style="width:50%;" src="/media/images/logos/marchands/16.png" alt="Foodland"></td><td><span itemprop="price">$3.99</span><span itemprop="eligibleQuantity" itemscope="" itemtype="http://schema.org/QuantitativeValue">/<span itemprop="unitText">500mL</span></span></td><td>$0.60/100g</td><td style="display: none;">2020-02-26</td><td style="display: none;"></td><td style="display: none;">Kraft</td><td style="display: none;"></td><td style="display: none;">various types</td><td style="display: none;"></td><td style="display: none;"></td><td style="display: none;"></td><td style="display: none;"><a class="recipeLink" href="/recipe_ingredient_search_results.php?query=(_QU5E__1__________275__[]_1_1)">Recipes with jam</a></td></tr><tr role="row" class="odd"><td tabindex="0"><i class="fa fa-thumbs-up"></i><i class="fa fa-thumbs-up"></i></td><td class=" not_printable"><div class="addToGL" data-soscuisine-aisle="10" data-soscuisine-sip="3944179"><i class="fa fa-cart-plus" title="Add to My Grocery List"></i><div></div></div></td><td><img class="storeItemImage" alt="jam" src="/media/images/store_item/blank.jpg"></td><td>jam</td><td class="not_printable sorting_1">dry goods &amp; others</td><td><img style="width:50%;" src="/media/images/logos/marchands/70.png" alt="FreshCo"></td><td><span itemprop="price">$3.00</span><span itemprop="eligibleQuantity" itemscope="" itemtype="http://schema.org/QuantitativeValue">/<span itemprop="unitText">500mL</span></span></td><td>$0.45/100g</td><td style="display: none;">2020-02-26</td><td style="display: none;"></td><td style="display: none;">Smucker's</td><td style="display: none;"></td><td style="display: none;"></td><td style="display: none;"></td><td style="display: none;"></td><td style="display: none;"></td><td style="display: none;"><a class="recipeLink" href="/recipe_ingredient_search_results.php?query=(_QU5E__1__________275__[]_1_1)">Recipes with jam</a></td></tr><tr role="row" class="even"><td tabindex="0"><i class="fas fa-hand-rock"></i></td><td class=" not_printable"><div class="addToGL" data-soscuisine-aisle="10" data-soscuisine-sip="3941361"><i class="fa fa-cart-plus" title="Add to My Grocery List"></i><div></div></div></td><td><img class="storeItemImage" alt="jam" src="/media/images/store_item/blank.jpg"></td><td>jam</td><td class="not_printable sorting_1">dry goods &amp; others</td><td><img style="width:50%;" src="/media/images/logos/marchands/19.png" alt="Loblaws"></td><td><span itemprop="price">$3.99</span><span itemprop="eligibleQuantity" itemscope="" itemtype="http://schema.org/QuantitativeValue">/<span itemprop="unitText">500mL</span></span></td><td>$0.60/100g</td><td style="display: none;">2020-02-26</td><td style="display: none;"></td><td style="display: none;">Kraft</td><td style="display: none;"></td><td style="display: none;">various types</td><td style="display: none;"></td><td style="display: none;"></td><td style="display: none;">PC Optimum members only</td><td style="display: none;"><a class="recipeLink" href="/recipe_ingredient_search_results.php?query=(_QU5E__1__________275__[]_1_1)">Recipes with jam</a></td></tr><tr role="row" class="odd"><td tabindex="0"><i class="fa fa-thumbs-down"></i></td><td class=" not_printable"><div class="addToGL" data-soscuisine-aisle="10" data-soscuisine-sip="3941363"><i class="fa fa-cart-plus" title="Add to My Grocery List"></i><div></div></div></td><td><img class="storeItemImage" alt="jam" src="/media/images/store_item/blank.jpg"></td><td>jam</td><td class="not_printable sorting_1">dry goods &amp; others</td><td><img style="width:50%;" src="/media/images/logos/marchands/19.png" alt="Loblaws"></td><td><span itemprop="price">$4.99</span><span itemprop="eligibleQuantity" itemscope="" itemtype="http://schema.org/QuantitativeValue">/<span itemprop="unitText">500mL</span></span></td><td>$0.74/100g</td><td style="display: none;">2020-02-26</td><td style="display: none;"></td><td style="display: none;">Kraft</td><td style="display: none;"></td><td style="display: none;">various types</td><td style="display: none;"></td><td style="display: none;"></td><td style="display: none;"></td><td style="display: none;"><a class="recipeLink" href="/recipe_ingredient_search_results.php?query=(_QU5E__1__________275__[]_1_1)">Recipes with jam</a></td></tr><tr role="row" class="even"><td tabindex="0"><i class="fas fa-hand-rock"></i></td><td class=" not_printable"><div class="addToGL" data-soscuisine-aisle="10" data-soscuisine-sip="3943669"><i class="fa fa-cart-plus" title="Add to My Grocery List"></i><div></div></div></td><td><img class="storeItemImage" alt="jam" src="/media/images/store_item/blank.jpg"></td><td>jam</td><td class="not_printable sorting_1">dry goods &amp; others</td><td><img style="width:50%;" src="/media/images/logos/marchands/15.png" alt="Sobeys"></td><td><span itemprop="price">$3.99</span><span itemprop="eligibleQuantity" itemscope="" itemtype="http://schema.org/QuantitativeValue">/<span itemprop="unitText">500mL</span></span></td><td>$0.60/100g</td><td style="display: none;">2020-02-26</td><td style="display: none;"></td><td style="display: none;">Smucker's</td><td style="display: none;"></td><td style="display: none;"></td><td style="display: none;"></td><td style="display: none;"></td><td style="display: none;"></td><td style="display: none;"><a class="recipeLink" href="/recipe_ingredient_search_results.php?query=(_QU5E__1__________275__[]_1_1)">Recipes with jam</a></td></tr><tr role="row" class="odd"><td tabindex="0"><i class="fas fa-hand-rock"></i></td><td class=" not_printable"><div class="addToGL" data-soscuisine-aisle="10" data-soscuisine-sip="3943257"><i class="fa fa-cart-plus" title="Add to My Grocery List"></i><div></div></div></td><td><img class="storeItemImage" alt="jam" src="/media/images/store_item/blank.jpg"></td><td>jam</td><td class="not_printable sorting_1">dry goods &amp; others</td><td><img style="width:50%;" src="/media/images/logos/marchands/39.png" alt="Your Independent Grocer"></td><td><span itemprop="price">$3.99</span><span itemprop="eligibleQuantity" itemscope="" itemtype="http://schema.org/QuantitativeValue">/<span itemprop="unitText">500mL</span></span></td><td>$0.60/100g</td><td style="display: none;">2020-02-26</td><td style="display: none;"></td><td style="display: none;">Kraft</td><td style="display: none;"></td><td style="display: none;">various types</td><td style="display: none;"></td><td style="display: none;"></td><td style="display: none;">PC Optimum members only</td><td style="display: none;"><a class="recipeLink" href="/recipe_ingredient_search_results.php?query=(_QU5E__1__________275__[]_1_1)">Recipes with jam</a></td></tr><tr role="row" class="even"><td tabindex="0"><i class="fa fa-thumbs-down"></i></td><td class=" not_printable"><div class="addToGL" data-soscuisine-aisle="10" data-soscuisine-sip="3943259"><i class="fa fa-cart-plus" title="Add to My Grocery List"></i><div></div></div></td><td><img class="storeItemImage" alt="jam" src="/media/images/store_item/blank.jpg"></td><td>jam</td><td class="not_printable sorting_1">dry goods &amp; others</td><td><img style="width:50%;" src="/media/images/logos/marchands/39.png" alt="Your Independent Grocer"></td><td><span itemprop="price">$4.99</span><span itemprop="eligibleQuantity" itemscope="" itemtype="http://schema.org/QuantitativeValue">/<span itemprop="unitText">500mL</span></span></td><td>$0.74/100g</td><td style="display: none;">2020-02-26</td><td style="display: none;"></td><td style="display: none;">Kraft</td><td style="display: none;"></td><td style="display: none;">various types</td><td style="display: none;"></td><td style="display: none;"></td><td style="display: none;"></td><td style="display: none;"><a class="recipeLink" href="/recipe_ingredient_search_results.php?query=(_QU5E__1__________275__[]_1_1)">Recipes with jam</a></td></tr><tr role="row" class="odd"><td tabindex="0"><i class="fa fa-thumbs-up"></i><i class="fa fa-thumbs-up"></i></td><td class=" not_printable"><div class="addToGL" data-soscuisine-aisle="10" data-soscuisine-sip="3945561"><i class="fa fa-cart-plus" title="Add to My Grocery List"></i><div></div></div></td><td><img class="storeItemImage" alt="peanut butter" src="/media/images/store_item/blank.jpg"></td><td>peanut butter</td><td class="not_printable sorting_1">dry goods &amp; others</td><td><img style="width:50%;" src="/media/images/logos/marchands/18.png" alt="Food Basics"></td><td><span itemprop="price">$3.47</span><span itemprop="eligibleQuantity" itemscope="" itemtype="http://schema.org/QuantitativeValue">/<span itemprop="unitText">1kg</span></span></td><td>$0.35/100g</td><td style="display: none;">2020-02-26</td><td style="display: none;"></td><td style="display: none;">house brand</td><td style="display: none;"></td><td style="display: none;"></td><td style="display: none;"></td><td style="display: none;"></td><td style="display: none;"></td><td style="display: none;"><a class="recipeLink" href="/recipe_ingredient_search_results.php?query=(_QU5E__1__________144__[]_1_1)">Recipes with peanut butter</a></td></tr><tr role="row" class="even"><td tabindex="0"><i class="fas fa-hand-rock"></i></td><td class=" not_printable"><div class="addToGL" data-soscuisine-aisle="10" data-soscuisine-sip="3945503"><i class="fa fa-cart-plus" title="Add to My Grocery List"></i><div></div></div></td><td><img class="storeItemImage" alt="peanut butter" src="/media/images/store_item/blank.jpg"></td><td>peanut butter</td><td class="not_printable sorting_1">dry goods &amp; others</td><td><img style="width:50%;" src="/media/images/logos/marchands/18.png" alt="Food Basics"></td><td><span itemprop="price">$4.99</span><span itemprop="eligibleQuantity" itemscope="" itemtype="http://schema.org/QuantitativeValue">/<span itemprop="unitText">1kg</span></span></td><td>$0.50/100g</td><td style="display: none;">2020-02-26</td><td style="display: none;"></td><td style="display: none;">Kraft</td><td style="display: none;"></td><td style="display: none;"></td><td style="display: none;"></td><td style="display: none;"></td><td style="display: none;"></td><td style="display: none;"><a class="recipeLink" href="/recipe_ingredient_search_results.php?query=(_QU5E__1__________144__[]_1_1)">Recipes with peanut butter</a></td></tr><tr role="row" class="odd"><td tabindex="0"><i class="fa fa-thumbs-up"></i><i class="fa fa-thumbs-up"></i></td><td class=" not_printable"><div class="addToGL" data-soscuisine-aisle="10" data-soscuisine-sip="3943245"><i class="fa fa-cart-plus" title="Add to My Grocery List"></i><div></div></div></td><td><img class="storeItemImage" alt="peanut butter" src="/media/images/store_item/blank.jpg"></td><td>peanut butter</td><td class="not_printable sorting_1">dry goods &amp; others</td><td><img style="width:50%;" src="/media/images/logos/marchands/16.png" alt="Foodland"></td><td><span itemprop="price">$3.99</span><span itemprop="eligibleQuantity" itemscope="" itemtype="http://schema.org/QuantitativeValue">/<span itemprop="unitText">1kg</span></span></td><td>$0.40/100g</td><td style="display: none;">2020-02-26</td><td style="display: none;"></td><td style="display: none;">house brand</td><td style="display: none;"></td><td style="display: none;"></td><td style="display: none;"></td><td style="display: none;"></td><td style="display: none;"></td><td style="display: none;"><a class="recipeLink" href="/recipe_ingredient_search_results.php?query=(_QU5E__1__________144__[]_1_1)">Recipes with peanut butter</a></td></tr><tr role="row" class="even"><td tabindex="0"><i class="fas fa-hand-rock"></i></td><td class=" not_printable"><div class="addToGL" data-soscuisine-aisle="10" data-soscuisine-sip="3943213"><i class="fa fa-cart-plus" title="Add to My Grocery List"></i><div></div></div></td><td><img class="storeItemImage" alt="peanut butter" src="/media/images/store_item/blank.jpg"></td><td>peanut butter</td><td class="not_printable sorting_1">dry goods &amp; others</td><td><img style="width:50%;" src="/media/images/logos/marchands/16.png" alt="Foodland"></td><td><span itemprop="price">$9.99</span><span itemprop="eligibleQuantity" itemscope="" itemtype="http://schema.org/QuantitativeValue">/<span itemprop="unitText">4.4lb (2kg)</span></span></td><td>$0.50/100g</td><td style="display: none;">2020-02-26</td><td style="display: none;"></td><td style="display: none;">Kraft</td><td style="display: none;"></td><td style="display: none;"></td><td style="display: none;"></td><td style="display: none;"></td><td style="display: none;"></td><td style="display: none;"><a class="recipeLink" href="/recipe_ingredient_search_results.php?query=(_QU5E__1__________144__[]_1_1)">Recipes with peanut butter</a></td></tr><tr role="row" class="odd"><td tabindex="0"><i class="fa fa-thumbs-up"></i><i class="fa fa-thumbs-up"></i></td><td class=" not_printable"><div class="addToGL" data-soscuisine-aisle="10" data-soscuisine-sip="3944177"><i class="fa fa-cart-plus" title="Add to My Grocery List"></i><div></div></div></td><td><img class="storeItemImage" alt="peanut butter" src="/media/images/store_item/blank.jpg"></td><td>peanut butter</td><td class="not_printable sorting_1">dry goods &amp; others</td><td><img style="width:50%;" src="/media/images/logos/marchands/70.png" alt="FreshCo"></td><td><span itemprop="price">$3.00</span><span itemprop="eligibleQuantity" itemscope="" itemtype="http://schema.org/QuantitativeValue">/<span itemprop="unitText">1kg</span></span></td><td>$0.30/100g</td><td style="display: none;">2020-02-26</td><td style="display: none;"></td><td style="display: none;">Planters</td><td style="display: none;"></td><td style="display: none;"></td><td style="display: none;"></td><td style="display: none;"></td><td style="display: none;"></td><td style="display: none;"><a class="recipeLink" href="/recipe_ingredient_search_results.php?query=(_QU5E__1__________144__[]_1_1)">Recipes with peanut butter</a></td></tr><tr role="row" class="even"><td tabindex="0"><i class="fa fa-thumbs-up"></i><i class="fa fa-thumbs-up"></i></td><td class=" not_printable"><div class="addToGL" data-soscuisine-aisle="10" data-soscuisine-sip="3943249"><i class="fa fa-cart-plus" title="Add to My Grocery List"></i><div></div></div></td><td><img class="storeItemImage" alt="peanut butter" src="/media/images/store_item/blank.jpg"></td><td>peanut butter</td><td class="not_printable sorting_1">dry goods &amp; others</td><td><img style="width:50%;" src="/media/images/logos/marchands/19.png" alt="Loblaws"></td><td><span itemprop="price">$3.99</span><span itemprop="eligibleQuantity" itemscope="" itemtype="http://schema.org/QuantitativeValue">/<span itemprop="unitText">1kg</span></span></td><td>$0.40/100g</td><td style="display: none;">2020-02-26</td><td style="display: none;"></td><td style="display: none;">Kraft</td><td style="display: none;"></td><td style="display: none;"></td><td style="display: none;"></td><td style="display: none;"></td><td style="display: none;">PC Optimum members only</td><td style="display: none;"><a class="recipeLink" href="/recipe_ingredient_search_results.php?query=(_QU5E__1__________144__[]_1_1)">Recipes with peanut butter</a></td></tr><tr role="row" class="odd"><td tabindex="0"><i class="fas fa-hand-rock"></i></td><td class=" not_printable"><div class="addToGL" data-soscuisine-aisle="10" data-soscuisine-sip="3943251"><i class="fa fa-cart-plus" title="Add to My Grocery List"></i><div></div></div></td><td><img class="storeItemImage" alt="peanut butter" src="/media/images/store_item/blank.jpg"></td><td>peanut butter</td><td class="not_printable sorting_1">dry goods &amp; others</td><td><img style="width:50%;" src="/media/images/logos/marchands/19.png" alt="Loblaws"></td><td><span itemprop="price">$4.99</span><span itemprop="eligibleQuantity" itemscope="" itemtype="http://schema.org/QuantitativeValue">/<span itemprop="unitText">1kg</span></span></td><td>$0.50/100g</td><td style="display: none;">2020-02-26</td><td style="display: none;"></td><td style="display: none;">Kraft</td><td style="display: none;"></td><td style="display: none;"></td><td style="display: none;"></td><td style="display: none;"></td><td style="display: none;"></td><td style="display: none;"><a class="recipeLink" href="/recipe_ingredient_search_results.php?query=(_QU5E__1__________144__[]_1_1)">Recipes with peanut butter</a></td></tr><tr role="row" class="even"><td tabindex="0"><i class="fa fa-thumbs-up"></i><i class="fa fa-thumbs-up"></i></td><td class=" not_printable"><div class="addToGL" data-soscuisine-aisle="10" data-soscuisine-sip="3944709"><i class="fa fa-cart-plus" title="Add to My Grocery List"></i><div></div></div></td><td><img class="storeItemImage" alt="peanut butter" src="/media/images/store_item/blank.jpg"></td><td>peanut butter</td><td class="not_printable sorting_1">dry goods &amp; others</td><td><img style="width:50%;" src="/media/images/logos/marchands/52.png" alt="Real Canadian Superstore"></td><td><span itemprop="price">$3.88</span><span itemprop="eligibleQuantity" itemscope="" itemtype="http://schema.org/QuantitativeValue">/<span itemprop="unitText">1kg</span></span></td><td>$0.39/100g</td><td style="display: none;">2020-02-26</td><td style="display: none;"></td><td style="display: none;">Kraft</td><td style="display: none;"></td><td style="display: none;"></td><td style="display: none;"></td><td style="display: none;"></td><td style="display: none;"></td><td style="display: none;"><a class="recipeLink" href="/recipe_ingredient_search_results.php?query=(_QU5E__1__________144__[]_1_1)">Recipes with peanut butter</a></td></tr><tr role="row" class="odd"><td tabindex="0"><i class="fa fa-thumbs-down"></i></td><td class=" not_printable"><div class="addToGL" data-soscuisine-aisle="10" data-soscuisine-sip="3943667"><i class="fa fa-cart-plus" title="Add to My Grocery List"></i><div></div></div></td><td><img class="storeItemImage" alt="peanut butter" src="/media/images/store_item/blank.jpg"></td><td>peanut butter</td><td class="not_printable sorting_1">dry goods &amp; others</td><td><img style="width:50%;" src="/media/images/logos/marchands/15.png" alt="Sobeys"></td><td><span itemprop="price">$3.99</span><span itemprop="eligibleQuantity" itemscope="" itemtype="http://schema.org/QuantitativeValue">/<span itemprop="unitText">500g</span></span></td><td>$0.80/100g</td><td style="display: none;">2020-02-26</td><td style="display: none;"></td><td style="display: none;">Jif</td><td style="display: none;"></td><td style="display: none;"></td><td style="display: none;"></td><td style="display: none;"></td><td style="display: none;"></td><td style="display: none;"><a class="recipeLink" href="/recipe_ingredient_search_results.php?query=(_QU5E__1__________144__[]_1_1)">Recipes with peanut butter</a></td></tr><tr role="row" class="even"><td tabindex="0"><i class="fa fa-thumbs-up"></i><i class="fa fa-thumbs-up"></i></td><td class=" not_printable"><div class="addToGL" data-soscuisine-aisle="10" data-soscuisine-sip="3943253"><i class="fa fa-cart-plus" title="Add to My Grocery List"></i><div></div></div></td><td><img class="storeItemImage" alt="peanut butter" src="/media/images/store_item/blank.jpg"></td><td>peanut butter</td><td class="not_printable sorting_1">dry goods &amp; others</td><td><img style="width:50%;" src="/media/images/logos/marchands/39.png" alt="Your Independent Grocer"></td><td><span itemprop="price">$3.99</span><span itemprop="eligibleQuantity" itemscope="" itemtype="http://schema.org/QuantitativeValue">/<span itemprop="unitText">1kg</span></span></td><td>$0.40/100g</td><td style="display: none;">2020-02-26</td><td style="display: none;"></td><td style="display: none;">Kraft</td><td style="display: none;"></td><td style="display: none;"></td><td style="display: none;"></td><td style="display: none;"></td><td style="display: none;">PC Optimum members only</td><td style="display: none;"><a class="recipeLink" href="/recipe_ingredient_search_results.php?query=(_QU5E__1__________144__[]_1_1)">Recipes with peanut butter</a></td></tr><tr role="row" class="odd"><td tabindex="0"><i class="fas fa-hand-rock"></i></td><td class=" not_printable"><div class="addToGL" data-soscuisine-aisle="10" data-soscuisine-sip="3943255"><i class="fa fa-cart-plus" title="Add to My Grocery List"></i><div></div></div></td><td><img class="storeItemImage" alt="peanut butter" src="/media/images/store_item/blank.jpg"></td><td>peanut butter</td><td class="not_printable sorting_1">dry goods &amp; others</td><td><img style="width:50%;" src="/media/images/logos/marchands/39.png" alt="Your Independent Grocer"></td><td><span itemprop="price">$4.99</span><span itemprop="eligibleQuantity" itemscope="" itemtype="http://schema.org/QuantitativeValue">/<span itemprop="unitText">1kg</span></span></td><td>$0.50/100g</td><td style="display: none;">2020-02-26</td><td style="display: none;"></td><td style="display: none;">Kraft</td><td style="display: none;"></td><td style="display: none;"></td><td style="display: none;"></td><td style="display: none;"></td><td style="display: none;">PC Optimum members only</td><td style="display: none;"><a class="recipeLink" href="/recipe_ingredient_search_results.php?query=(_QU5E__1__________144__[]_1_1)">Recipes with peanut butter</a></td></tr><tr role="row" class="even"><td tabindex="0"><i class="fa fa-thumbs-up"></i><i class="fa fa-thumbs-up"></i></td><td class=" not_printable"><div class="addToGL" data-soscuisine-aisle="10" data-soscuisine-sip="3945941"><i class="fa fa-cart-plus" title="Add to My Grocery List"></i><div></div></div></td><td><img class="storeItemImage" alt="pure lard" src="/media/images/store_item/blank.jpg"></td><td>pure lard</td><td class="not_printable sorting_1">dry goods &amp; others</td><td><img style="width:50%;" src="/media/images/logos/marchands/20.png" alt="Metro"></td><td><span itemprop="price">$5.00</span><span itemprop="eligibleQuantity" itemscope="" itemtype="http://schema.org/QuantitativeValue">/<span itemprop="value">2</span>x<span itemprop="unitText">454g (1lb)</span></span></td><td>$0.55/100g</td><td style="display: none;">2020-02-26</td><td style="display: none;"></td><td style="display: none;">Tenderflake</td><td style="display: none;"></td><td style="display: none;"></td><td style="display: none;"></td><td style="display: none;"></td><td style="display: none;"></td><td style="display: none;"><a class="recipeLink" href="/recipe_ingredient_search_results.php?query=(_QU5E__1__________430__[]_1_1)">Recipes with pure lard</a></td></tr><tr role="row" class="odd"><td tabindex="0"><i class="fas fa-hand-rock"></i></td><td class=" not_printable"><div class="addToGL" data-soscuisine-aisle="10" data-soscuisine-sip="3943189"><i class="fa fa-cart-plus" title="Add to My Grocery List"></i><div></div></div></td><td><img class="storeItemImage" alt="sport drink" src="/media/images/store_item/blank.jpg"></td><td>sport drink</td><td class="not_printable sorting_1">dry goods &amp; others</td><td><img style="width:50%;" src="/media/images/logos/marchands/16.png" alt="Foodland"></td><td><span itemprop="price">$1.25</span><span itemprop="eligibleQuantity" itemscope="" itemtype="http://schema.org/QuantitativeValue">/<span itemprop="unitText">710mL</span></span></td><td>$0.18/100mL</td><td style="display: none;">2020-02-26</td><td style="display: none;"></td><td style="display: none;">Gatorade</td><td style="display: none;"></td><td style="display: none;"></td><td style="display: none;"></td><td style="display: none;"></td><td style="display: none;"></td><td style="display: none;"><a class="recipeLink" href="/recipe_ingredient_search_results.php?query=(_QU5E__1__________1070__[]_1_1)">Recipes with sport drink</a></td></tr><tr role="row" class="even"><td tabindex="0"><i class="fa fa-thumbs-up"></i><i class="fa fa-thumbs-up"></i></td><td class=" not_printable"><div class="addToGL" data-soscuisine-aisle="10" data-soscuisine-sip="3941927"><i class="fa fa-cart-plus" title="Add to My Grocery List"></i><div></div></div></td><td><img class="storeItemImage" alt="sport drink" src="/media/images/store_item/blank.jpg"></td><td>sport drink</td><td class="not_printable sorting_1">dry goods &amp; others</td><td><img style="width:50%;" src="/media/images/logos/marchands/19.png" alt="Loblaws"></td><td><span itemprop="price">$11.99</span><span itemprop="eligibleQuantity" itemscope="" itemtype="http://schema.org/QuantitativeValue">/<span itemprop="value">24</span>x<span itemprop="unitText">20oz (591mL)</span></span></td><td>$0.08/100mL</td><td style="display: none;">2020-02-26</td><td style="display: none;"></td><td style="display: none;">Gatorade</td><td style="display: none;"></td><td style="display: none;"></td><td style="display: none;"></td><td style="display: none;"></td><td style="display: none;">or Powerade</td><td style="display: none;"><a class="recipeLink" href="/recipe_ingredient_search_results.php?query=(_QU5E__1__________1070__[]_1_1)">Recipes with sport drink</a></td></tr><tr role="row" class="odd"><td tabindex="0"><i class="fa fa-thumbs-up"></i><i class="fa fa-thumbs-up"></i></td><td class=" not_printable"><div class="addToGL" data-soscuisine-aisle="10" data-soscuisine-sip="3945405"><i class="fa fa-cart-plus" title="Add to My Grocery List"></i><div></div></div></td><td><img class="storeItemImage" alt="sport drink" src="/media/images/store_item/blank.jpg"></td><td>sport drink</td><td class="not_printable sorting_1">dry goods &amp; others</td><td><img style="width:50%;" src="/media/images/logos/marchands/14.png" alt="No Frills"></td><td><span itemprop="price">$1.00</span><span itemprop="eligibleQuantity" itemscope="" itemtype="http://schema.org/QuantitativeValue">/<span itemprop="unitText">950mL</span></span></td><td>$0.11/100mL</td><td style="display: none;">2020-02-26</td><td style="display: none;"></td><td style="display: none;">Gatorade</td><td style="display: none;"></td><td style="display: none;"></td><td style="display: none;"></td><td style="display: none;"></td><td style="display: none;"></td><td style="display: none;"><a class="recipeLink" href="/recipe_ingredient_search_results.php?query=(_QU5E__1__________1070__[]_1_1)">Recipes with sport drink</a></td></tr><tr role="row" class="even"><td tabindex="0"><i class="fa fa-thumbs-up"></i><i class="fa fa-thumbs-up"></i></td><td class=" not_printable"><div class="addToGL" data-soscuisine-aisle="10" data-soscuisine-sip="3944913"><i class="fa fa-cart-plus" title="Add to My Grocery List"></i><div></div></div></td><td><img class="storeItemImage" alt="sport drink" src="/media/images/store_item/blank.jpg"></td><td>sport drink</td><td class="not_printable sorting_1">dry goods &amp; others</td><td><img style="width:50%;" src="/media/images/logos/marchands/52.png" alt="Real Canadian Superstore"></td><td><span itemprop="price">$14.98</span><span itemprop="eligibleQuantity" itemscope="" itemtype="http://schema.org/QuantitativeValue">/<span itemprop="value">24</span>x<span itemprop="unitText">20oz (591mL)</span></span></td><td>$0.11/100mL</td><td style="display: none;">2020-02-26</td><td style="display: none;"></td><td style="display: none;">Gatorade</td><td style="display: none;"></td><td style="display: none;"></td><td style="display: none;"></td><td style="display: none;"></td><td style="display: none;"></td><td style="display: none;"><a class="recipeLink" href="/recipe_ingredient_search_results.php?query=(_QU5E__1__________1070__[]_1_1)">Recipes with sport drink</a></td></tr><tr role="row" class="odd"><td tabindex="0"><i class="fas fa-hand-rock"></i></td><td class=" not_printable"><div class="addToGL" data-soscuisine-aisle="10" data-soscuisine-sip="3941341"><i class="fa fa-cart-plus" title="Add to My Grocery List"></i><div></div></div></td><td><img class="storeItemImage" alt="sport drink" src="/media/images/store_item/blank.jpg"></td><td>sport drink</td><td class="not_printable sorting_1">dry goods &amp; others</td><td><img style="width:50%;" src="/media/images/logos/marchands/74.png" alt="Walmart"></td><td><span itemprop="price">$10.00</span><span itemprop="eligibleQuantity" itemscope="" itemtype="http://schema.org/QuantitativeValue">/<span itemprop="value">12</span>x<span itemprop="unitText">20oz (591mL)</span></span></td><td>$0.14/100mL</td><td style="display: none;">2020-02-26</td><td style="display: none;"></td><td style="display: none;">Gatorade</td><td style="display: none;"></td><td style="display: none;"></td><td style="display: none;"></td><td style="display: none;"></td><td style="display: none;"></td><td style="display: none;"><a class="recipeLink" href="/recipe_ingredient_search_results.php?query=(_QU5E__1__________1070__[]_1_1)">Recipes with sport drink</a></td></tr><tr role="row" class="even"><td tabindex="0"><i class="fas fa-hand-rock"></i></td><td class=" not_printable"><div class="addToGL" data-soscuisine-aisle="10" data-soscuisine-sip="3941339"><i class="fa fa-cart-plus" title="Add to My Grocery List"></i><div></div></div></td><td><img class="storeItemImage" alt="sport drink" src="/media/images/store_item/blank.jpg"></td><td>sport drink</td><td class="not_printable sorting_1">dry goods &amp; others</td><td><img style="width:50%;" src="/media/images/logos/marchands/74.png" alt="Walmart"></td><td><span itemprop="price">$5.97</span><span itemprop="eligibleQuantity" itemscope="" itemtype="http://schema.org/QuantitativeValue">/<span itemprop="value">6</span>x<span itemprop="unitText">20oz (591mL)</span></span></td><td>$0.17/100mL</td><td style="display: none;">2020-02-26</td><td style="display: none;"></td><td style="display: none;">Gatorade</td><td style="display: none;"></td><td style="display: none;"></td><td style="display: none;"></td><td style="display: none;"></td><td style="display: none;"></td><td style="display: none;"><a class="recipeLink" href="/recipe_ingredient_search_results.php?query=(_QU5E__1__________1070__[]_1_1)">Recipes with sport drink</a></td></tr><tr role="row" class="odd"><td tabindex="0"><i class="fa fa-thumbs-up"></i><i class="fa fa-thumbs-up"></i></td><td class=" not_printable"><div class="addToGL" data-soscuisine-aisle="10" data-soscuisine-sip="3943631"><i class="fa fa-cart-plus" title="Add to My Grocery List"></i><div></div></div></td><td><img class="storeItemImage" alt="sport drink" src="/media/images/store_item/blank.jpg"></td><td>sport drink</td><td class="not_printable sorting_1">dry goods &amp; others</td><td><img style="width:50%;" src="/media/images/logos/marchands/39.png" alt="Your Independent Grocer"></td><td><span itemprop="price">$14.99</span><span itemprop="eligibleQuantity" itemscope="" itemtype="http://schema.org/QuantitativeValue">/<span itemprop="value">24</span>x<span itemprop="unitText">20oz (591mL)</span></span></td><td>$0.11/100mL</td><td style="display: none;">2020-02-26</td><td style="display: none;"></td><td style="display: none;">Gatorade</td><td style="display: none;"></td><td style="display: none;"></td><td style="display: none;"></td><td style="display: none;"></td><td style="display: none;">or Powerade</td><td style="display: none;"><a class="recipeLink" href="/recipe_ingredient_search_results.php?query=(_QU5E__1__________1070__[]_1_1)">Recipes with sport drink</a></td></tr><tr role="row" class="even"><td tabindex="0"><i class="fa fa-thumbs-up"></i></td><td class=" not_printable"><div class="addToGL" data-soscuisine-aisle="10" data-soscuisine-sip="3945939"><i class="fa fa-cart-plus" title="Add to My Grocery List"></i><div></div></div></td><td><img class="storeItemImage" alt="vegetable shortening" src="/media/images/store_item/blank.jpg"></td><td>vegetable shortening</td><td class="not_printable sorting_1">dry goods &amp; others</td><td><img style="width:50%;" src="/media/images/logos/marchands/20.png" alt="Metro"></td><td><span itemprop="price">$5.00</span><span itemprop="eligibleQuantity" itemscope="" itemtype="http://schema.org/QuantitativeValue">/<span itemprop="value">2</span>x<span itemprop="unitText">454g (1lb)</span></span></td><td>$5.51/kg</td><td style="display: none;">2020-02-26</td><td style="display: none;"></td><td style="display: none;">Crisco</td><td style="display: none;"></td><td style="display: none;"></td><td style="display: none;"></td><td style="display: none;"></td><td style="display: none;"></td><td style="display: none;"><a class="recipeLink" href="/recipe_ingredient_search_results.php?query=(_QU5E__1__________923__[]_1_1)">Recipes with vegetable shortening</a></td></tr><tr role="row" class="odd"><td tabindex="0"><i class="fa fa-thumbs-down"></i></td><td class=" not_printable"><div class="addToGL" data-soscuisine-aisle="10" data-soscuisine-sip="3945039"><i class="fa fa-cart-plus" title="Add to My Grocery List"></i><div></div></div></td><td><img class="storeItemImage" alt="vegetable stock" src="/media/images/store_item/blank.jpg"></td><td>vegetable stock</td><td class="not_printable sorting_1">dry goods &amp; others</td><td><img style="width:50%;" src="/media/images/logos/marchands/38.png" alt="Farm Boy"></td><td><span itemprop="price">$3.99</span><span itemprop="eligibleQuantity" itemscope="" itemtype="http://schema.org/QuantitativeValue">/<span itemprop="unitText">946mL</span></span></td><td>$4.22/L</td><td style="display: none;">2020-02-26</td><td style="display: none;"></td><td style="display: none;">Pacific</td><td style="display: none;"></td><td style="display: none;"></td><td style="display: none;">Organic</td><td style="display: none;"></td><td style="display: none;"></td><td style="display: none;"><a class="recipeLink" href="/recipe_ingredient_search_results.php?query=(_QU5E__1__________287__[]_1_1)">Recipes with vegetable stock</a></td></tr><tr role="row" class="even"><td tabindex="0"><i class="fa fa-thumbs-up"></i><i class="fa fa-thumbs-up"></i></td><td class=" not_printable"><div class="addToGL" data-soscuisine-aisle="26" data-soscuisine-sip="3945425"><i class="fa fa-cart-plus" title="Add to My Grocery List"></i><div></div></div></td><td><img class="storeItemImage" alt="crackers, gluten-free" src="/media/images/store_item/blank.jpg"></td><td>crackers, gluten-free</td><td class="not_printable sorting_1">gluten-free</td><td><img style="width:50%;" src="/media/images/logos/marchands/14.png" alt="No Frills"></td><td><span itemprop="price">$1.00</span><span itemprop="eligibleQuantity" itemscope="" itemtype="http://schema.org/QuantitativeValue">/<span itemprop="unitText">100g</span></span></td><td>$1.00/100g</td><td style="display: none;">2020-02-26</td><td style="display: none;"></td><td style="display: none;">house brand</td><td style="display: none;"></td><td style="display: none;">rice</td><td style="display: none;"></td><td style="display: none;"></td><td style="display: none;"></td><td style="display: none;"><a class="recipeLink" href="/recipe_ingredient_search_results.php?query=(_QU5E__1__________1164__[]_1_1)">Recipes with crackers, gluten-free</a></td></tr><tr role="row" class="odd"><td tabindex="0"><i class="fas fa-exclamation"></i></td><td class=" not_printable"><div class="addToGL" data-soscuisine-aisle="26" data-soscuisine-sip="3945041"><i class="fa fa-cart-plus" title="Add to My Grocery List"></i><div></div></div></td><td><img class="storeItemImage" alt="konjac/shirataki noodles" src="/media/images/store_item/blank.jpg"></td><td>konjac/shirataki noodles</td><td class="not_printable sorting_1">gluten-free</td><td><img style="width:50%;" src="/media/images/logos/marchands/38.png" alt="Farm Boy"></td><td><span itemprop="price">$6.00</span><span itemprop="eligibleQuantity" itemscope="" itemtype="http://schema.org/QuantitativeValue">/<span itemprop="value">2</span>x<span itemprop="unitText">7.4oz (210g)</span></span></td><td>$1.43/100g</td><td style="display: none;">2020-02-26</td><td style="display: none;"></td><td style="display: none;">NuPasta</td><td style="display: none;"></td><td style="display: none;"></td><td style="display: none;"></td><td style="display: none;"></td><td style="display: none;"></td><td style="display: none;"><a class="recipeLink" href="/recipe_ingredient_search_results.php?query=(_QU5E__1__________1283__[]_1_1)">Recipes with konjac/shirataki noodles</a></td></tr></tbody>
                </table><div class="dataTables_info" id="example_info" role="status" aria-live="polite">Showing 1 to 1,069 of 1,070 results</div><div class="dataTables_paginate paging_simple_numbers"><a class="paginate_button previous disabled" aria-controls="example" data-dt-idx="0" tabindex="0">&lt;&lt;</a><span><a class="paginate_button current" aria-controls="example" data-dt-idx="1" tabindex="0">1</a></span><a class="paginate_button next disabled" aria-controls="example" data-dt-idx="2" tabindex="0">&gt;&gt;</a></div></div>
            </div>
        </div>
    </div>
</div>
<script>
  var dataTableDeferLoading = 132;
</script>
<div class="row sios-legend" id="legend">
    <div class="col-xs-12 col-sm-12 col-md-12 col-lg-12" style="text-align: center;text-decoration: underline;">
        LEGEND:
    </div>
    <div class="col-xs-1 col-sm-1 col-md-1 col-lg-1"></div>
    <div class="col-xs-12 col-sm-2 col-md-2 col-lg-2">
        <div class="very-light-grey-bg legend-box">
            <b>Great bargain</b>
            <i class="fa fa-thumbs-up right"></i><i class="fa fa-thumbs-up right"></i><br>
            This product is very rarely cheaper at this time of year in your region - Stock up!        </div>
    </div>
    <div class="col-xs-12 col-sm-2 col-md-2 col-lg-2">
        <div class="very-light-grey-bg legend-box">
            <b>Bargain</b>
            <i class="fa fa-thumbs-up right"></i><br>
            This product is rarely cheaper at this time of year in your region - Stock up!        </div>
    </div>
    <div class="col-xs-12 col-sm-2 col-md-2 col-lg-2">
        <div class="very-light-grey-bg legend-box">
            <b>So-so</b>
            <i class="fas fa-hand-rock right"></i><br>
            The price is about average for this time of year in your region.        </div>
    </div>
    <div class="col-xs-12 col-sm-2 col-md-2 col-lg-2">
        <div class="very-light-grey-bg legend-box">
            <b>Pricey</b>
            <i class="fa fa-thumbs-down right"></i><br>
            This product is usually cheaper at this time of year in your region - Buy if quality is worth it or if really needed.        </div>
    </div>
    <div class="col-xs-12 col-sm-2 col-md-2 col-lg-2">
        <div class="very-light-grey-bg legend-box">
            <b>
                Not qualifiable            </b>
            <i class="fas fa-exclamation right"></i>
            <i class="fas fa-circle right" style="padding-right:5px"></i><br>
            The price cannot be qualified, due either to insufficient data provided by the merchant (<i class="fas fa-circle"></i>), or insufficient historical data (<i class="fas fa-exclamation"></i>).        </div>
    </div>
    <div class="col-xs-1 col-sm-1 col-md-1 col-lg-1"></div>
</div>
<script src="/wp-content/themes/soscuisinewp/js/sios-page.js?12=19"></script>
<!-- FIN TUTORIAL -->
<div id="newsletterPopup">
    <div class="popupContent">
        <div class="newsletterPopupContent">
            <p class="newsletterPopupSubtitle">
                Our weekly newsletter includes:            </p>
            <ul class="newsletterInclusion">
	            <li>Recipes, tips  and advice on healthy eating</li>
                         <li>Occasional promotions on products &amp; services from SOSCuisine and some trusted partners</li>
                         <li>Occasional invitations to help scientific research by answering surveys or participating in studies</li>
                         <li>Your email address will never be shared without your permission and you may unsubscribe at any time.</li></ul>
                         <div class="sosCuisineAddress">SOSCuisine, 3470 Stanley, Suite 1605, Montreal, QC, H3A 1R9, Canada.</div>            <form id="NLFooterForm" class="feedback-form" action="/" method="POST" name="NLFooterForm">
                <fieldset style="padding-bottom: 0px; padding-top: 0px;">
                    <input class="nLSubscriberEmail" type="email" placeholder="Enter your email" name="email">
                    <input class="nLLanguage" type="hidden" name="language" value="en">
                </fieldset>
                <div class="NLhidden emailExist">
                    <p>
                        This email exists already                    </p>
                </div>
                <div class="NLhidden alreadyMember">
                    <p>
                        You are already a member                    </p>
                </div>
                <div class="NLhidden randomError">
                    <p>
	                    Sorry an error occurred                    </p>
                </div>
                <div class="NLhidden newsletterInscriptionSuccess">
                    <p>
	                    You are now subscribed to our newsletter                    </p>
                </div>
                <div class="NLbuttons">
                    <a class="cancelButton" id="close">
                        Close                    </a>
                    <button class="validButton" value="send" type="submit" id="confirm">
	                    Confirm                    </button>
                </div>
            </form>
        </div>
    </div>
</div>
</main>
	</div><div id="_atssh" style="visibility: hidden; height: 1px; width: 1px; position: absolute; top: -9999px; z-index: 100000;"><iframe id="_atssh380" title="AddThis utility frame" style="height: 1px; width: 1px; position: absolute; top: 0px; z-index: 100000; border: 0px; left: 0px; overflow: hidden;" scrolling="no" src="https://s7.addthis.com/static/sh.f48a1a04fe8dbf021b4cda1d.html#rand=0.45764962857188807&amp;iit=1582343222325&amp;tmr=load%3D1582343222072%26core%3D1582343222093%26main%3D1582343222323%26ifr%3D1582343222326&amp;cb=0&amp;cdn=0&amp;md=0&amp;kw=&amp;ab=-&amp;dh=www.soscuisine.com&amp;dr=&amp;du=https%3A%2F%2Fwww.soscuisine.com%2Fgrocery-flyers%2F&amp;href=https%3A%2F%2Fwww.soscuisine.com%2Fgrocery-flyers%2F&amp;dt=Flyer%20Specials&amp;dbg=0&amp;cap=tc%3D0%26ab%3D0&amp;inst=1&amp;jsl=1&amp;prod=undefined&amp;lng=en&amp;ogt=site_name%2Curl%2Ctype%3Darticle%2Clocale%2Cimage&amp;pc=wpp&amp;pub=SOSCuisine&amp;ssl=1&amp;sid=5e50a43640444bd3&amp;srf=0.01&amp;ver=300&amp;xck=0&amp;xtr=0&amp;og=image%3D%26locale%3Den_US%26type%3Darticle%26url%3Dhttps%253A%252F%252Fwww.soscuisine.com%252Fgrocery-flyers%252F%26site_name%3DSOSCuisine&amp;csi=undefined&amp;rev=v8.28.3-wp&amp;ct=1&amp;xld=1&amp;xd=1"></iframe></div><style id="service-icons-0"></style>
	<div id="fb-root" class=" fb_reset"><div style="position: absolute; top: -10000px; width: 0px; height: 0px;"><div></div></div></div>
<script src="/wp-content/themes/soscuisinewp/js/bootstrap.min.js"></script>
<script src="/wp-content/themes/soscuisinewp/js/footer-enhanced.js"></script>
	<!-- include jQuery library -->
<script type="text/javascript" src="https://www.soscuisine.com/wp-content/themes/soscuisinewp/js/min/jquery-ui.min.js"></script>
<script src="//www.google-analytics.com/analytics.js"></script>
	<!-- include bootstrap JavaScript -->
	<script type="text/javascript" src="https://www.soscuisine.com/wp-content/themes/soscuisinewp/js/jquery.main.js?01=13"></script>
<script>(function(d, s, id) {
  var js, fjs = d.getElementsByTagName(s)[0];
  if (d.getElementById(id)) return;
  js = d.createElement(s); js.id = id;
  js.src = "//connect.facebook.net/en_US/sdk.js#xfbml=1&version=v2.5";
  fjs.parentNode.insertBefore(js, fjs);
}(document, 'script', 'facebook-jssdk'));</script>
 <!-- Instagram Feed JS -->
<script type="text/javascript">
var sbiajaxurl = "https://www.soscuisine.com/wp-admin/admin-ajax.php";
</script>
<script type="text/javascript" src="https://www.soscuisine.com/wp-content/plugins/wpsocialite/Socialite/socialite.min.js?ver=2.0"></script>
<script type="text/javascript" src="https://www.soscuisine.com/wp-content/plugins/wpsocialite/wpsocialite.js?ver=1.0"></script>
<script type="text/javascript" src="https://www.soscuisine.com/wp-content/plugins/zingtree/js/zt-popup-modal.js?ver=4.9.8"></script><div id="zt-modal" style="display: none; position: fixed; z-index: 1; top: 0px; right: 0px; bottom: 0px; left: 0px; width: 100%; height: 100%; overflow: auto scroll; background-color: rgba(0, 0, 0, 0.4); outline: 0px;">    <div id="zt-modal-content" style="background-color: rgb(254, 254, 254); margin: 3% auto; padding: 20px; border: 1px solid rgb(136, 136, 136); width: 66%;">        <a onclick="close_popup();"><span class="close" id="zt-popup-close" style="color: red; float: right; font-size: 28px; font-weight: bold;">×</span></a>        <iframe id="zt-popup" seamless="" frameborder="0" width="100%" height="1" scrolling="no" style="overflow: hidden;"></iframe>    </div></div>
<script type="text/javascript" src="https://www.soscuisine.com/wp-content/plugins/wp-jquery-lightbox/jquery.touchwipe.min.js?ver=1.4.6"></script>
<script type="text/javascript">
/* <![CDATA[ */
var JQLBSettings = {"showTitle":"1","showCaption":"0","showNumbers":"0","fitToScreen":"0","resizeSpeed":"400","showDownload":"0","navbarOnTop":"0","marginSize":"0","slideshowSpeed":"4000","prevLinkTitle":"previous image","nextLinkTitle":"next image","closeTitle":"close image gallery","image":"Image ","of":" of ","download":"Download","pause":"(pause slideshow)","play":"(play slideshow)"};
/* ]]> */
</script>
<script type="text/javascript" src="https://www.soscuisine.com/wp-content/plugins/wp-jquery-lightbox/jquery.lightbox.min.js?ver=1.4.6"></script>
<script type="text/javascript" src="https://www.soscuisine.com/wp-includes/js/wp-embed.min.js?ver=4.9.8"></script>
<script type="text/javascript">Socialite.setup({facebook:{lang:'en_US',appId:null},twitter:{lang:'en'},googleplus:{lang:'en'},vkontakte:{apiId:''}});</script>
     <footer id="footer" class="not_printable">
         <div class="footer-holder">
             <div class="topFooter">
                     <a href="/contact-us">
                         <div class="col-md-4 topFooterSection">
                             <h4>
					             Customer Service                             </h4>
                             <p class="topFooterContent">
                                 <i class="fa fa-question-circle helpIcon"></i>
					             Get Help or Contact Us                             </p>
                         </div>
                     </a>
	                                  <div class="col-md-4 topFooterSection"></div>
	                              <div class="col-md-4 topFooterSection">
                     <h4>Follow us</h4>
                     <p class="rsIcons">
                         <a href="http://www.facebook.com/soscuisine" class="rsIcon">
                             <i class="fab fa-facebook-square facebook"></i>
                         </a>
                         <a href="https://instagram.com/sos_cuisine/" class="rsIcon">
                            <i class="fab fa-instagram instagram"></i>
                         </a>
                         <a href="https://www.pinterest.com/soscuisine/" class="rsIcon">
                            <i class="fab fa-pinterest-square pinterest"></i>
                         </a>
                         <a href="https://twitter.com/SOSCuisine" class="rsIcon">
                            <i class="fab fa-twitter-square twitter"></i>
                         </a>
                         <a href="/en/blog" class="rsIcon">
                            <i class="fas fa-rss-square rss"></i>
                         </a>
                         <a href="https://www.youtube.com/channel/UCfOTFRJaJJdlj5ivtNuzlaw" class="rsIconYT">
                             <i class="fab fa-youtube youtube"></i>
                         </a>
                     </p>
                 </div>
             </div>
         </div>
         <div class="bottomFooter">
             <div class="footer-columns" data-url="/legacy-footer/">
                 <div class="col"><strong class="title">About</strong><div class="item-slide"><ul id="menu-about" class="list-links"><li id="menu-item-59559" class="menu-item menu-item-type-post_type menu-item-object-page menu-item-59559"><a href="https://www.soscuisine.com/company/">Company</a></li>
<li id="menu-item-59561" class="menu-item menu-item-type-post_type menu-item-object-page menu-item-59561"><a href="https://www.soscuisine.com/leadership-team/">Leadership</a></li>
<li id="menu-item-59563" class="menu-item menu-item-type-post_type menu-item-object-page menu-item-59563"><a href="https://www.soscuisine.com/nutrition-team/">Nutrition</a></li>
<li id="menu-item-59565" class="menu-item menu-item-type-post_type menu-item-object-page menu-item-59565"><a href="https://www.soscuisine.com/careers/">Careers</a></li>
<li id="menu-item-217" class="menu-item menu-item-type-custom menu-item-object-custom menu-item-217"><a href="/en/contact">Contact Us</a></li>
</ul></div></div><div class="col"><strong class="title">Offering</strong><div class="item-slide"><ul id="menu-offering" class="list-links"><li id="menu-item-59557" class="menu-item menu-item-type-post_type menu-item-object-page menu-item-59557"><a href="https://www.soscuisine.com/plans-pricing/">Pricing</a></li>
<li id="menu-item-59553" class="menu-item menu-item-type-post_type menu-item-object-page menu-item-59553"><a href="https://www.soscuisine.com/features/">Features</a></li>
<li id="menu-item-59555" class="menu-item menu-item-type-post_type menu-item-object-page menu-item-59555"><a href="https://www.soscuisine.com/testimonials/">Testimonials</a></li>
<li id="menu-item-221" class="menu-item menu-item-type-custom menu-item-object-custom menu-item-221"><a href="/en/faq">FAQ</a></li>
<li id="menu-item-55769" class="menu-item menu-item-type-post_type menu-item-object-page menu-item-55769"><a href="https://www.soscuisine.com/books/">Books</a></li>
</ul></div></div><div class="col"><strong class="title">Media</strong><div class="item-slide"><ul id="menu-media" class="list-links"><li id="menu-item-222" class="menu-item menu-item-type-custom menu-item-object-custom menu-item-222"><a href="/media-kit">Media Kit</a></li>
<li id="menu-item-223" class="menu-item menu-item-type-custom menu-item-object-custom menu-item-223"><a href="/media-coverage">Media Coverage</a></li>
<li id="menu-item-224" class="menu-item menu-item-type-custom menu-item-object-custom menu-item-224"><a href="/press-releases">Press Releases</a></li>
<li id="menu-item-225" class="menu-item menu-item-type-custom menu-item-object-custom menu-item-225"><a href="/advertise">Advertise</a></li>
</ul></div></div><div class="col"><strong class="title">Partners</strong><div class="item-slide"><ul id="menu-partners" class="list-links"><li id="menu-item-226" class="menu-item menu-item-type-custom menu-item-object-custom menu-item-226"><a href="/partners/">Our Partners</a></li>
<li id="menu-item-227" class="menu-item menu-item-type-custom menu-item-object-custom menu-item-227"><a href="/partners/become-partner/">Becoming a Partner</a></li>
<li id="menu-item-228" class="menu-item menu-item-type-custom menu-item-object-custom menu-item-228"><a href="/professionals/">Health Professionals</a></li>
</ul></div></div>                                                  </div>
             <p class="item-list copyrightSection" itemscope="" itemtype="https://schema.org/Organization">
                 © 2005-2020 <span itemprop="legalName">Sukha Technologies Inc</span>.
                 <span itemprop="brand" itemscope="" itemtype="https://schema.org/Brand">
                     <span itemprop="name">SOS Cuisine</span>. All rights reserved.                 </span>
                 <a href="/terms-and-conditions">
			         Terms &amp; Conditions                 </a>
                 <a href="/privacy-policy">
			         Privacy Policy                 </a>
             </p>
             <!-- Instagram Feed JS -->
<script type="text/javascript">
var sbiajaxurl = "https://www.soscuisine.com/wp-admin/admin-ajax.php";
</script>
<script type="text/javascript">Socialite.setup({facebook:{lang:'en_US',appId:null},twitter:{lang:'en'},googleplus:{lang:'en'},vkontakte:{apiId:''}});</script>         </div>
     </footer>
        


<div role="log" aria-live="assertive" aria-relevant="additions" class="ui-helper-hidden-accessible"></div><div role="log" aria-live="assertive" aria-relevant="additions" class="ui-helper-hidden-accessible"></div><div role="log" aria-live="assertive" aria-relevant="additions" class="ui-helper-hidden-accessible"></div><div role="log" aria-live="assertive" aria-relevant="additions" class="ui-helper-hidden-accessible"></div><div role="log" aria-live="assertive" aria-relevant="additions" class="ui-helper-hidden-accessible"></div><div role="log" aria-live="assertive" aria-relevant="additions" class="ui-helper-hidden-accessible"></div><div role="log" aria-live="assertive" aria-relevant="additions" class="ui-helper-hidden-accessible"></div><div role="log" aria-live="assertive" aria-relevant="additions" class="ui-helper-hidden-accessible"></div><div role="log" aria-live="assertive" aria-relevant="additions" class="ui-helper-hidden-accessible"></div><div role="log" aria-live="assertive" aria-relevant="additions" class="ui-helper-hidden-accessible"></div><div role="log" aria-live="assertive" aria-relevant="additions" class="ui-helper-hidden-accessible"></div><div role="log" aria-live="assertive" aria-relevant="additions" class="ui-helper-hidden-accessible"></div><div role="log" aria-live="assertive" aria-relevant="additions" class="ui-helper-hidden-accessible"></div><div role="log" aria-live="assertive" aria-relevant="additions" class="ui-helper-hidden-accessible"></div><div role="log" aria-live="assertive" aria-relevant="additions" class="ui-helper-hidden-accessible"></div><div role="log" aria-live="assertive" aria-relevant="additions" class="ui-helper-hidden-accessible"></div><div role="log" aria-live="assertive" aria-relevant="additions" class="ui-helper-hidden-accessible"></div><div role="log" aria-live="assertive" aria-relevant="additions" class="ui-helper-hidden-accessible"></div><div role="log" aria-live="assertive" aria-relevant="additions" class="ui-helper-hidden-accessible"></div><div role="log" aria-live="assertive" aria-relevant="additions" class="ui-helper-hidden-accessible"></div><div role="log" aria-live="assertive" aria-relevant="additions" class="ui-helper-hidden-accessible"></div><div role="log" aria-live="assertive" aria-relevant="additions" class="ui-helper-hidden-accessible"></div><div role="log" aria-live="assertive" aria-relevant="additions" class="ui-helper-hidden-accessible"></div><div role="log" aria-live="assertive" aria-relevant="additions" class="ui-helper-hidden-accessible"></div><div role="log" aria-live="assertive" aria-relevant="additions" class="ui-helper-hidden-accessible"></div></body></html>